1604 2800
167 195 276 234 194
688 190 762 222 DE
794 190 994 222 AN1MA.

170 293 221 329 ita
249 287 452 333 afficimur,
484 290 526 324 ut
557 284 773 323 nesciamus
804 296 874 322 nos
905 281 1046 322 vidisse
1078 280 1168 335 quid
1198 280 1259 321 vel
1285 282 1505 336 audisse‚¹)

170 348 257 399 quia
277 344 368 384 alibi
388 343 507 382 fuerit
521 343 684 390 animus3
713 341 814 380 adeo
836 340 1079 388 contendam,
1107 339 1183 379 imo
1203 341 1322 394 ipsam
1343 341 1521 390 animam,

168 417 242 443 nec
266 402 410 442 vidisse
438 414 510 440 nec
537 399 703 446 audisse,
731 400 817 452 quia
844 400 935 438 alibi
962 398 1078 438 fuerit
1103 412 1187 437 cum
1214 412 1281 438 sua
1306 400 1356 447 vi,
1383 398 1422 438 id
1448 406 1509 439 est

169 463 309 501 animo.
349 460 446 498 Nam
480 466 519 498 et
545 472 656 511 quum
682 457 869 496 dementit
895 457 1023 504 homo,
1056 454 1249 496 dementit
1266 457 1405 504 anima,
1432 469 1509 496 non

168 513 460 573 peregrinante,
488 515 555 556 sed
583 517 844 569 compatiente
865 523 956 554 tunc
977 516 1116 554 animo.
1157 515 1337 554 Ceterum
1359 515 1510 554 animae

170 577 437 630 principaliter
474 588 584 614 casus
623 581 696 613 est.
770 572 854 612 Hoc
885 572 986 612 unde
1019 573 1216 612 firmatur?
1252 570 1354 625 quod
1385 573 1512 612 anima

171 635 347 686 digressa
373 646 446 672 nec
472 634 618 671 animus
644 633 682 671 in
708 631 862 670 homine
888 631 1123 679 inveniatur3
1157 631 1212 669 ita
1242 630 1344 670 illam
1370 630 1512 683 ubique

172 694 365 745 sequitur,
393 703 414 730 a
441 704 514 743 qua
540 703 613 729 nce
639 691 677 728 in
704 690 778 729 fine
805 689 1064 728 subremanet.
1116 687 1237 737 Quum
1261 701 1357 727 vero
1383 688 1514 740 sequi-

170 757 234 788 tur
259 757 298 788 ct
323 747 529 795 addicitur,
556 747 717 800 perinde
745 748 966 787 intellectus
991 747 1141 785 animae
1167 745 1373 794 addicitur,
1401 758 1514 798 quam

172 807 348 858 sequitur
383 806 556 851 animus,
602 806 663 843 cui
701 804 895 842 addicitur
932 805 1165 843 intellectus.
1246 802 1307 842 Sit
1343 815 1443 843 nunc
1476 809 1516 843 et

171 865 304 917 potior
329 875 444 901 sensu
469 862 704 907 intellectus,
739 868 779 899 et
804 863 935 912 potior
961 863 1143 912 cognitor
1167 868 1514 907 sacramentorum,

173 919 378 960 dummodo
406 927 446 959 et
471 920 553 971 ipse
580 919 740 971 propria
762 918 820 957 vis
845 918 1007 965 animae,
1043 917 1144 970 quod
1171 925 1211 957 et
1234 930 1380 957 sensus.
1443 916 1516 956 Ni·

171 980 227 1018 hil
254 991 337 1016 mea
364 979 541 1024 interest,
573 978 647 1015 nisi
673 989 758 1015 cum
785 974 934 1014 idcirco
961 976 1183 1027 praefertur
1207 977 1336 1014 sensui
1362 974 1517 1014 intelle-

175 1044 279 1083 ctus,
319 1042 358 1074 ut
390 1047 439 1074 ex
470 1035 545 1073 hoc
578 1046 729 1086 quoque
768 1034 989 1085 separatior
1026 1032 1232 1079 habeatur,
1271 1045 1347 1085 quo
1383 1033 1518 1086 potior

173 1093 396 1132 affirmatur.
474 1092 582 1130 Tunc
620 1092 711 1129 mihi
749 1097 837 1143 post
874 1088 1132 1129 differentiam
1171 1089 1287 1129 etiam
1325 1088 1516 1143 praelatio

174 1149 419 1190 retundenda
445 1157 518 1197 est,
550 1156 783 1201 perventura
811 1160 962 1201 quoque
987 1161 1106 1200 usque
1122 1150 1159 1197 2)
1191 1147 1239 1186 ad
1265 1148 1429 1200 potioris
1447 1146 1518 1187 dei

175 1209 479 1262 persuasionem.
542 1206 620 1246 Sed
647 1206 695 1245 de
724 1205 798 1244 deo
824 1219 893 1245 suo
921 1219 1071 1259 quoque
1105 1219 1254 1259 campo.
1273 1207 1520 1258 experiemur

177 1280 261 1305 cum
300 1266 523 1304 haereticis.
597 1265 710 1304 Nunc
743 1264 791 1303 de
824 1265 949 1303 anima
981 1264 1113 1302 titulus
1145 1270 1184 1302 et
1215 1264 1423 1303 intellectu
1439 1274 1518 1302 non

176 1323 363 1362 insidiose
390 1322 651 1375 praeferendo
679 1323 803 1361 locus.
867 1321 966 1361 Nam
993 1323 1066 1361 etsi
1092 1322 1246 1374 potiora
1278 1328 1384 1369 sunt,
1419 1332 1517 1374 quae

177 1380 379 1418 intellectu
405 1381 646 1431 attinguntur
669 1387 711 1418 ut
736 1380 938 1432 spiritalia,
967 1393 1079 1432 quam
1105 1392 1203 1432 quae
1229 1391 1344 1418 sensu
1367 1385 1411 1417 ut
1431 1390 1521 1418 cor·-

178 1437 342 1488 poralia,
369 1449 497 1474 rerum
524 1439 600 1475 erit
624 1437 835 1488 praelatio,
868 1438 1130 1476 sublimiorum
1156 1437 1311 1476 scilicet
1335 1435 1520 1476 adversus

179 1494 431 1539 humiliores,
475 1506 552 1531 non
596 1493 817 1532 intellectus
854 1493 1038 1533 adversus
1076 1508 1243 1534 sensum.
1318 1492 1520 1543 Quomodo

180 1552 281 1589 enim
319 1550 566 1602 praeferatur
601 1551 729 1589 sensui
766 1551 1005 1597 intellectus,
1040 1564 1062 1588 a
1094 1564 1168 1602 quo
1206 1552 1437 1590 informatur
1472 1550 1522 1590 ad

183 1609 446 1659 cognitionem
472 1608 703 1646 veritatum?
740 1605 781 1645 Si
808 1608 908 1646 enim
934 1608 1120 1646 veritates
1145 1620 1217 1660 per
1241 1608 1428 1659 imagines
1453 1621 1522 1660 ap-

181 1664 486 1718 prehenduntur,
513 1664 550 1703 id
579 1672 650 1712 est,
677 1664 882 1704 invisibilia
908 1678 979 1716 per
996 1665 1161 1703 visibilia
1183 1672 1405 1712 noscuntur,
1434 1666 1523 1718 quia

182 1730 223 1761 et
249 1723 446 1774 apostolus
471 1722 582 1760 nobis
608 1723 763 1761 scribit:
790 1722 996 1760 invisibilia
1022 1722 1121 1760 enim
1148 1723 1230 1761 eius
1255 1734 1278 1761 a
1298 1720 1522 1762 conditione

181 1779 312 1819 mundi
338 1778 386 1818 de
413 1780 688 1819 factitamentis
714 1779 914 1818 intellecta
945 1780 1193 1831 visuntur,³)
1224 1787 1264 1819 et
1288 1779 1399 1819 Plato
1429 1779 1524 1819 bae-

181 1838 389 1885 reticisx4)
423 1837 544 1876 facies
578 1838 817 1877 occultorum
844 1850 890 1876 ea
918 1850 1016 1890 quae
1047 1844 1254 1890 apparent,
1287 1844 1329 1877 et
1359 1838 1522 1876 net-Iesse

183 1908 269 1934 esse
297 1895 451 1934 omnino
479 1894 578 1934 hunc
605 1894 782 1934 mundum
809 1896 1014 1948 imaginem
1041 1894 1228 1947 quandam
1255 1908 1343 1938 esse
1362 1896 1523 1937 alterius

184 1953 367 2000 alicuius3
399 1951 602 2001 videtur5)
635 1953 857 1995 intellectus
889 1955 987 1994 ‹lnce
1014 1958 1066 1992 uti
1093 1969 1207 1995 sensu
1231 1963 1273 1995 et
1296 1963 1458 1996 auctore
1483 1962 1525 1996 et

183 2009 392 2065 principali
425 2009 691 2062 fundamento,
730 2027 802 2052 nec
840 2015 921 2053 sine
959 2013 1027 2052 illo
1063 2014 1248 2053 veritates
1284 2026 1398 2066 posse
1429 2026 1524 2052 con-

186 2071 297 2122 tingi.
367 2069 566 2118 Quomodo
599 2084 694 2123 ergo
726 2072 858 2124 potior
886 2072 961 2110 erit
992 2084 1058 2118 eo,
1096 2083 1167 2123 per
1197 2083 1306 2122 quem
1338 2077 1416 2118 est,
1449 2083 1522 2123 quo

186 2135 297 2178 eget,
332 2129 393 2168 cui
419 2127 537 2166 debet
561 2136 680 2168 totum
707 2128 809 2182 quod
834 2130 1015 2180 attingit?
1050 2128 1107 2167 Ita
1137 2135 1338 2181 utrumque
1364 2128 1523 2168 conclu-

187 2183 313 2232 ditur,
351 2198 476 2237 neque
504 2186 808 2238 vpraeferendum
846 2187 973 2226 sensui
1011 2186 1267 2234 intellectum,
1304 2198 1376 2238 per
1411 2198 1521 2238 quem

188 2243 287 2280 enim
321 2242 410 2294 quid
442 2250 613 2291 constat,
652 2245 812 2283 inferius
843 2245 927 2296 ipso
960 2250 1036 2291 est,
1070 2256 1196 2296 neque
1220 2241 1472 2297 separandum
1500 2255 1523 2281 a

190 2311 315 2347 sensu,
341 2313 413 2352 per
438 2300 540 2353 quod
565 2303 664 2340 enim
692 2301 781 2354 quid
807 2309 879 2350 est,
907 2314 990 2341 cum
1017 2302 1105 2354 ipso
1127 2308 1200 2341 est.
1437 2308 1442 2314 ’

192 2455 199 2462 ο
285 2410 321 2452 1)
341 2415 391 2444 lta
410 2415 524 2447 lorum
548 2426 567 2447 e
586 2426 651 2450 ms.
672 2418 805 2450 emenda
826 2418 964 2449 Vvouw.
985 2419 1110 2450 Antea:
1136 2417 1171 2448 ni
1197 2417 1373 2456 quando.
1420 2417 1518 2447 Nam

191 2460 250 2485 ita
283 2459 508 2501 efficiunt,
546 2466 588 2494 ut
619 2473 730 2494 nese.
756 2474 788 2495 n.
815 2474 845 2496 v.
872 2475 902 2503 q.
928 2465 992 2494 vel
1020 2464 1194 2496 audisse
1225 2473 1300 2495 nee
1331 2472 1413 2494 non
1444 2471 1519 2492 au-

192 2500 304 2532 disse
331 2506 397 2535 etc.
492 2507 530 2551 2)
554 2509 628 2548 Rig.
644 2513 903 2548 perventuro
929 2519 1072 2548 usque.
1145 2507 1182 2553 3)
1196 2510 1292 2540 Rom.
1307 2511 1338 2547 1,
1354 2509 1408 2539 20.
1480 2507 1519 2550 4)

192 2545 465 2587 Plat.'1'im.p.29
475 2562 522 2591 sq.
539 2564 568 2593 p.
586 2557 625 2585 37
642 2556 682 2586 D.
699 2565 746 2593 sq.
821 2556 856 2595 5)
871 2557 922 2586 lta
936 2556 1009 2595 Rig.
1023 2560 1057 2586 et
1071 2556 1192 2587 Seml.·
1213 2555 1286 2587 Gel.
1301 2555 1334 2586 et
1349 2554 1400 2586 c‘d.
1413 2553 1517 2585 Fran.

193 2590 265 2620 alt.
293 2593 498 2638 alicuine,
526 2603 565 2630 et
591 2602 697 2639 quod
726 2601 806 2632 sibi
834 2601 1003 2632 videtur
1026 2604 1093 2633 etc.
