1598 2794
127 169 193 206 12
280 168 356 200 DE
389 166 1025 200 PRAESCRIPTIONIBUS
1059 165 1309 200 HAERET.

127 276 205 301 non
242 269 330 314 post
367 260 677 313 disputationem.
746 258 860 298 Adeo
905 256 1106 297 interdixit
1142 256 1454 310 disputationem,

130 318 415 371 correptionem
430 317 634 368 designans
650 330 786 356 caussa
810 316 999 355 haeretici
1020 315 1288 363 conveniendi,
1316 323 1356 355 et
1379 316 1456 355 hoc

129 390 240 415 unam
266 376 429 421 scilicet,
457 376 544 426 quia
570 388 645 412 non
672 382 731 412 est
757 374 1009 419 Christianus,
1038 386 1085 411 ne
1112 386 1219 411 more
1247 373 1458 412 Christiani

129 434 247 471 semel
281 439 321 470 et
354 434 493 470 iterum
527 438 566 470 et
599 431 666 472 sub
695 431 842 470 duobus
868 438 934 469 aut
959 430 1080 469 tribus
1106 431 1313 480 testibus1)
1342 430 1459 469 casti-

129 488 275 540 gandus
299 488 518 535 videretur,
547 502 630 527 cum
646 489 694 526 ol)
721 489 795 527 hoc
822 489 871 526 sit
896 487 1155 538 castigandus,
1182 494 1343 540 propter
1357 485 1460 539 quod

128 561 205 584 non
231 547 280 584 sit
318 560 401 585 cum
439 547 505 584 illo
545 544 828 597 disputandum,
869 544 1008 583 deinde
1048 546 1225 596 quoniam
1251 545 1343 583 nihil
1369 557 1460 596 pro-

129 605 237 642 ficiat
268 604 494 654 congressio
529 604 823 654 scripturarum,
858 603 931 640 nisi
961 603 1074 654 plane
1107 609 1149 640 ut
1181 608 1247 640 aut
1271 601 1460 640 stomachi

131 662 213 712 quis
239 661 345 698 ineat
370 661 611 699 eversionem
638 668 703 699 aut
729 660 897 699 cerebri.

250 722 314 758 17.
367 717 446 756 Ista
477 718 650 756 haeresis
682 731 759 755 non
784 718 927 769 recipit
952 715 1131 768 quasdam
1158 717 1388 768 scripturas,
1421 722 1462 754 et

131 777 162 815 si
190 788 281 826 quas
318 776 477 826 recipit,
516 774 798 813 adiectionibus
837 782 876 813 et
914 773 1219 815 detractionibus
1256 773 1304 811 ad
1332 772 1459 824 dispo-

130 833 308 870 sitionem
335 833 497 870 instituti
530 833 855 878 sui'intervertit,
889 839 929 870 et
960 833 992 870 si
1018 833 1176 883 recipit,
1210 844 1287 869 non
1320 831 1462 882 recipit
1519 826 1522 827 ⁷

130 891 320 940 integras,
361 897 400 928 et
437 890 468 927 si
505 890 742 941 aliquatenus
778 890 951 940 integras
988 895 1178 940 praestat,
1218 888 1462 926 nihilominus

132 946 303 990 diversas
330 947 593 998 expositiones
626 954 882 985 commentata
914 948 1116 986 convertit.
1166 946 1328 984 Tantum
1359 946 1462 984 veri-

130 1005 201 1042 tati
235 1005 424 1056 obstrepit
454 1003 606 1042 adulter
631 1018 783 1051 sensus,
825 1011 1003 1055 quantum
1037 1011 1077 1042 et
1103 1010 1309 1055 corruptor
1334 996 1461 1050 stilus'3

130 1062 262 1100 variae
296 1063 628 1113 praesumptiones
666 1063 888 1100 necessario
921 1062 1106 1110 nolunt2)
1147 1073 1363 1112 agnoscere
1401 1073 1462 1106 ea,
1516 1074 1520 1076 “

129 1131 202 1169 per
228 1131 324 1170 quae
351 1119 614 1158 revincuntur.
668 1118 735 1156 His
761 1120 942 1165 nituntur,
971 1131 1067 1169 quae
1095 1132 1144 1156 ex
1174 1118 1277 1156 ‚falso
1306 1130 1464 1169 compo-

131 1182 289 1211 suerunt
326 1182 366 1212 et
402 1188 498 1225 quae
532 1174 579 1213 de
618 1175 866 1225 ambiguitate
905 1182 1103 1226 ceperunt.
1179 1173 1277 1222 Quid
1308 1187 1464 1226 promo-

129 1231 251 1277 vebis,
279 1232 601 1270 exercitatissime
628 1233 917 1283 scripturarum,
947 1245 1030 1270 cum
1057 1233 1086 1269 si
1116 1231 1205 1283 quid
1227 1230 1462 1278 defenderis,

131 1295 297 1338 negetur
322 1301 372 1326 ex
396 1287 569 1335 diverso,
604 1291 634 1327 si
668 1289 757 1340 quid
782 1290 1005 1340 negaveris,
1038 1288 1294 1329 defendatur?
1347 1287 1398 1326 Et
1423 1295 1466 1327 tu

133 1343 285 1395 quidem
318 1345 410 1382 nihil
442 1345 583 1396 perdes
616 1347 687 1383 nisi
712 1359 848 1384 vocem
881 1348 919 1384 in
946 1347 1216 1392 contentione,
1250 1345 1344 1384 nihil
1370 1358 1463 1385 con-

133 1402 308 1452 sequeris
334 1403 406 1440 nisi
430 1403 543 1440 vilem
571 1401 617 1440 de
643 1403 974 1454 blasphematione
1002 1402 1243 1452 laudem³³).‘

251 1463 316 1499 18.
368 1459 436 1497 Ille
456 1472 563 1506 vero,
591 1461 622 1498 si
649 1461 731 1511 quis
758 1467 828 1506 est,
858 1461 964 1498 cuius
992 1473 1127 1499 caussa
1153 1461 1191 1499 in
1213 1473 1462 1512 congressum

133 1514 339 1554 descendis
365 1517 660 1568 scripturarum,
694 1524 735 1555 ut
767 1530 851 1555 eum
884 1516 1120 1556 dubitantem
1155 1517 1380 1565 confirmes,
1414 1513 1473 1558 ad¹

131 1574 336 1611 veritatem
362 1588 409 1611 an
436 1575 557 1625 magis
583 1574 631 1612 ad
657 1574 840 1613 haereses
861 1574 1078 1626 deverget?
1095 1574 1193 1626 ,Hoc
1219 1577 1303 1628 ipso
1325 1582 1464 1623 motus,

134 1629 235 1680 quod
267 1637 304 1669 te
336 1631 467 1669 videat
510 1632 602 1670 nihil
633 1633 870 1684 promovisse
909 1631 1032 1684 aequo
1066 1632 1188 1683 gradu
1225 1632 1394 1684 negandi
1425 1639 1472 1672 etv

134 1684 386 1734 defendendi,
432 1688 583 1727 diversa
620 1697 730 1740 parte
769 1697 967 1736 statutum,
1013 1697 1119 1728 certe
1158 1697 1198 1728 et
1227 1691 1311 1742 pari
1347 1690 1465 1730 alter-

135 1745 288 1783 catione
315 1746 552 1795 incertiorff)
581 1746 775 1793 discedet,
802 1748 993 1793 nesciens,
1023 1760 1131 1798 quam
1159 1747 1337 1787 haeresin
1365 1746 1464 1786 iudi-

135 1809 212 1840 cet.
265 1802 371 1840 Haec
406 1805 534 1855 utique
567 1811 607 1842 et
639 1805 711 1855 ipsi
743 1804 955 1846 habentia
988 1818 1057 1842 nos
1089 1811 1332 1856 retorquere.
1382 1803 1465 1843 Ne·-

135 1871 243 1896 cesse
282 1867 341 1897 est
378 1861 478 1898 enim
517 1868 557 1899 et
593 1862 679 1899 illos
711 1859 862 1908 dicere,
901 1875 924 1900 a
961 1862 1071 1906 nobis
1109 1855 1465 1913 potiusadulteria

135 1917 423 1966 scripturarum,
451 1925 491 1956 et
511 1920 792 1970 expositionum
807 1918 1008 1958 mendacia
1033 1919 1181 1966 inferri,
1212 1920 1275 1971 qui
1299 1918 1464 1972 proinde

136 1969 208 2008 sibi
233 1972 441 2012 defendant
465 1977 681 2015 veritatem.
1202 2026 1205 2027 ⁷
1413 1976 1416 1977 ⁷

255 2031 320 2068 19.
370 2031 474 2081 Ergo
502 2047 578 2072 non
604 2034 653 2072 ad
681 2035 892 2087 scripturas
918 2034 1206 2087 provocandum
1238 2041 1297 2074 est
1328 2047 1400 2074 nec
1426 2036 1464 2073 in

136 2084 195 2122 llis
222 2085 528 2123 constituendum
554 2100 763 2140 certamen,
791 2094 829 2130 in
857 2093 991 2144 quibus
1017 2100 1082 2131 aut
1101 2093 1203 2131 nulla
1228 2099 1294 2132 aut
1313 2093 1465 2132 incerta

135 2142 301 2179 Victoria
334 2149 393 2180 est
429 2150 495 2180 aut
526 2158 656 2194 parum
675 2143 804 2188 certa.
854 2150 954 2189 Nam
980 2152 1054 2188 etsi
1087 2164 1162 2189 non
1194 2151 1246 2188 ita
1280 2149 1467 2189 evaderet

138 2199 294 2237 collatio
327 2200 619 2251 scripturarum,
652 2214 694 2240 ut
723 2214 919 2259 utramque
951 2215 1097 2259 partem
1131 2221 1262 2259 parem
1294 2209 1464 2255 sisteret,
1505 2221 1508 2224 ’

138 2255 234 2293 ordo
272 2269 400 2294 rerum
439 2256 685 2297 desiderabat
721 2261 808 2298 illud
848 2266 953 2317 prius
989 2267 1172 2317 proponi,
1225 2264 1326 2317 quod
1363 2277 1470 2316 nune⁴

229 2370 265 2414 1)
292 2373 415 2404 Matth.
442 2375 495 2414 18,
523 2375 577 2406 15.
603 2376 657 2406 16.
786 2375 822 2414 2)
848 2377 1002 2410 Rhenani
1026 2381 1078 2412 ed.
1104 2381 1146 2420 1.,
1174 2381 1272 2412 codd.
1296 2381 1402 2420 Agob.
1429 2381 1464 2410 et

136 2418 276 2448 Divion.
301 2419 463 2449 volunt.
548 2421 581 2458 3)
607 2420 737 2459 Gelen.,
764 2421 892 2452 Pamel.
918 2426 952 2453 et
977 2424 1059 2467 Rig„
1086 2427 1160 2457 sine
1187 2426 1285 2458 codd.
1305 2425 1463 2456 auctori-

136 2466 220 2501 tate,
243 2467 472 2495 correxerunt
490 2467 594 2496 verbo
620 2466 785 2497 laudem
813 2468 942 2499 deleto:
968 2469 1054 2499 nisi
1076 2473 1202 2503 bilem
1227 2472 1274 2502 de
1300 2471 1462 2510 blasph.

137 2507 175 2552 4)
203 2510 327 2548 Rigalt.
351 2511 513 2542 defend.
538 2512 720 2544 adversa
746 2516 882 2556 parte,
909 2516 1026 2546 statu
1053 2521 1167 2547 certe
1192 2517 1304 2559 pari,
1329 2516 1462 2548 alter-
1511 2527 1518 2533 “

139 2556 310 2587 catione
335 2557 483 2589 incert.
