1566 2808
372 204 497 236 ADv.
532 201 896 234 MARCIONEM
931 200 1110 233 LIBER
1146 203 1171 233 1.
1369 198 1438 237 55

112 298 318 343 animatur,
356 294 452 335 deos
482 296 843 347 pronuntiaverunt,
876 301 919 332 ut
941 294 1081 333 Thales
1113 306 1268 346 aquam,
1293 300 1335 331 ut
1360 291 1437 331 He-

111 355 271 405 raclitus
295 354 436 405 ignem,
463 360 504 391 ut
516 352 776 391 Anaximenes
802 355 947 399 ae'rem,
976 359 1019 390 ut
1040 350 1330 390 Anaximander
1354 352 1438 389 uni-

110 425 226 452 versa
249 411 450 457 coelestia,
477 418 518 449 ut
538 409 670 449 Strato
698 411 848 449 coelum
874 417 914 449 et
938 417 1094 456 terram,
1121 416 1162 447 ut
1186 409 1293 451 Zeno
1308 410 1438 447 a'e'rem

112 477 154 509 et
177 469 392 515 aetherem,
433 475 472 517 ut
496 467 605 506 Plato
639 467 785 514 sidera,
825 466 926 519 quod
953 481 1074 519 genus
1099 466 1259 505 deorum
1285 467 1439 517 igneum

111 526 300 581 appellat,
338 539 424 565 eum
456 525 504 564 de
537 525 696 572 mund0,
737 524 1019 564 considerando
1046 525 1199 569 scilicet
1223 531 1262 562 et
1292 524 1443 574 magniae

111 584 281 623 tudinem
301 591 341 622 et
358 585 433 622 vim
454 590 493 622 et
514 590 743 635 potestatem
766 591 805 622 et
825 584 1011 622 honorem
1034 589 1073 621 et
1087 581 1283 628 decorem,
1311 594 1437 633 opem,

111 641 244 688 tidem,
283 642 409 692 legem
447 642 681 692 singulorum
715 642 1009 686 elementorum,
1049 637 1350 691 quae⁵omnibus
1381 639 1440 688 gi-

113 697 294 751 gnendis,
333 697 508 744 valendis,
554 698 823 743 conficiendis,
867 696 1164 747 reficiendisque
1202 695 1439 747 conspirant,

114 763 158 794 ut
191 756 366 808 plerique
403 755 649 806 physicorum
686 753 995 799 formidaverint,
1046 754 1192 791 initium
1236 766 1282 790 ae
1326 752 1440 791 finem

101 811 251 860 ⁸mundo
284 818 464 850 constare
479 812 536 860 1),
571 824 618 850 ne
651 811 887 848 substantiae
921 811 1005 848 eius
1037 816 1166 848 tantae
1192 810 1346 850 scilicet
1370 810 1441 847 mi-

112 882 182 909 nus
220 868 274 908 dii
310 869 566 915 haberentur,
605 870 749 920 quas2)
783 868 916 907 colunt
947 874 987 906 et
1011 867 1214 907 Persarum
1240 867 1361 918 magi,
1400 873 1442 904 et

113 926 401 980 Aegyptiorum
437 926 735 978 hierophantae,
785 933 826 964 et
863 924 1042 964 Indorum
1080 925 1437 977 gymnosophistae.

112 983 202 1037 Ipsa
227 997 380 1036 quoque
399 985 569 1035 vulgaris
589 984 813 1036 superstitio
835 984 1046 1021 communis
1067 983 1327 1029 idololatriae,
1355 996 1439 1021 cum

111 1042 151 1080 in
175 1043 390 1080 simulacris
422 1041 469 1079 de
502 1042 716 1081 nominibus
754 1047 794 1079 et
825 1041 964 1079 fabulis
994 1048 1169 1080 veterum
1202 1047 1440 1078 mortuorum

111 1098 248 1152 pudet,
286 1098 335 1138 ad
360 1100 719 1151 interpretationem
750 1099 1166 1150 naturalium-refugit,
1205 1105 1246 1135 et
1271 1097 1441 1136 dedecus

113 1170 220 1196 snum
245 1157 404 1208 ingenio
431 1157 645 1203 obumbrat,
673 1157 841 1207 figurans
867 1155 996 1194 Iovem
1023 1157 1060 1194 in
1086 1156 1336 1194 substantiam
1362 1156 1441 1194 fer-

112 1212 238 1252 vidam
264 1221 305 1252 et
329 1214 512 1252 Iunonem
544 1215 626 1252 eius
651 1215 689 1251 in
715 1216 888 1260 ae‘ream,
916 1212 1125 1251 seeundum
1155 1226 1290 1251 sonum
1319 1211 1441 1251 Grae-

115 1284 248 1310 corum
282 1271 576 1317 vocabulorum,
616 1272 707 1309 item
737 1270 895 1309 Vestam
927 1271 965 1308 in
997 1271 1142 1321 ignem,
1182 1276 1221 1308 et
1253 1269 1440 1311 Camenas

113 1329 154 1367 iu
178 1341 314 1381 aquas,
353 1335 394 1367 et
416 1323 595 1380 Magnam
620 1328 783 1366 Matrem
815 1329 854 1367 in
886 1335 1028 1366 terram
1058 1328 1258 1366 seminalia
1291 1327 1441 1367 demes-

113 1399 212 1433 sam,
251 1387 407 1425 lacertis
444 1393 608 1430 aratam,
648 1386 812 1423 lavacris
843 1386 1018 1436 rigatam.
1082 1383 1148 1423 Sic
1181 1391 1221 1422 et
1246 1383 1372 1422 Osirin
1386 1386 1440 1432 ³),

114 1442 216 1496 quod
241 1456 394 1495 semper
417 1443 604 1494 sepelitur
623 1450 663 1480 et
687 1443 724 1480 in
743 1441 872 1480 vivido
899 1442 1102 1494 quaeritur
1122 1446 1163 1480 et
1187 1455 1272 1480 cum
1298 1441 1440 1493 gaudio

112 1501 325 1547 invenitur,
358 1502 645 1552 reciprocarum
677 1501 827 1550 frugum
860 1506 900 1538 et
923 1499 1135 1538 vividorum
1162 1499 1441 1537 elementorum

113 1563 155 1598 et
183 1557 347 1597 recidivi
377 1559 466 1595 anni
499 1557 611 1597 fidem
643 1564 976 1608 argumentantur,
1016 1558 1116 1595 sicut
1147 1556 1280 1595 aridae
1313 1564 1353 1595 et
1378 1570 1441 1595 ar—

113 1614 241 1655 dentis
273 1622 432 1654 naturae
465 1622 706 1653 sacramenta
739 1615 872 1653 leones
902 1614 1070 1653 Mithrae
1107 1615 1439 1666 philosophantur.

113 1672 166 1712 Et
188 1674 409 1725 superiores
436 1671 586 1725 quidem
607 1674 681 1711 situ
707 1679 772 1710 aut
797 1679 898 1710 statu
923 1672 1154 1710 substantias
1180 1672 1319 1710 sufficit
1343 1673 1440 1710 faci-

113 1730 187 1769 lius
212 1730 306 1769 deos
331 1731 492 1776 habitas,
520 1744 629 1782 quam
655 1729 729 1768 deo
750 1729 939 1780 indignas.
976 1728 1039 1767 Ad
1065 1729 1222 1767 humilia
1248 1729 1438 1768 deficiam.

117 1785 239 1834 Unus,
278 1788 433 1838 opinor,
472 1786 519 1825 de
558 1787 736 1838 saepibus
773 1787 971 1832 flosculus,
1010 1776 1086 1824 min
1112 1786 1200 1824 dico
1228 1785 1274 1824 de
1305 1788 1439 1838 pratis,

113 1856 190 1883 una
227 1844 430 1883 cuiuslibet
466 1845 580 1882 maris
619 1844 825 1890 conchula,
869 1857 946 1881 non
978 1841 1066 1881 dico
1105 1842 1152 1882 de
1190 1844 1327 1891 rubro,
1365 1858 1441 1883 una

113 1903 305 1940 tetraonis
330 1902 514 1954 pennula,
549 1909 665 1940 taceo
691 1900 738 1940 de
763 1915 880 1954 pavo,
913 1900 1109 1940 sordidum
1135 1902 1323 1941 artificem
1349 1915 1440 1954 pro-

114 1959 306 1998 nuntiabit
329 1960 399 1997 tibi
426 1961 668 1998 creatorem?
998 1958 1000 1960 ’

233 2021 298 2058 14.
348 2016 401 2055 At
426 2030 510 2056 cum
537 2024 577 2055 et
602 2016 781 2055 animalia
806 2015 946 2054 irrides
972 2017 1201 2064 minutiora,
1234 2030 1332 2069 quae
1359 2031 1439 2056 ma-

76 2096 79 2098 >
111 2075 236 2114 ximus
272 2075 415 2113 artifex
451 2073 499 2112 de
532 2074 719 2112 industria
755 2075 920 2125 ingeniis
958 2081 1024 2112 aut
1053 2075 1197 2113 viribus
1229 2076 1437 2127 ampliavit,

113 2132 170 2171 sic
196 2131 494 2184 magnitudinem
521 2133 558 2170 in
584 2131 851 2171 mediocritate
882 2131 1039 2183 probari
1066 2132 1229 2180 docens,
1257 2132 1439 2185 quemad-

114 2188 265 2228 modum
289 2191 468 2229 virtutem
494 2191 532 2228 in
559 2189 780 2228 infirmitate
806 2190 1014 2229 secundum
1039 2191 1255 2243 apostolum
1269 2192 1327 2239 4):
1355 2192 1439 2228 imi-

114 2252 219 2293 tare,
257 2247 444 2299 si‘potes,
483 2248 565 2299 apis
595 2246 793 2294 aedificia,
831 2249 1018 2287 formicae
1055 2249 1229 2295 stabula,
1270 2260 1438 2286 araneae

113 2304 232 2350 retia,
270 2303 471 2356 bombycis
503 2306 681 2352 stamina,
719 2306 881 2352 sustine,
908 2307 939 2344 si
970 2313 1100 2357 potes,
1139 2306 1224 2343 illas
1255 2306 1356 2356 ipsas
1383 2305 1439 2343 le-

114 2361 208 2399 ctuli
240 2367 280 2398 et
311 2363 452 2412 tegetis
483 2369 572 2400 tuae
603 2362 768 2407 bestias,
808 2362 1044 2401 cantharidis
1076 2375 1243 2407 venena,
1284 2374 1437 2400 muscae

112 2418 279 2470 spicula,
309 2419 444 2457 culicis
475 2426 515 2457 et
539 2419 667 2457 tubam
694 2426 734 2457 et
758 2419 944 2458 lanceam.
980 2420 1115 2467 Qualia
1140 2426 1254 2458 erunt
1277 2420 1436 2466 maiora,

207 2553 244 2594 1)
270 2555 346 2595 Rig.
372 2556 482 2586 dare.
583 2555 620 2594 2)
647 2556 752 2587 Rhen.
773 2557 823 2587 ed.
843 2558 866 2587 1.
893 2566 1006 2596 quon.
1116 2556 1152 2597 3)
1177 2557 1285 2590 Rhen.
1305 2559 1340 2589 et
1359 2558 1437 2598 Rig.

114 2599 265 2631 osiris.
359 2603 396 2642 4)
424 2603 604 2640 2Cor.12,
621 2604 650 2634 5.
1115 2607 1119 2610 '
