1604 2800
173 189 281 227 loo
687 184 762 217 DE
793 183 994 218 ΑΝιΜΑ.

174 283 337 323 infantia
362 280 470 332 ligni,
498 291 572 332 quo
598 280 720 330 magis
739 279 915 326 hominis,
943 278 1051 317 cuius
1071 278 1198 316 anima
1215 277 1321 317 velut
1338 277 1514 318 surculus

176 340 328 393 quidam
355 351 405 378 ex
429 337 591 376 matrice
615 335 740 376 Adam
767 337 805 375 i‘n
830 337 1084 389 propaginem
1110 334 1278 376 deducta
1303 342 1345 376 et
1362 337 1516 389 genita-

174 398 273 437 libus
310 397 477 436 feminae
517 395 642 434 foveis
679 393 945 433 commendata
984 407 1068 433 cum
1102 394 1203 433 omni
1231 407 1304 433 sua
1333 400 1516 447 paratura

173 455 376 508 pullulabit
396 461 472 492 tam
498 453 697 492 intellectu
725 465 834 505 quam
861 459 901 492 et
925 454 1064 492 sensu?
1091 451 1275 500 Mentior,
1301 453 1424 492 sinon
1438 458 1517 492 sta-

173 516 241 552 tim
268 510 406 558 infans,
433 518 475 550 ut
498 511 615 550 vitam
640 511 773 562 vagitu
797 510 998 557 salutavit,
1031 510 1106 549 boc
1138 511 1260 562 ipsum
1286 522 1328 550 se
1354 517 1519 550 testatur

175 572 342 610 sensisse
381 577 495 621 atque
533 569 793 615 intellexisse,
833 567 935 621 quod
972 575 1083 607 natus
1121 575 1199 616 est,
1239 580 1370 608 omnes
1407 568 1518 607 simul

175 628 318 668 ibidem
351 626 536 666 dedicans
569 639 721 674 sensus,
761 633 801 665 et
834 627 919 666 luce
951 626 1070 665 visum
1098 633 1138 665 et
1162 639 1257 665 sono
1283 624 1453 666 auditum
1479 631 1521 666 et

175 688 336 725 humore
357 693 506 737 gustum
527 691 568 723 et
587 687 679 723 ae're
707 683 910 723 odoratum
936 691 977 724 et
996 691 1101 723 terra
1122 691 1277 724 tactum.
1317 683 1376 723 Ita
1395 684 1520 737 prima

175 745 243 782 illa
267 757 343 782 vox
369 742 416 781 de
442 743 575 794 primis
600 755 778 781 sensuum
802 742 964 781 vocibus
984 749 1024 781 et
1045 741 1093 781 de
1107 742 1240 795 primis
1254 741 1520 781 intellectuum

176 801 349 853 pulsibus
377 801 543 850 cogitur.
606 799 694 838 Plus
720 807 798 846 est,
833 799 934 851 quod
962 799 1009 839 de
1036 807 1246 853 prospectu
1271 799 1520 839 lacrimabilis

177 860 280 897 vitae
308 856 458 910 quidam
485 869 669 907 augurem
701 856 1031 895 incommodorum
1062 871 1199 896 vocem
1225 858 1328 896 illam
1352 856 1520 897 flebilem

176 917 497 968 interpretantur,
526 927 599 965 quo
627 914 741 952 etiam
767 915 992 965 praesciens
1014 913 1192 953 habe-uda
1212 915 1263 953 sit
1281 914 1329 953 ab
1342 915 1522 966 ingressu

178 973 410 1019 nativitatis,
450 970 589 1010 nedum
622 971 856 1022 intelligens.
929 970 1082 1010 Exinde
1114 979 1156 1010 et
1186 978 1347 1011 matrem
1384 971 1522 1024 spiritu

175 1031 338 1084 probat,
378 1036 417 1068 et
448 1029 637 1067 nutricem
676 1030 812 1081 spiritu
850 1030 1062 1075 examinat,
1101 1036 1142 1067 et
1177 1028 1350 1080 gerulam
1386 1029 1524 1082 spiritu

180 1089 372 1140 agnoscit,
399 1087 551 1138 fugiens
577 1093 764 1125 extranea
788 1086 922 1132 ubera,
950 1093 990 1125 et
1008 1099 1193 1125 recusans
1212 1087 1347 1138 ignota
1366 1086 1523 1134 cubilia,

179 1153 219 1184 et
245 1146 435 1184 neminem
467 1151 654 1197 appetens
685 1145 758 1182 nisi
785 1157 834 1182 ex
858 1157 941 1183 usu.
1010 1143 1120 1183 Unde
1152 1144 1207 1183 illi
1239 1143 1421 1183 iudicium
1453 1157 1524 1183 no-

179 1204 310 1242 vitatis
335 1210 376 1241 et
400 1203 531 1249 moris,
558 1203 589 1240 si
616 1215 691 1240 non
718 1203 843 1254 sapit?
872 1200 975 1241 unde
1000 1202 1057 1240 illi
1082 1209 1121 1240 et
1147 1200 1290 1241 offendi
1317 1209 1357 1241 et
1376 1201 1524 1242 demul-

182 1262 277 1307 ceri,
305 1261 336 1298 si
362 1274 438 1298 non
464 1260 673 1311 intelligit?
731 1259 869 1298 Mirum
896 1260 1008 1307 satis,
1040 1266 1083 1298 ut
1107 1260 1268 1298 infantia
1294 1260 1524 1299 naturaliter

182 1320 355 1357 animosa
381 1319 431 1355 sit
456 1331 531 1356 non
558 1318 705 1356 habens
730 1319 908 1365 animum,
936 1325 976 1357 et
1002 1318 1232 1357 naturaliter
1251 1317 1458 1357 affectiosa*
1475 1318 1526 1356 sit

181 1389 261 1413 non
286 1375 432 1413 habens
457 1375 710 1413 intellectum.
748 1374 802 1413 At
827 1377 927 1415 enim
944 1375 1118 1414 Christus
1139 1389 1189 1415 ex
1208 1388 1277 1415 ore
1300 1375 1524 1415 lactentium

183 1439 224 1470 et
250 1431 492 1483 parvulorum
519 1431 763 1482 expediendo
790 1432 940 1471 laudem
973 1446 1046 1472 nec
1074 1434 1276 1485 pueritiam
1302 1446 1375 1473 nec
1399 1433 1526 1472 infan-

183 1489 278 1526 tiam
306 1488 467 1526 hebetes
492 1489 767 1539 pronuntiavit,
801 1502 958 1540 quarum
985 1491 1108 1529 altera
1135 1505 1219 1530 cum
1246 1491 1430 1543 suffragio
1457 1502 1526 1529 oe-

187 1558 348 1584 currens
373 1546 631 1583 testimonium
657 1547 694 1583 ei
720 1547 844 1597 potuit
870 1546 1033 1593 offerre,
1071 1548 1196 1586 altera
1225 1561 1296 1599 pro
1334 1550 1420 1600 ipso
1444 1555 1527 1587 tm-

187 1601 316 1641 cidata
340 1603 471 1654 utique
496 1603 570 1640 vim
598 1603 729 1642 sensit.

303 1661 428 1707 20.¹)
491 1658 542 1697 Et
579 1659 641 1698 hic
678 1661 808 1712 itaque
848 1660 1129 1708 concludimus,
1169 1662 1297 1700 omnia
1332 1662 1526 1701 naturalia

186 1719 335 1756 animae
361 1724 403 1755 ut
428 1716 664 1755 substantiva
690 1719 772 1756 eius
798 1719 870 1769 ipsi
891 1719 1018 1757 inesse
1040 1726 1081 1757 et
1101 1731 1183 1758 cum
1203 1719 1287 1770 ipsa
1305 1718 1525 1771 procedere

186 1781 300 1827 atque
338 1774 551 1826 proficere,
590 1787 640 1813 ex
671 1788 745 1827 quo
777 1777 860 1828 ipsa
892 1783 1087 1816 censetur.
1161 1775 1272 1815 Sicut
1301 1783 1342 1816 et
1373 1775 1527 1816 Seneca

186 1845 305 1884 saepe
331 1839 484 1870 noster:
526 1833 640 1870 insita
678 1840 765 1872 sunt
795 1833 906 1872 nobis
938 1835 1103 1873 omnium
1129 1835 1267 1873 artium
1293 1841 1334 1873 et
1357 1841 1527 1874 aetatum

186 1891 352 1937 semina,
390 1890 650 1942 magisterque
684 1903 734 1930 ex
765 1891 920 1930 occulto
953 1890 1047 1931 deus
1083 1890 1267 1944 producit
1301 1892 1524 1943 ingenia,²)

187 1961 238 1986 ex
262 1947 469 1986 seminibus
495 1947 649 1986 scilicet
673 1949 798 1987 insitis
824 1956 864 1987 et
889 1950 1053 1988 occultis
1077 1962 1150 2002 per
1174 1950 1393 1997 infantiam,
1426 1961 1525 2002 quae

124 2020 127 2025 ·
187 2012 275 2043 sunt
312 2012 353 2044 et
388 2005 622 2043 intellectus.
707 2006 769 2044 Ex
804 2006 862 2045 his
900 2008 1000 2046 enim
1043 2005 1310 2059 producuntur
1351 2007 1523 2058 ingenia.

187 2062 312 2101 Porro
338 2069 380 2100 ut
403 2062 555 2113 frugum
582 2064 790 2102 seminibus
814 2077 890 2103 una
915 2065 1072 2116 generis
1098 2065 1280 2116 cuiusque
1306 2064 1432 2103 forma
1450 2070 1524 2112 est,

186 2132 393 2171 processus
413 2126 541 2158 tamen
560 2122 670 2169 varii,
697 2122 773 2160 alia
798 2123 952 2173 integro
979 2129 1081 2160 statu
1105 2120 1285 2168 evadunt,
1312 2121 1389 2160 alia
1407 2122 1524 2161 etiam

186 2177 350 2215 meliora
387 2176 641 2229 respondent,
680 2180 757 2218 alia
795 2179 1037 2230 degenerant
1066 2192 1137 2231 pro
1170 2178 1395 2218 conditione
1421 2179 1524 2218 coeli

188 2241 229 2271 et
253 2235 338 2281 soli,
364 2247 435 2286 pro
458 2236 613 2274 ratione
641 2238 769 2287 operis
794 2244 834 2276 et
860 2250 996 2284 curae,
1028 2250 1098 2289 pro
1130 2239 1343 2289 temporum
1369 2242 1522 2282 eventu,

187 2303 259 2340 pro
286 2292 444 2330 licentia
470 2304 643 2341 casuum3
670 2295 724 2332 ita
750 2302 789 2333 et
814 2296 974 2333 animam
996 2294 1130 2333 licebit
1141 2295 1180 2343 ³)
1212 2295 1356 2333 semine
1376 2294 1524 2332 unifor-

190 2359 300 2393 mem,
333 2348 414 2387 fetu
439 2351 723 2390 multiformem.
785 2351 885 2391 Nam
911 2359 951 2391 et
975 2352 1038 2391 hic
1065 2353 1179 2391 etiam
1206 2351 1254 2391 de
1281 2352 1378 2390 locis
1401 2351 1523 2390 inter·

285 2492 321 2536 1)
338 2497 417 2536 Cap.
432 2500 486 2529 20.
500 2501 554 2531 21.
570 2502 604 2532 et
617 2503 671 2533 22.
688 2502 722 2534 in
737 2502 843 2533 Rhen.
858 2505 892 2534 et
906 2503 977 2534 Gel.
992 2503 1066 2534 edd.
1079 2501 1247 2541 inscripta
1261 2501 1356 2533 sunt:
1381 2500 1439 2531 De
1456 2509 1521 2531 ce-

190 2538 297 2569 teris
323 2546 595 2577 naturalibus
633 2548 810 2581 animae.
906 2550 942 2589 2)
958 2550 1093 2582 Seneca
1111 2549 1152 2579 de
1171 2548 1282 2579 benef.
1300 2547 1382 2587 4,(5.
1483 2546 1520 2586 3)

192 2583 353 2616 Fortasse
376 2589 505 2621 excidit
525 2601 554 2622 v.
575 2603 679 2625 esse.
