1604 2800
155 218 261 257 310
607 217 1037 251 Anv.1unAEos.

155 314 273 366 prim,
300 307 440 349 dehinc
465 309 599 362 pannis
625 311 773 357 armati,
801 316 840 349 et
863 310 1004 363 butyro
1029 308 1271 363 stipendiati,
1306 312 1368 366 qui
1393 319 1482 352 ante

156 371 284 408 norint
309 368 503 414 lanceare,
532 380 641 419 quam
668 367 878 407 lancinare.
916 368 1123 407 Enimvero
1149 370 1182 407 si
1206 370 1388 422 nus‘quam
1407 369 1482 409 hoc

156 434 293 465 natura
324 424 522 472 concedit,
562 431 650 464 ante
687 426 872 474 militare,
911 439 1020 478 quam
1050 427 1174 465 virum
1203 426 1356 474 facere,
1394 433 1484 466 ante

154 485 334 522 virtutem
360 482 537 521 Damasci
563 495 726 526 sumere,
760 496 869 534 quam
895 490 1042 535 patrem
1068 496 1195 531 nosse,
1228 485 1413 536 sequitur,
1445 490 1488 523 ut

157 541 321 592 figurate
348 540 631 592 pronuntiatum
657 537 844 579 videatur.
896 540 973 579 Sed
999 547 1039 579 et
1062 542 1264 592 virginem,
1299 540 1488 593 inquiunt,

155 611 294 650 parere
331 604 467 636 natura
503 610 579 635 non
615 598 778 650 patitur,
817 605 856 636 et
887 604 1013 637 tamen
1047 597 1283 638 credendum
1313 605 1373 637 est
1396 611 1488 650 pro·-

156 655 310 707 phetae.
359 653 409 692 Et
434 656 584 693 merito.
641 654 882 693 Praestruxit
907 656 1006 694 enim
1033 655 1146 696 fidem
1172 653 1391 695 incredibili
1415 655 1488 702 rei,

157 711 342 759 dicendo,
382 711 482 763 quod
514 713 661 763 signum
694 719 798 751 esset
828 713 1006 751 futurum.
1081 712 1315 765 Propterea,
1354 712 1490 765 inquit,

158 768 310 808 dabitur
344 769 453 807 vobis
490 770 651 820 signum.
724 769 831 808 Ecce
867 771 979 822 virgo
1018 771 1214 823 concipiet
1243 771 1283 809 in
1312 777 1425 809 utero
1452 775 1493 808 et

157 827 284 876 pariet
320 825 449 863 lilium.
536 825 693 876 Signum
732 833 857 864 autem
895 840 918 864 a
955 826 1029 865 deo
1068 829 1140 866 nisi
1178 828 1328 867 novitas
1365 826 1494 879 aliqua

158 888 400 921 monstruosa
438 881 595 926 fuisset,
638 883 786 931 signum
825 896 900 920 non
937 883 1147 922 videretur.
1231 884 1407 935 Denique
1445 883 1491 929 si,

160 937 310 990 quando
336 936 385 975 ad
411 936 651 975 delicie-udos
684 938 832 989 aliquos
858 938 905 976 ab
931 939 1003 977 hac
1039 938 1166 978 divina
1196 939 1492 992 praedicatione

157 995 219 1033 vel
246 1000 475 1033 convertere
504 995 710 1044 [singulos]
738 995 931 1046 simplices
958 1009 1127 1047 quosque
1147 997 1311 1047 gestitis,
1337 996 1492 1035 mentiri

159 1050 327 1097 audetis,
362 1051 468 1101 quasi
501 1063 576 1088 non
607 1051 813 1101 virginem,
846 1050 914 1089 sed
946 1052 1184 1091 iuvenculam
1218 1059 1494 1104 concepturam

159 1115 200 1147 et
230 1108 438 1159 parituram
465 1108 657 1159 scriptura
683 1108 902 1146 contineat:
942 1108 1031 1146 hinc
1058 1121 1209 1161 quoque
1234 1109 1490 1156 revincimini,

160 1164 262 1218 quod
293 1164 385 1202 nihil
417 1165 517 1215 signi
555 1163 678 1203 videri
716 1165 837 1216 possit
874 1177 937 1204 res
975 1165 1217 1217 quotidiana,
1262 1165 1493 1205 iuvenculae

160 1222 312 1261 scilicet
336 1229 569 1273 praegnatus
596 1228 636 1260 et
659 1229 803 1274 partus.
866 1221 907 1260 ln
933 1223 1082 1274 signum
1109 1236 1204 1275 ergo
1230 1222 1342 1262 nobis
1366 1223 1496 1276 posita

159 1280 414 1330 virgomater
434 1280 571 1317 merito
593 1277 776 1326 creditur,
803 1279 928 1318 infans
951 1293 1046 1319 vero
1071 1280 1240 1320 bellator
1258 1293 1335 1318 non
1355 1292 1495 1332 aeque.

162 1335 253 1374 Non
279 1336 379 1373 enim
406 1342 446 1374 et
470 1336 533 1375 hic
560 1337 660 1387 signi
687 1337 786 1375 ratio
812 1344 1006 1385 versatur,
1039 1337 1108 1377 sed
1140 1339 1250 1389 signo
1283 1337 1498 1375 nativitatis

163 1405 286 1430 novae
312 1391 522 1443 adscripto,
550 1392 691 1432 exinde
717 1401 804 1446 post
829 1395 977 1445 signum
1004 1395 1100 1433 alius
1125 1396 1199 1434 iam
1221 1393 1318 1433 ordo
1338 1393 1498 1432 infantis

164 1447 331 1486 edicitur
362 1449 436 1486 mel
469 1456 508 1486 et
538 1449 714 1500 butyrum
741 1450 1019 1490 manducaturi.
1085 1451 1172 1491 Nec
1198 1452 1272 1491 hoc
1299 1451 1430 1503 utique
1455 1451 1496 1489 in

165 1505 312 1553 signum
344 1510 421 1550 est3
460 1511 501 1541 et
530 1505 605 1542 hoc
638 1507 736 1543 enim
768 1507 952 1545 infantiae
984 1515 1054 1546 est.
1129 1507 1210 1547 Sed
1246 1515 1498 1560 accepturum

165 1560 346 1598 virtutem
372 1558 549 1598 Damasci
576 1567 615 1597 et
640 1562 763 1612 spolia
789 1561 987 1601 Samariae
1013 1563 1197 1603 adversus
1221 1578 1354 1615 regem
1374 1564 1497 1616 Assy-

166 1617 329 1662 riorum,
368 1615 443 1654 hoc
470 1623 528 1654 est
554 1617 727 1656 mirabile
753 1619 914 1668 signum.
977 1618 1139 1659 Servate
1165 1620 1317 1658 modum
1342 1622 1498 1666 aetatis,

167 1679 207 1711 et
227 1673 400 1724 quaerite
421 1685 570 1710 sensum
592 1672 905 1725 praedicationis,
931 1677 1007 1713 imo
1029 1676 1180 1715 reddite
1201 1677 1371 1724 veritati,
1397 1688 1499 1729 quae

168 1728 331 1768 credere
357 1742 433 1767 non
458 1730 590 1776 vultis,
624 1737 663 1768 et
687 1737 763 1768 tam
789 1731 1018 1782 intelligitur
1042 1733 1266 1784 prophetia,
1299 1746 1409 1786 quam
1434 1745 1500 1772 re-

167 1787 364 1825 nuntiatur
388 1788 644 1838 expuncta.1)
693 1786 877 1826 Maneant
888 1789 928 1838 2)
954 1790 1054 1827 enim
1081 1790 1289 1829 orientales
1315 1790 1369 1829 illi
1394 1791 1502 1842 magi

168 1844 365 1882 infantiam
381 1843 535 1891 Christi,
561 1850 604 1882 ut
627 1856 759 1895 regem
775 1845 812 1894 3)
837 1858 945 1892 auro,
972 1846 1084 1885 thure
1099 1854 1138 1885 et
1152 1847 1306 1900 myrrha
1320 1859 1499 1886 remune-

169 1907 317 1947 rantes,
336 1902 375 1949 4)
421 1907 461 1939 et
502 1903 701 1953 acceperit
718 1902 754 1950 ⁵)
805 1902 930 1941 infans
971 1904 1149 1942 virtutem
1193 1904 1373 1944 Damasci
1415 1904 1498 1943 sine
1519 1940 1521 1943 .

169 1959 319 2010 proelio
346 1965 386 1996 et
411 1958 539 1999 armis.
610 1958 709 1998 Nam
745 1967 903 2011 praeter
924 1959 1040 2012 'quod
1074 1961 1247 2000 omnibus
1273 1968 1402 2000 notum
1427 1967 1501 2009 est,

172 2014 341 2053 Orientis
371 2016 570 2064 virtutem,
607 2015 646 2054 id
684 2023 743 2054 est
777 2017 898 2064 vires,
936 2030 1030 2056 auro
1062 2025 1102 2056 et
1132 2017 1315 2057 odoribus
1350 2018 1501 2070 pollere

172 2072 335 2118 solitam,
363 2079 509 2111 certum
535 2073 643 2123 estss)
670 2080 710 2112 et
734 2086 784 2112 ex
809 2073 944 2112 (livinis
969 2076 1181 2127 scripturis,
1205 2077 1386 2115 virtutem
1407 2087 1502 2127 quo-

173 2141 245 2180 que
267 2136 481 2168 ceterarum
501 2132 671 2181 gentium
696 2143 827 2169 aurum
853 2133 1107 2179 constituere,
1145 2134 1245 2171 sicut
1270 2131 1502 2184 perZacha·

172 2187 267 2224 riam
305 2185 417 2226 dicit:
456 2194 495 2226 et
530 2186 644 2226 Iudas
679 2187 899 2239 praetendit
934 2187 1131 2240 Israel‚‘¹)
1169 2196 1210 2229 et
1246 2188 1502 2241 congregabit

269 2279 304 2318 1)
325 2279 381 2310 Sic
398 2280 472 2310 cod.
485 2279 596 2318 Fuld„
610 2280 662 2311 ed.
677 2280 779 2312 Fran.
793 2284 827 2311 et
841 2282 935 2320 Rig.;
959 2281 1068 2312 Rhen.
1087 2290 1161 2320 pro
1171 2281 1317 2320 phetia
1340 2288 1502 2311 renun-

176 2324 303 2364 tiata,
336 2334 455 2363 quam
482 2325 680 2355 creditur
706 2329 936 2365 expuncta..
983 2327 1116 2358 Deinde
1141 2327 1267 2357 Rhen.
1293 2326 1423 2357 addidit
1447 2335 1502 2358 vv.

179 2370 355 2408 Accepit
388 2370 585 2401 christun
628 2370 771 2402 infans
811 2371 1019 2403 virtutem
1053 2372 1254 2404 Damasci
1286 2374 1329 2403 et
1361 2371 1502 2411 npolitt

182 2416 269 2445 Sam
281 2416 409 2445 ariae.
459 2416 557 2451 Quae
571 2425 624 2447 vv.
637 2425 706 2446 non
721 2418 801 2447 nunt
815 2418 851 2448 in
866 2418 940 2449 cod.
952 2419 1050 2450 Fuld.
1064 2421 1099 2449 et
1110 2419 1202 2458 apud
1216 2418 1288 2457 Rig.
1362 2417 1400 2456 2)
1421 2415 1501 2447 cml.

180 2459 293 2491 1³·u1d.:
311 2459 561 2492 Credantur.
621 2460 660 2504 3)
674 2461 746 2501 Rig.
766 2462 840 2493 inf.
861 2463 950 2494 Chr.
969 2466 1198 2495 recentem.
1263 2461 1298 2502 4)
1312 2460 1502 2493 onasum.

180 2506 214 2534 et
232 2505 305 2544 Rig.
326 2515 429 2538 auro
447 2509 488 2538 et
507 2508 602 2538 ture
623 2510 909 2540 munerante..
985 2508 1022 2552 5)
1036 2511 1177 2541 Praeter
1189 2509 1262 2548 mg.
1276 2508 1498 2540 edmomnes:

182 2551 360 2589 accepit.
445 2551 483 2596 6)
504 2554 555 2583 lta
569 2553 642 2592 Rig.
657 2562 676 2583 e
697 2553 792 2583 codd.
811 2553 911 2587 Fuld.
934 2556 968 2585 et
987 2557 1143 2594 VVouw.;
1164 2556 1270 2586 Rhen.
1292 2554 1411 2584 certe
1437 2553 1502 2582 ent

184 2597 372 2628 creatori
393 2599 458 2629 etc.
552 2596 591 2641 7)
616 2599 678 2630 Ed.
699 2599 799 2629 Fran.
819 2602 855 2631 et
872 2600 946 2639 Rig.
969 2602 1196 2640 pertendet
1221 2596 1502 2629 Hierusalem.
