1624 2826
214 181 315 218 288
471 181 592 213 ADV.
629 180 993 212 MARCIONEM
1028 179 1204 210 LIBER
1239 177 1280 209 V.

215 276 288 314 iam
321 281 455 326 operta
487 281 527 313 et
555 275 681 312 velata
712 272 835 312 adhuc
875 271 1108 311 denotantur
1145 269 1265 310 corda
1295 267 1536 316 Iudaeorum,

215 331 380 371 nondum
407 332 587 370 exhibitis
612 330 964 382 praedicationibus
977 330 1118 381 Moysi,
1145 327 1181 367 id
1210 335 1268 366 est
1293 326 1342 366 de
1369 327 1537 374 Christo,

214 391 253 428 in
279 403 352 441 quo
379 390 709 456 eumintelligere
736 387 950 426 deberent?
975 386 1063 439 quid
1089 385 1137 425 ad
1164 385 1378 438 apostolum
1395 384 1539 424 Christi

215 448 390 494 alterius,
435 448 466 484 si
504 445 566 484 dei
598 447 654 484 sui
691 452 934 484 sacramenta
971 444 1104 484 Iudaei
1142 457 1218 482 non
1256 441 1537 494 intelligebant,

214 506 285 543 nisi
319 505 405 556 quia
435 505 609 542 velamen
643 502 772 542 cordis
811 503 962 541 illorum
995 502 1043 540 ad
1075 502 1324 547 caecitatem,
1364 513 1436 552 qua
1462 513 1539 538 non

213 569 492 614 perspexerant
518 561 708 599 Christum
747 560 899 613 Moysi,
932 558 1177 612 pertinebat?
1225 557 1400 610 Denique
1438 555 1540 610 quod

213 621 407 671 sequitur?
456 619 547 657 Cum
579 631 673 657 vero
707 619 945 657 couverterit
969 617 1018 657 ad
1044 617 1174 663 deum,
1213 616 1411 655 auferetur
1434 615 1541 655 vela-

213 677 357 724 men.1)
422 676 504 714 Hoc
532 675 675 714 Iudaeo
701 677 857 728 proprie
884 675 990 723 dicit,
1023 674 1122 727 apud
1150 687 1260 726 quem
1286 681 1326 713 et
1350 680 1411 712 est
1432 672 1540 712 vela-

214 747 299 772 men
324 733 468 784 Moysi,
508 735 569 783 qui
602 747 686 771 cum
718 734 917 771 transierit
947 734 985 771 in
1012 732 1124 771 fidem
1157 732 1320 779 Christi,
1358 730 1541 782 intelligit

213 790 376 842 Moysen
409 789 457 828 de
486 789 638 828 Christo
670 789 929 841 praedicasse.
993 790 1173 827 Ceterum
1207 787 1397 840 quomodo
1431 788 1540 826 aufe·

213 855 320 886 retur
349 848 602 885 velamentum
636 848 825 885 creatoris
862 848 899 884 in
933 846 1087 884 Christo
1120 845 1183 884 dei
1214 846 1391 891 alterius,
1432 845 1538 883 cuius

213 911 453 943 sacramenta
488 905 636 942 velasse
675 918 751 942 non
794 905 918 956 potuit
962 911 1140 950 creator,
1197 903 1319 954 ignoti
1355 900 1541 941 videlicet

211 963 370 1013 ignota?
417 961 522 1007 Dicit
553 975 666 1012 ergo,
706 975 775 999 nos
807 962 880 1000 iam
913 968 1047 1012 aperta
1073 961 1194 1006 facie,
1234 960 1364 1011 utique
1393 957 1536 1005 cordis,

212 1019 312 1071 quod
336 1019 500 1058 velatum
528 1027 586 1057 est
611 1020 646 1056 in
674 1018 838 1066 ludaeis,
866 1019 1169 1070 contemplantes
1185 1017 1375 1055 Christum
1402 1013 1553 1055 eadem'

209 1078 375 1126 imagine
404 1076 666 1127 transfigurari
692 1089 714 1114 a
740 1077 878 1126 gloria,
906 1089 978 1127 qua
1004 1077 1156 1114 scilicet
1170 1081 1208 1113 et
1227 1074 1386 1126 Moyses
1410 1080 1536 1112 trans-

209 1133 447 1184 figurabatur
472 1147 492 1170 a
520 1134 644 1184 gloria
671 1132 827 1180 domini,
854 1134 892 1171 in
919 1131 1143 1185 gloriam.2)
1206 1132 1264 1170 Ita
1289 1131 1535 1183 corporalem

207 1190 334 1242 Moysi
371 1191 684 1229 illuminationem
729 1190 775 1230 de
820 1203 1030 1240 congressu
1069 1189 1212 1228 domini
1250 1196 1290 1228 et
1327 1188 1534 1241 corporale

207 1249 380 1287 velamen
407 1247 454 1286 de
481 1249 700 1286 infirmitate
732 1248 861 1300 populi
887 1261 1127 1300 proponens,
1168 1255 1210 1286 et
1235 1247 1444 1300 spiritalem
1470 1259 1535 1285 re-

205 1306 437 1344 velationem
464 1312 503 1343 et
527 1306 735 1357 spiritalem
763 1306 977 1344 claritatem
1003 1307 1041 1344 in
1069 1305 1223 1344 Christo
1255 1303 1532 1357 superducens,

206 1361 603 1413 tanquamadomino,
632 1364 765 1415 inquit,
793 1364 1051 1414 spirituum,³)
1081 1370 1199 1401 totum
1216 1362 1390 1401 ordinem
1403 1361 1533 1414 Moysi

206 1419 366 1470 figuram
391 1420 560 1469 ignorati
586 1419 684 1470 apud
711 1418 886 1466 ludaeos,
914 1421 1033 1471 agniti
1052 1433 1145 1458 vero
1166 1420 1265 1472 apud
1280 1433 1362 1468 nos,
1389 1419 1533 1458 Christi

206 1477 322 1515 fuisse
349 1483 524 1518 testatur.
587 1475 735 1515 Scimus
768 1475 949 1528 quosdam
977 1490 1109 1515 sensus
1140 1478 1428 1529 ambiguitatem
1453 1478 1533 1530 pati

205 1547 317 1586 posse
357 1533 404 1572 de
442 1547 537 1574 sono
575 1535 898 1585 pronuntiationis
930 1541 995 1572 aut
1026 1533 1073 1572 de
1106 1534 1219 1573 modo
1259 1534 1531 1582 distinctionis,

205 1605 288 1630 cum
328 1590 529 1643 duplicitas
567 1604 696 1630 earum
728 1590 947 1630 intercedit.
1011 1591 1118 1630 Hanc
1154 1592 1331 1630 Marcion
1364 1592 1533 1643 captavit

202 1650 258 1687 sic
285 1647 470 1699 legendo:
498 1649 536 1686 in
563 1649 696 1701 quibus
722 1647 816 1687 deus
830 1650 914 1688 aevi
929 1649 1130 1696 huius,.ut,
1159 1656 1376 1688 creatorem
1402 1655 1532 1687 osten-

202 1705 296 1744 dens
322 1705 432 1744 deum
458 1705 567 1744 huius
593 1707 697 1753 aevi,
737 1707 850 1744 alium
883 1714 1068 1758 suggerat
1100 1706 1212 1746 deum
1238 1706 1398 1745 alterius
1423 1707 1528 1755 aevi3

200 1777 276 1802 non
305 1771 439 1802 contra
466 1764 521 1801 sic
548 1763 856 1815 distinguendum
883 1763 1062 1802 dicimus:
1100 1766 1137 1802 in
1165 1765 1300 1816 quibus
1326 1763 1434 1811 dem,
1461 1762 1532 1803 tle-

199 1821 306 1859 hinc:
334 1822 419 1859 aevi
444 1821 553 1859 huius
579 1822 806 1860 excaecavit
830 1828 977 1860 mentes
1002 1821 1229 1861 infidelium·
1221 1820 1279 1874 ,4)
1317 1823 1355 1861 in
1381 1820 1529 1874 quibus,

200 1875 354 1917 Iudaeis
379 1877 610 1926 infidelibus,
637 1880 674 1917 in
702 1879 835 1931 quibus
862 1886 1036 1931 opertum
1063 1887 1123 1918 est
1147 1879 1337 1931 aliquibus
1361 1891 1531 1930 evange-

200 1935 288 1972 lium
326 1934 450 1973 adhuc
488 1936 555 1973 sub
592 1937 779 1975 velamine
816 1936 955 1989 Moysi.
1030 1936 1109 1976 Illis
1146 1938 1247 1975 enim
1286 1936 1381 1976 deus
1417 1936 1529 1975 labiis

200 1990 446 2042 diligentibus
473 1986 570 2040 eum,
599 1993 718 2032 coide
745 2001 871 2032 autem
898 1995 1014 2046 longe
1042 1994 1316 2034 absistentibus
1341 1994 1390 2032 ab
1416 1992 1528 2046 eo‚⁵)

198 2049 360 2088 minatus
385 2050 529 2087 fuerat:
569 2064 659 2089 aure
686 2051 851 2090 audietis
878 2060 917 2091 et
943 2066 1019 2090 non
1045 2052 1229 2100 audietis,
1270 2052 1393 2090 oculis
1418 2049 1528 2090 vide—

197 2106 288 2144 bitis
320 2114 359 2146 et
384 2121 459 2145 non
483 2106 731 2161 videbitis,⁶)
762 2116 819 2148 et:
859 2111 931 2148 nisi
959 2109 1206 2149 credideritis
1231 2107 1527 2160 necintellige-

197 2164 263 2210 tis,
283 2163 324 2218 ⁷)
363 2171 420 2203 et:
469 2165 640 2204 auferam
678 2167 902 2218 sapientiam
941 2169 1167 2220 sapientium
1206 2174 1245 2206 et
1281 2165 1525 2219 prudentiam

194 2221 436 2273 prudent-ium
469 2222 613 2261 irritam
646 2224 846 2278 faciam.⁸)
908 2225 1013 2264 Haec
1046 2233 1173 2265 autem
1205 2238 1281 2263 non
1312 2227 1443 2276 utique
1474 2222 1524 2262 de

196 2279 397 2330 cvangelio
448 2278 510 2317 dei
554 2281 675 2331 ignoti
721 2282 996 2322 abscondendo
1039 2284 1267 2322 minabatur.
1342 2281 1400 2321 Ita
1449 2284 1522 2320 etsi

195 2335 303 2375 huius
340 2338 424 2375 aevi
458 2336 570 2384 deus,
609 2338 677 2377 sed
709 2339 917 2379 infidelium
954 2341 1064 2379 huius
1101 2342 1186 2380 aevi
1218 2346 1408 2379 excaecat
1438 2350 1519 2383 cor,

195 2393 295 2444 quod
322 2393 512 2434 Christum
544 2396 626 2435 eius
657 2410 732 2435 non
765 2398 864 2437 ultro
897 2399 1202 2450 recognoverint
1233 2397 1280 2435 dc
1318 2395 1519 2447 scripturis

287 2534 322 2572 1‘)
350 2535 717 2580 2c0r.3‚16.2)
745 2538 790 2569 ib.
806 2547 837 2569 v.
858 2537 932 2570 18.·
1010 2536 1046 2577 3)
1065 2537 1145 2569 ibid.
1238 2535 1276 2575 4)
1302 2535 1323 2564 2
1339 2535 1415 2565 Cor.
1438 2534 1470 2571 4,
1486 2534 1518 2564 4.

197 2575 231 2609 5³
257 2579 317 2609 les
335 2581 386 2620 29,
403 2582 456 2611 13.
553 2584 588 2623 6)
617 2584 797 2623 les.o,10.
894 2585 929 2624 7)
956 2585 1116 2622 1es.‘1‚9.
1212 2582 1248 2621 s)
1273 2577 1471 2621 les.29,14.
