1604 2800
161 212 263 250 322
610 209 1050 243 ADV.1UDAEos.

163 307 202 347 id
229 314 288 346 est
313 305 465 344 delictis
491 302 675 352 liberare,
705 310 745 343 et
771 302 818 342 de
845 302 957 343 domo
985 302 1169 350 carceris,
1197 300 1233 341 id
1262 309 1321 342 est
1344 305 1490 354 mortis,

162 365 343 404 sedentes
370 365 407 402 in
433 360 669 412 tenebris‚¹)
709 363 951 413 ignorantiae
989 361 1152 400 scilicet.
1228 360 1334 409 Quae
1366 362 1494 415 siper

162 423 354 461 Christum
392 422 590 469 eveniunt,
628 433 705 458 non
737 421 774 458 in
806 420 919 458 alium
952 426 1065 458 erunt
1094 418 1345 471 prophetata,
1385 432 1494 472 quam

160 494 233 533 per
259 493 369 532 quem
395 485 589 532 expuncta
615 477 915 517 consideramus.

280 541 344 579 13.
408 537 530 588 Igitur
561 538 736 588 quoniam
772 536 837 574 filii
871 535 990 574 lsrael
1022 534 1225 581 affirmant,
1259 547 1329 573 nos
1360 546 1494 574 errare

162 594 388 648 recipiendo
417 595 626 642 Christum,
666 595 728 646 qui
765 594 837 632 iam
869 594 993 639 venit,
1031 592 1340 645 praescribamus
1365 593 1421 631 eis
1447 605 1497 632 ex

161 655 253 706 ipsis
291 653 509 705 scripturis,
548 654 621 690 iam
661 653 812 691 venisse
840 651 1049 698 Christum,
1089 651 1151 702 qui
1182 649 1524 703 praedicabatur,v

163 712 331 763 quamvis
357 724 407 749 ex
432 710 667 762 temporibus
693 709 867 748 Danielis
901 707 1160 761 praedicantis
1191 707 1494 761 probaverimus,

161 771 236 808 iam
267 770 416 807 venisse
450 768 663 816 Christum,
698 769 760 820 qui
792 767 1048 806 nuntiabatur.
1117 765 1236 804 Nasci
1270 766 1373 804 enim
1411 764 1497 804 eum

163 828 333 877 oportuit
353 827 390 863 in
411 826 636 865 Bethlehem
659 825 789 864 Iudae.
830 825 895 863 Sic
923 825 1022 863 enim
1048 824 1232 875 scriptum
1259 830 1319 862 est
1343 824 1381 862 in
1407 836 1498 876 pro-

161 883 297 934 pheta:
337 889 377 920 et
408 890 447 919 tu
473 882 700 920 Bethlehem
731 895 806 919 non
838 883 990 920 minima
1021 894 1063 920 es
1095 882 1134 918 in
1166 880 1327 919 ducibus
1358 879 1495 928 Iudae3

164 953 213 978 ex
239 946 277 978 te
305 940 403 977 enim
431 939 535 976 exiet
562 938 656 985 dux,
691 939 753 990 qui
783 944 919 989 pascat
949 938 1127 989 populum
1159 950 1282 975 meum
1310 937 1496 986 1srael.²)

163 996 206 1034 Si
229 1003 356 1034 autem
383 995 506 1033 adhue
533 1003 643 1034 natus
669 1009 745 1033 non
771 1001 842 1041 est,
870 995 933 1046 qui
958 1006 1210 1046 processurus
1231 993 1308 1032 dux
1327 993 1375 1032 de
1394 994 1498 1043 tribu

162 1052 257 1092 Iuda
283 1066 332 1091 ex
356 1052 583 1091 Bethlehem
609 1051 866 1098 nuntiabatur,
895 1052 1069 1102 (oportet
1094 1051 1192 1088 enim
1220 1063 1303 1088 eum
1320 1046 1373 1089 -de
1396 1050 1499 1090 tribu

163 1110 256 1149 Iuda
277 1108 591 1149 etaBethlehem
617 1107 868 1162 procedere‚)
894 1106 1229 1146 animadvertimus
1254 1114 1380 1147 autem
1406 1115 1496 1148 tune

162 1169 351 1207 neminem
378 1167 425 1206 de
452 1167 597 1219 genere
619 1167 739 1205 Israel
765 1168 803 1205 in
824 1166 980 1205 civitate
1001 1164 1227 1204 Bethlehem
1254 1165 1495 1214 remansisse,

163 1234 204 1264 et
228 1224 387 1272 exinde,
428 1225 528 1277 quod
566 1223 811 1264 interdictum
837 1230 914 1271 est,
953 1236 1001 1263 ne
1033 1224 1071 1261 in
1098 1223 1266 1262 confinio
1293 1223 1410 1276 ipsius
1434 1236 1498 1263 re—

164 1284 289 1335 gionis
315 1282 538 1322 demoretur
564 1284 760 1335 quisquam
786 1281 1029 1328 Iudaeorum,
1055 1287 1097 1319 ut
1120 1280 1196 1319 hoe
1222 1294 1374 1334 quoque
1395 1288 1499 1320 esset

164 1341 408 1394 adimpletum
441 1354 512 1392 per
540 1341 787 1393 prophetam:
827 1347 930 1379 terra
955 1346 1086 1378 vestra
1111 1336 1286 1386 deserta,
1321 1339 1498 1378 civitates

162 1406 315 1437 vestrae
337 1400 416 1449 igni
438 1406 609 1446 exustae,
636 1398 674 1437 id
694 1405 768 1445 est,
798 1396 899 1450 quod
925 1397 1017 1435 belli
1037 1404 1211 1449 tempore
1231 1397 1289 1435 eis
1309 1397 1496 1444 evenerit,

164 1457 364 1506 regionem
390 1463 556 1494 vestram
582 1457 620 1493 in
647 1462 858 1507 conspectu
882 1462 1013 1494 vestro
1041 1455 1166 1493 exteri
1197 1453 1424 1502 comedent,
1459 1459 1500 1492 et

166 1511 321 1550 deserta
347 1519 387 1549 et
411 1512 594 1550 subversa
627 1514 701 1550 erit
725 1526 748 1549 a
773 1512 923 1563 populis
955 1513 1103 1550 alienis.
1119 1513 1158 1562 3)
1225 1511 1276 1550 Et
1300 1512 1376 1550 alio
1409 1512 1497 1550 loeo

166 1569 221 1606 sic
247 1580 318 1619 per
347 1568 572 1619 prophetam
611 1568 769 1606 dicitur:
808 1581 940 1619 regem
978 1581 1061 1605 cum
1095 1569 1272 1607 claritate
1302 1567 1500 1615 videbitis5

165 1624 204 1662 id
230 1631 290 1663 est
316 1624 526 1671 Christum,
559 1626 764 1663 facientem
796 1626 957 1663 virtutes
982 1626 1020 1662 in
1046 1624 1171 1675 gloria
1198 1623 1260 1662 dei
1284 1626 1424 1676 patris,
1459 1631 1499 1663 et

166 1682 269 1720 oculi
294 1681 413 1719 vestri
438 1681 621 1719 videbunt
645 1688 787 1719 terram
814 1680 861 1719 de
893 1682 1123 1731 longinquo,
1158 1679 1257 1732 quod
1276 1678 1398 1719 ‘vobis
1426 1694 1497 1733 pro

163 1740 311 1777 meritis
353 1739 491 1777 vestris
527 1745 616 1790 post
652 1739 974 1790 expugnationem
1013 1737 1253 1775 Hierusalem
1295 1738 1499 1790 prohibitis

164 1795 317 1847 ingredi
342 1797 380 1834 in
408 1803 549 1834 terram
574 1803 754 1843 vestram,
788 1795 835 1834 de
862 1796 1070 1847 longinquo
1097 1807 1180 1833 eam
1208 1795 1330 1834 oculis
1353 1802 1498 1834 tantum

164 1853 298 1892 videre
330 1855 554 1906 permissum
586 1861 657 1892 est.
723 1852 883 1900 Anima,
917 1854 1056 1905 inquit,
1093 1858 1223 1891 vestra
1253 1851 1500 1892 meditabitur

162 1911 354 1959 timorem,
367 1913 407 1962 4)
445 1912 597 1950 scilicet
634 1924 707 1964 quo
745 1918 918 1963 tempore
951 1909 1142 1949 excidium
1173 1910 1231 1948 sui
1261 1910 1363 1962 passi
1396 1915 1494 1949 sunt.

167 1968 366 2016 Quomodo
398 1969 517 2019 igitur
541 1976 723 2008 nascetur
748 1968 824 2007 dux
849 1967 896 2006 de
923 1967 1084 2016 Iudaea,
1117 1974 1158 2006 et
1187 1974 1373 2019 quatenus
1402 1978 1495 2020 pro-

166 2025 281 2064 cedet
312 2026 358 2065 de
391 2026 638 2074 Bethlehem,
683 2028 795 2065 sicuti
832 2025 958 2064 divina
994 2025 1266 2078 prophetarum
1302 2025 1496 2064 volumina

165 2084 352 2130 nuntiant,
381 2096 465 2122 cum
491 2084 614 2122 nullus
640 2084 794 2122 omnino
815 2084 864 2122 sit
883 2083 962 2122 illic
982 2084 1021 2121 in
1041 2082 1265 2122 hodiernum
1286 2080 1496 2121 derelictus

165 2152 215 2178 ex
240 2139 379 2187 lsrael,
419 2142 525 2180 cuius
558 2154 607 2180 ex
637 2142 756 2193 stirpe
787 2142 909 2193 possit
938 2141 1045 2179 nasci
1071 2140 1269 2179 Christus?
1322 2137 1365 2177 Si
1397 2140 1498 2178 enim

166 2197 373 2236 secundum
405 2198 569 2238 Iudaeos
601 2198 726 2237 adhuc
759 2212 834 2236 non
863 2199 987 2245 venit,
1027 2211 1112 2236 cum
1140 2197 1274 2236 venire
1307 2197 1495 2248 eoeperit,

164 2253 265 2293 unde
298 2258 487 2306 ungetur?
533 2255 619 2294 Lex
649 2257 748 2294 enim
779 2255 996 2308 praecepit,
1030 2256 1068 2293 in
1100 2253 1322 2306 captivitate
1348 2267 1425 2292 non
1450 2253 1496 2292 li-

168 2323 257 2350 cere
289 2313 508 2351 unetionem
541 2313 755 2352 chrismatis
785 2314 929 2364 regalis
967 2312 1119 2351 confici.
1189 2309 1231 2349 Si
1261 2318 1388 2349 autem
1419 2311 1495 2349 iam

166 2380 238 2405 nec
266 2370 393 2407 unctio
420 2376 480 2408 est
504 2371 598 2418 illis,
630 2377 672 2408 ut
695 2369 832 2409 Daniel
857 2370 1114 2422 prophetavit,
1147 2367 1262 2419 (dicit
1287 2368 1399 2416 enim,
1424 2380 1494 2406 ex-

166 2426 432 2464 terminabitur
455 2429 619 2478 uncti0‚)
635 2428 671 2476 ⁵>
707 2440 801 2478 ergo
828 2428 902 2466 iam
927 2441 1003 2466 non
1029 2433 1089 2466 est
1113 2426 1192 2464 illic
1224 2426 1374 2473 unctio,
1408 2425 1493 2477 quia

259 2560 296 2603 1)
314 2565 373 2593 les.
384 2566 437 2603 22,
449 2567 467 2594 6
478 2575 526 2603 sq.
586 2563 622 2604 2)
638 2564 782 2607 Mich.5‚
793 2567 822 2597 1.
847 2565 970 2596 Matth.
986 2566 1016 2606 2,
1032 2567 1062 2594 6.
1123 2565 1158 2604 3)
1174 2565 1235 2594 [ea.
1245 2565 1278 2604 1,
1286 2563 1319 2594 7.
1377 2561 1414 2600 4)
1431 2562 1491 2590 lea.

168 2606 222 2645 33»
238 2608 278 2636 1⁷
294 2618 341 2646 sq·
438 2610 474 2653 5)
488 2611 575 2642 Dan.
588 2613 618 2651 o,
632 2612 664 2641 4.
