1624 2826
141 199 284 238 v228
449 197 574 229 Anv.
617 195 979 228 MARcmNEM
1013 194 1189 226 1,quss
1219 193 1275 223 tv.
1320 179 1339 228 .“

183 295 378 333 lucernam
416 304 457 330 se
495 288 785 343 pronuntiabat,
825 295 1061 327 scrutantem
1100 300 1213 325 rencs
1251 292 1291 324 et
1328 283 1514 332 corda.1)

186 350 228 389 Si
253 349 468 402 superbiam
495 349 629 398 tangit,
663 345 762 398 quod
796 347 935 385 elatum
962 353 1021 385 est
1046 343 1144 397 apud
1171 344 1364 389 homines,
1396 354 1516 395 pero·-

186 422 266 448 sum
292 413 351 445 est
376 405 510 454 deo‚²)
537 405 688 443 Esaiam
715 405 824 455 ponit
849 411 936 442 ante
965 404 1117 442 oculos:
1146 400 1228 440 dies
1249 402 1349 440 enim
1370 398 1514 438 domini

187 464 366 510 sabaoth,
404 465 443 502 in
470 476 616 501 omnem
644 461 959 500 contumeiiosum
987 468 1026 499 et
1050 459 1273 512 superbum,
1300 459 1339 497 in
1365 469 1515 505 omnem

188 522 386 561 sublimem
402 528 440 560 et
454 521 606 567 elatum,
623 527 662 558 et
675 518 1029 566 humiliabuntur.3)
1049 517 1207 556 Possum
1221 518 1294 555 iam
1310 515 1515 567 colligere,

189 593 259 619 cur
290 586 395 617 tanto
427 591 522 616 aevo
555 577 648 616 deus
678 577 888 615 Marcionis
919 577 1037 615 fuerit
1067 577 1105 613 in
1137 575 1306 614 occulto.
1368 571 1518 624 Exspe-

191 637 344 683 ctabat,
396 637 555 687 opinor,
596 635 719 673 donec
758 635 854 673 haec
892 635 1019 672 omnia
1057 632 1227 672 disceret
1263 646 1286 671 a
1323 637 1517 670 creatore.

190 693 337 733 Didicit
368 707 461 744 ergo
493 707 610 744 usque
644 691 692 731 ad
726 690 877 730 Ioannis
910 699 1107 743 tempora,
1146 692 1260 743 atque
1293 691 1347 728 ita
1379 686 1519 728 exinde

194 752 384 804 processit
409 750 635 788 adnuntiare
661 763 820 800 regnum
847 748 922 796 dci,
951 748 1102 794 dicens:
1141 749 1205 786 lex
1235 754 1274 786 et
1306 747 1520 799 prophetae

192 822 311 861 usque
337 806 385 846 ad
412 808 606 854 Ioannem,
633 820 682 846 ex
708 821 781 858 quo
802 819 960 857 regnum
988 805 1049 844 dei
1075 805 1386 853 adnuntiatur34)
1415 803 1522 855 quasi

194 881 271 905 non
298 873 337 904 et
362 879 431 904 uos
457 866 613 903 limitem
640 863 825 917 quendam
851 877 1104 915 agnoscamus
1128 862 1310 901 Ioannem
1338 861 1524 900 constitu-

194 932 273 963 tum
300 924 401 962 inter
425 931 558 961 vetera
584 929 624 960 et
649 935 743 960 nova
760 951 771 968 ‚
810 921 858 959 ad
891 935 999 974 quem
1027 920 1223 959 desineret
1249 919 1460 958 Iudaismus
1486 924 1526 956 et

197 995 219 1019 a
245 994 319 1033 quo
347 982 537 1032 inciperet
564 980 896 1026 Christianismus,
936 993 1010 1017 non
1044 986 1170 1017 tamen
1202 985 1243 1016 ut
1274 977 1320 1016 ab
1348 977 1424 1015 alia
1448 976 1526 1015 vir-

197 1045 278 1076 tute
305 1039 408 1076 facta
433 1039 483 1075 sit
507 1036 656 1075 sedatio
684 1037 780 1087 legis
808 1043 847 1074 et
872 1036 1144 1088 prophetarum
1166 1043 1205 1075 et
1224 1036 1389 1073 initiatio
1411 1046 1528 1073 evan-

198 1097 304 1146 gelii,
333 1096 369 1132 in
397 1109 469 1146 quo
497 1102 556 1133 est
581 1094 642 1132 dei
669 1107 840 1145 regnum,
870 1094 1043 1132 Christus
1069 1095 1171 1145 ipset
1214 1092 1313 1131 Nam
1340 1093 1412 1131 etsi
1438 1104 1529 1143 pro-

197 1153 381 1198 bavimus,
409 1159 448 1190 ct
472 1159 606 1190 vetera
632 1153 839 1189 transitura
865 1158 905 1189 et
930 1164 1028 1189 nova
1053 1163 1280 1189 successura
1307 1147 1529 1202 praedicari

200 1224 222 1248 a
249 1216 447 1256 creatore,
487 1210 518 1247 si
544 1216 584 1247 et
610 1207 773 1247 Ioannes
799 1216 1029 1259 antecursor
1054 1211 1094 1246 et
1119 1214 1375 1260 praeparator
1401 1213 1530 1245 osten—

202 1267 304 1306 ditur
340 1268 485 1305 viarum
524 1265 666 1304 domini
711 1267 950 1319 evangelium
989 1265 1258 1318 superducturi
1296 1271 1336 1304 et
1371 1269 1532 1317 regnum

204 1324 266 1362 dci
292 1325 588 1374 promulgaturi3
616 1331 655 1361 ct
680 1337 729 1362 ex
753 1324 828 1362 hoc
855 1325 948 1371 iani,
976 1323 1077 1375 quod
1110 1323 1275 1362 Ioannes
1299 1323 1423 1369 venit,
1450 1323 1533 1374 ipse

205 1382 280 1426 erit,
305 1380 506 1426 Christus,
546 1394 618 1431 quo
651 1380 832 1419 Ioannem
865 1388 949 1419 erat
980 1381 1252 1419 subsecuturus
1283 1388 1324 1419 ut
1354 1387 1536 1419 ant-ecur-

208 1449 353 1499 soffmg
393 1444 432 1474 et
463 1439 494 1474 si
526 1435 721 1474 desierunt
744 1444 878 1475 vetera
910 1445 950 1475 et
981 1445 1194 1489 coeperunt
1219 1451 1317 1476 nova
1342 1438 1535 1477 interstite

208 1493 373 1531 Ioanne:
401 1494 475 1530 non
503 1494 577 1531 erit
601 1494 753 1539 mirum,
781 1494 882 1545 quod
902 1507 951 1532 ex
971 1494 1223 1545 dispositione
1245 1502 1304 1533 cst
1324 1495 1535 1543 creatoris3

211 1557 276 1588 aut
299 1549 399 1587 unde
413 1551 448 1597 ⁵)
477 1550 597 1600 magis
622 1550 826 1601 probetur,
866 1564 975 1602 quam
1002 1565 1051 1589 ex
1077 1552 1174 1606 legis
1201 1559 1240 1590 et
1264 1553 1538 1603 prophetarum

211 1610 250 1645 in
276 1606 456 1645 Ioannem
495 1620 636 1645 occasu
673 1614 713 1645 et
744 1607 883 1646 exinde
913 1616 1002 1647 ⁴ortu
1030 1622 1188 1660 regnum
1215 1608 1303 1647 dei?
1350 1609 1541 1648 Transeat

212 1665 334 1714 igitur
372 1665 520 1704 coelum
561 1672 599 1703 et
625 1671 730 1703 terra
767 1666 903 1712 citius,
943 1668 1043 1704 sicut
1074 1673 1113 1704 et
1146 1667 1208 1705 lex
1239 1674 1279 1705 et
1304 1658 1538 1719 prophetae,

214 1734 323 1773 quam
349 1735 443 1759 unus
469 1735 568 1773 apex
590 1722 795 1761 verborum
821 1722 1021 1773 domini.⁶)
1083 1723 1253 1762 Verbum
1280 1725 1394 1771 enim,
1421 1724 1543 1776 inquit

213 1777 360 1825 Esaias,
389 1778 450 1818 dci
476 1781 596 1817 nostri
624 1787 750 1818 manet
775 1781 812 1818 in
838 1794 984 1819 aevum.
1035 1780 1131 1819 Nam
1160 1782 1336 1833 quoniam
1362 1783 1400 1820 i'n
1426 1781 1542 1820 Esaia

214 1838 288 1875 iam
326 1843 420 1874 tunc
455 1835 653 1884 Christus,
704 1850 830 1876 sermo
869 1839 1019 1877 scilicet
1058 1846 1104 1877 ct
1141 1841 1299 1891 spiritus
1337 1839 1541 1886 creatoris,

216 1894 398 1932 Ioannem
437 1893 706 1945 praedicarat,
744 1909 880 1933 vocem
914 1897 1112 1935 clamantis
1144 1898 1180 1934 in
1214 1896 1370 1935 deserto
1403 1909 1543 1949 parare

216 1951 317 1988 viam
348 1950 513 1997 domini,
552 1952 589 1989 in
620 1952 695 1991 hoc
725 1960 950 2000 venturum,
985 1961 1029 1999 ,ut
1067 1954 1163 2005 Iegis
1195 1961 1235 1992 et
1270 1954 1543 2006 prophetarum

221 2006 316 2045 ordo
349 2007 487 2045 exinde
519 2016 692 2047 cessaret
722 2022 792 2060 per
822 2009 1158 2062 adimpletionem,
1197 2025 1272 2049 non
1299 2024 1370 2064 per
1395 2011 1546 2051 destru-

223 2065 402 2110 ctionem,
430 2072 469 2103 et
493 2077 650 2116 regnum
677 2066 739 2104 dei
764 2080 785 2105 a
813 2067 964 2106 Christo
992 2068 1302 2118 adnuntiat-etur,
1341 2069 1431 2109 ideo
1457 2070 1547 2109 sub—

221 2122 358 2166 texuit,
385 2122 535 2160 facilius
561 2123 752 2162 elementa
777 2127 995 2173 transitura,
1024 2141 1134 2179 quam
1160 2127 1278 2166 verba
1303 2127 1430 2178 suast)
1453 2121 1548 2167 con-

221 2175 390 2245 firmam,
417 2179 491 2218 hoc
519 2193 681 2232 quoque,
709 2181 809 2233 quod
835 2181 882 2221 de
909 2183 1052 2223 Ioanne
1079 2184 1243 2232 dixerat,
1271 2199 1346 2225 non
1371 2192 1548 2238 praeter-

223 2249 313 2275 isse.

340 2297 408 2335 34.
472 2293 551 2333 Sed
589 2295 761 2335 Christus
804 2296 1006 2337 divortium
1033 2300 1236 2352 prohibet,
1281 2300 1436 2352 dicens:
1485 2282 1550 2354 dui

228 2350 414 2391 dimiserit
443 2365 603 2403 uxorem
635 2368 739 2394 suam
772 2362 812 2394 et
836 2356 947 2395 aliam
981 2356 1149 2406 duxerit,
1189 2358 1419 2405 adulterium
1444 2366 1550 2397 com-

321 2453 358 2498 1)
385 2458 448 2489 ler.
473 2459 527 2499 17,
554 2459 607 2489 10.
635 2460 689 2498 20,
717 2461 769 2491 12.
865 2458 903 2504 2)
929 2463 1014 2494 Luc.
1042 2461 1096 2500 16,
1123 2465 1177 2494 15.
1271 2461 1323 2506 ,3)
1348 2463 1412 2493 les.
1437 2463 1470 2502 2,
1497 2462 1550 2492 12.

231 2498 269 2542 4)
294 2503 376 2532 Luc.
392 2504 515 2543 16,16.
612 2503 647 2545 5)
674 2506 780 2540 Rhen.
806 2507 839 2538 et
863 2507 990 2540 PanteI.
1016 2511 1062 2542 ut
1086 2510 1218 2548 unde3
1255 2510 1392 2539 U'ouw.
1419 2508 1551 2541 emend.

231 2556 250 2577 e
277 2547 410 2601 eod..et
434 2550 506 2590 Rig.
533 2552 577 2581 ut
602 2552 791 2585 aliunde.
817 2554 950 2585 Mutari
973 2556 1018 2586 ut
1043 2555 1077 2585 in
1103 2557 1173 2586 aut
1198 2557 1233 2586 et
1253 2554 1390 2594 tignum
1408 2554 1552 2596 rogandi

234 2601 386 2632 apposui.
481 2596 515 2636 6)
538 2598 621 2630 Luc.
636 2600 690 2639 16,
708 2601 760 2631 17.
776 2600 830 2639 21,
847 2601 888 2631 33
996 2601 1033 2642 7)
1057 2602 1120 2632 les.
1134 2602 1189 2641 40,
1207 2602 1225 2631 3
1237 2610 1309 2640 sqq.
