1566 2808
341 172 465 206 Anv.
501 171 866 203 MARCIONEM
900 170 1078 202 LIBER
1112 171 1154 202 11.
1313 169 1415 207 102

89 265 300 322 praefecit,
337 263 551 305 diminuens
587 264 690 303 illum
728 262 882 303 modico
915 263 1014 302 citra
1043 263 1205 315 angelos
1219 264 1277 313 1),
1315 264 1416 302 sicut

88 323 190 378 apud
214 332 299 366 eum
311 323 358 373 2)“
377 323 559 374 scriptum
585 329 663 370 est3
690 334 775 373 qua
800 320 1051 360 diminutione
1076 322 1115 359 in
1141 321 1239 359 haec
1265 333 1415 373 quoque

89 382 381 435 dispositus·est
404 393 428 418 a
451 385 580 432 patre,
619 384 716 431 qu'ae
743 385 784 417 ut
814 379 978 417 humana
1002 377 1306 430 reprehenditis,
1333 377 1414 417 edi-

89 453 203 480 scens
226 440 303 478 iam
327 436 416 477 inde
441 451 464 476 a
490 435 723 489 primordio,
750 438 824 475 iam
850 435 940 474 inde
967 436 1176 483 hominem,
1205 435 1306 488 quod
1330 443 1416 474 erat

88 498 238 537 futurus
250 497 302 549 3¹¹.
326 495 414 534 fine.
443 503 451 507 “
476 494 545 532 Ille
572 501 651 540 est,
689 495 751 546 qui
777 493 997 540 descendit,
1037 493 1121 540 ille,
1161 495 1224 545 qui
1250 494 1416 531 interro-

80 560 173 606 gat,
190 553 290 600 ille,
317 554 380 605 qui
405 552 591 604 postulat,
626 550 710 598 ille,
743 552 806 603 qui
830 553 943 590 iurat.
1008 550 1188 589 Ceterum
1201 551 1240 599 ³)
1267 557 1416 602 patrem

88 611 230 659 nemini
252 611 373 650 visum
399 611 514 648 etiam
542 621 740 648 commune
763 609 967 648 testabitur
991 609 1232 660 evangelium
1259 606 1415 647 dicente

89 669 264 708 Christo:
290 681 403 706 nemo
429 667 615 718 cognovit
639 673 785 718 patrem
812 667 884 704 nisi
911 666 1008 704 filius
1021 667 1074 713 ⁴).
1136 665 1223 716 Ipse
1250 666 1351 702 euim
1377 671 1418 702 et

86 726 212 766 veteri
248 731 478 764 testamento
511 725 795 775 pronuntiarat:
834 723 944 762 deum
976 734 1088 759 nemo
1120 720 1266 759 videbit
1296 727 1336 759 et
1359 722 1418 759 vi-

86 790 154 822 vet
165 785 217 831 ⁵),
236 789 391 834 ,patrem
416 781 643 819 invisibilem
671 780 948 827 determinans,
986 779 1023 816 in
1051 779 1158 816 cuius
1183 779 1416 817 auctoritate

88 847 129 880 et
152 840 306 878 nomine
331 839 413 890 ipse
445 840 531 876 era't
555 837 669 883 deus,
697 838 760 889 qui
785 836 988 875 videbatur
1013 835 1076 874 dei
1103 836 1214 874 filius.
1272 834 1352 874 Sed
1378 843 1418 874 et

87 909 208 950 penes
244 900 315 935 nos
351 895 525 934 Christus
561 896 600 933 in
636 907 803 946 persona
830 895 973 932 Christi
1012 894 1219 945 accipitur,
1259 894 1345 944 quia
1378 900 1418 931 et

88 955 164 994 hoc
195 952 310 1010 modo
342 960 476 1000 noster
505 960 576 992 est.
638 952 761 1003 Igitur
792 964 1042 1004 quaecunque
1074 952 1231 1002 exigitis
1258 949 1333 989 deo
1360 949 1418 988 di-

88 1025 183 1064 gm,
221 1011 465 1051 habebuntur
494 1011 533 1048 in
557 1015 668 1062 pa'tre
701 1010 881 1048 invisibili
912 1008 1350 1060 incong1·essibilique⁶)
1379 1014 1418 1046 et

89 1068 244 1122 placido
281 1075 339 1115 et,
375 1075 426 1106 ·ut
460 1069 515 1106 ita
552 1067 733 1114 dixerim,
777 1067 1090 1119 philosophorum
1129 1065 1216 1104 deo.
1292 1065 1417 1113 Quae-

90 1139 239 1184 cunque
277 1133 403 1165 autem
440 1132 483 1164 ut
518 1123 675 1176 indigna
713 1124 1018 1176 reprehenditis,
1058 1122 1343 1174 deputabuntur
1379 1123 1417 1159 in

91 1183 170 1222 lilio
207 1191 249 1223 et
283 1185 365 1221 viso
409 1189 450 1221 et
492 1181 623 1220 audito
668 1189 708 1220 et
751 1194 981 1232 congresso,
1032 1180 1178 1218 arbitro
1222 1180 1342 1230 patris
1379 1185 1418 1216 et

90 1241 507 1290 ministro,-miscente
551 1241 590 1276 in
628 1246 750 1276 semet
780 1239 863 1290 ipso
895 1238 1087 1276 hominem
1120 1244 1159 1275 et
1196 1235 1327 1283 deum,
1379 1237 1418 1273 in

90 1298 293 1337 virtutibus
318 1296 447 1345 deum,
485 1297 523 1334 in
555 1295 826 1349 pusillitatibus
857 1295 1067 1341 hominem,
1105 1301 1146 1332 ut
1176 1300 1321 1331 tantum
1347 1293 1418 1330 ho-

90 1357 181 1401 mim'
210 1355 409 1401 conferat,
447 1360 627 1406 quantum
660 1352 734 1392 deo
767 1352 955 1400 detrahit3
994 1358 1114 1389 totum
1151 1350 1316 1401 denique
1355 1349 1419 1388 dei

90 1414 184 1460 mei,
209 1425 330 1464 penes
353 1424 424 1450 vos
450 1410 637 1456 dedecus,
665 1417 946 1449 sacramentum
972 1415 1033 1447 est
1056 1408 1243 1451 humanae
1270 1407 1417 1445 salutis.

91 1469 405 1509 Conversabatur
434 1467 565 1524 deus,'
584 1475 626 1506 ut
656 1467 770 1506 homo
802 1466 929 1505 divina
954 1478 1076 1517 agere
1101 1464 1331 1511 doceretur,
1370 1476 1419 1502 ex

91 1540 214 1580 aequo
246 1526 389 1579 agebat
419 1525 512 1565 deus
545 1538 628 1563 cum
661 1525 831 1570 homine,
865 1531 906 1562 ut
936 1524 1049 1562 homo
1076 1536 1125 1562 ex
1149 1535 1272 1574 aequo
1299 1533 1417 1572 agere

91 1598 176 1624 cum
196 1583 276 1624 deo
301 1591 457 1636 posset,
495 1582 589 1621 deus
622 1583 778 1634 pusillus
810 1583 986 1621 inventus
1013 1587 1096 1628 cst,
1134 1587 1175 1618 ut
1199 1580 1313 1626 homo
1339 1591 1419 1616 ma·

90 1643 213 1681 ximus
249 1642 374 1682 ficret.
437 1640 508 1688 Qui
545 1641 660 1679 talem
699 1639 810 1678 deum
849 1638 1092 1690 dedignaris,
1131 1638 1343 1676 nescio-an
1371 1649 1420 1674 ex

93 1698 168 1738 fide
205 1698 344 1738 credas
380 1697 497 1737 deum
531 1698 768 1736 crucifixum.
832 1697 981 1745 Quanta
1018 1697 1147 1747 itaque
1184 1694 1419 1746 perversitas

92 1757 233 1795 vestra-
258 1769 353 1807 erga
389 1762 589 1806 utrumque
628 1754 801 1793 ordinem
840 1754 1054 1793 creatoris?
1126 1751 1295 1789 iudicem
1333 1763 1419 1788 eum

94 1812 325 1864 designatis,
364 1818 405 1850 et
435 1813 679 1849 severitatem
710 1810 830 1849 iudici
862 1809 1070 1849 secundum
1101 1809 1239 1846 merita
1265 1819 1420 1845 caussa·

94 1883 176 1910 rum
202 1875 479 1921 congruentem
509 1880 580 1919 pro
606 1868 767 1906 saevitia
799 1867 1061 1919 exprobratis3
1101 1864 1212 1903 deum
1239 1865 1419 1916 optimum

94 1928 268 1980 exigitis,
286 1934 335 1966 .et
360 1927 555 1965 lenitatem
568 1926 669 1982 qeius
685 1924 928 1976 ⁴benignitati
955 1929 1230 1975 congruentem
1256 1934 1327 1973 pro
1354 1934 1420 1959 ca-

93 1990 161 2039 ptu
185 1981 464 2024 mediocritatis
494 1983 681 2020 humanae
713 1981 902 2021 deiectius
933 1987 1199 2020 conversatam
1237 1985 1279 2017 ut
1302 1979 1420 2030 pusil-

96 2043 240 2082 litatem
267 2035 614 2094 depretiatisss⁴nec
638 2053 797 2094 magnus
820 2040 931 2078 vobis
956 2039 1106 2090 placet,
1131 2050 1205 2079 nec
1231 2035 1418 2081 modicus,

96 2112 169 2139 nec
200 2099 336 2146 iudex,
376 2111 447 2137 nec
480 2097 637 2135 amicus.
698 2096 796 2144 Quid
829 2098 860 2136 si
886 2096 1037 2145 nuncT)
1064 2093 1199 2134 eadem
1226 2101 1264 2132 et
1290 2095 1328 2131 in
1353 2105 1420 2131 ve-

96 2164 178 2196 stro
214 2155 575 2209 deprehendantur?
633 2153 802 2201 kudicem
841 2152 990 2206 quidem
1028 2160 1069 2193 et
1097 2153 1202 2191 illum
1234 2163 1319 2190 esse
1344 2151 1418 2188 iani

97 2213 332 2253 ostendimus
356 2214 394 2252 in
422 2213 553 2251 libello
578 2211 666 2258 suo,
693 2219 733 2251 et
757 2211 805 2250 de
830 2211 958 2250 iudice
969 2210 1204 2256 ‚necessarie
1231 2221 1418 2247 severum.

97 2279 138 2310 et
161 2270 210 2317 de
235 2275 382 2310 severo
398 2268 498 2309 sicut
521 2281 693 2317 saevum,
719 2270 750 2308 si
777 2276 902 2308 tamen
928 2271 1095 2308 saevum.

190 2435 227 2473 1)
254 2434 308 2465 Ps.
334 2435 367 2472 8,
394 2435 414 2463 6
544 2432 580 2471 2)
604 2431 729 2471 Latin„
747 2408 830 2472 hig.
852 2431 958 2470 apud
985 2429 1130 2461 David.
1249 2427 1285 2464 3)
1310 2426 1420 2456 Rhen.

99 2482 296 2510 Ceterum
324 2479 420 2517 quia
447 2479 609 2517 patrem
635 2480 701 2508 etc.
803 2479 842 2512 4)
866 2477 988 2507 Matth.
1010 2477 1064 2515 11,
1093 2477 1146 2505 27.
1247 2474 1283 2511 5)
1309 2471 1419 2502 Exod-

100 2527 155 2565 33,
171 2527 225 2557 20.
323 2526 359 2565 6)
386 2525 488 2555 Teste
501 2524 600 2555 lunio
614 2524 688 2554 atii:
719 2523 759 2554 in
770 2522 1161 2562 cogno-cibinque.
1258 2519 1294 2557 Ἴ)
1314 2517 1419 2549 Rhen.

100 2572 187 2602 edd.
211 2563 323 2607 Qui‘d
348 2571 489 2602 sinon
517 2572 582 2601 etc.
