<?xml version="1.0" encoding="UTF-8"?>
<!DOCTYPE html PUBLIC "-//W3C//DTD XHTML 1.0 Transitional//EN"
    "http://www.w3.org/TR/xhtml1/DTD/xhtml1-transitional.dtd">
<html xmlns="http://www.w3.org/1999/xhtml" xml:lang="en" lang="en">
 <head>
  <title>
</title>
<meta http-equiv="Content-Type" content="text/html;charset=utf-8" />
  <meta name='ocr-system' content='tesseract 3.04.00' />
  <meta name='ocr-capabilities' content='ocr_page ocr_carea ocr_par ocr_line ocrx_word'/>
</head>
<body>
  <div class='ocr_page' id='page_1' title='image "./operatert34tertuoft_0100.png"; bbox 0 0 1566 2808; ppageno 0'>
   <div class='ocr_carea' id='block_1_1' title="bbox 143 189 1217 226">
    <p class='ocr_par' dir='ltr' id='par_1_1' title="bbox 143 189 1217 226">
     <span class='ocr_line' id='line_1_1' title="bbox 143 189 1217 226; baseline -0.003 0"><span class='ocrx_word' id='word_1_1' title='bbox 143 189 223 226; x_wconf 76' lang='grc'>90</span> <span class='ocrx_word' id='word_1_2' title='bbox 411 191 935 223; x_wconf 78' lang='lat' dir='ltr'><strong>ADv.MAR010NEM</strong></span> <span class='ocrx_word' id='word_1_3' title='bbox 971 193 1217 224; x_wconf 78' lang='lat' dir='ltr'>L1BER11.</span> 
     </span>
    </p>
   </div>
   <div class='ocr_carea' id='block_1_2' title="bbox 144 283 1521 2462">
    <p class='ocr_par' dir='ltr' id='par_1_2' title="bbox 144 283 1521 1256">
     <span class='ocr_line' id='line_1_2' title="bbox 145 283 1521 337; baseline 0.002 -15"><span class='ocrx_word' id='word_1_4' title='bbox 145 285 229 336; x_wconf 86' lang='lat' dir='ltr'>quia</span> <span class='ocrx_word' id='word_1_5' title='bbox 269 296 353 321; x_wconf 87' lang='lat' dir='ltr'>cum</span> <span class='ocrx_word' id='word_1_6' title='bbox 390 283 574 321; x_wconf 90' lang='lat' dir='ltr'>bonitatis</span> <span class='ocrx_word' id='word_1_7' title='bbox 612 284 773 321; x_wconf 88' lang='lat' dir='ltr'>consilio</span> <span class='ocrx_word' id='word_1_8' title='bbox 812 283 1008 323; x_wconf 83' lang='lat' dir='ltr'>iudicavit.</span> <span class='ocrx_word' id='word_1_9' title='bbox 1071 285 1242 324; x_wconf 83' lang='lat' dir='ltr'>Iustitiae</span> <span class='ocrx_word' id='word_1_10' title='bbox 1276 298 1371 337; x_wconf 89' lang='lat' dir='ltr'>opus</span> <span class='ocrx_word' id='word_1_11' title='bbox 1401 291 1472 333; x_wconf 85' lang='lat' dir='ltr'>est,</span> <span class='ocrx_word' id='word_1_12' title='bbox 1516 284 1521 287; x_wconf 69' lang='grc'><strong><em>’</em></strong></span> 
     </span>
     <span class='ocr_line' id='line_1_3' title="bbox 145 340 1473 394; baseline 0.002 -15"><span class='ocrx_word' id='word_1_13' title='bbox 145 340 246 393; x_wconf 91' lang='lat' dir='ltr'>quod</span> <span class='ocrx_word' id='word_1_14' title='bbox 282 341 385 378; x_wconf 91' lang='lat' dir='ltr'>inter</span> <span class='ocrx_word' id='word_1_15' title='bbox 422 341 546 379; x_wconf 84' lang='lat' dir='ltr'>lucem</span> <span class='ocrx_word' id='word_1_16' title='bbox 585 347 624 380; x_wconf 92' lang='lat' dir='ltr'>et</span> <span class='ocrx_word' id='word_1_17' title='bbox 660 341 843 379; x_wconf 83' lang='lat' dir='ltr'><strong>tenebras</strong></span> <span class='ocrx_word' id='word_1_18' title='bbox 879 343 1073 394; x_wconf 80' lang='lat' dir='ltr'>separatio</span> <span class='ocrx_word' id='word_1_19' title='bbox 1118 344 1365 394; x_wconf 81' lang='lat' dir='ltr'>pronuntiata</span> <span class='ocrx_word' id='word_1_20' title='bbox 1401 350 1473 389; x_wconf 86' lang='lat' dir='ltr'>est,</span> 
     </span>
     <span class='ocr_line' id='line_1_4' title="bbox 144 397 1475 453; baseline 0.003 -18"><span class='ocrx_word' id='word_1_21' title='bbox 144 400 245 436; x_wconf 89' lang='lat' dir='ltr'>inter</span> <span class='ocrx_word' id='word_1_22' title='bbox 270 397 371 436; x_wconf 89' lang='lat' dir='ltr'>diem</span> <span class='ocrx_word' id='word_1_23' title='bbox 398 405 438 436; x_wconf 90' lang='lat' dir='ltr'>et</span> <span class='ocrx_word' id='word_1_24' title='bbox 463 404 630 444; x_wconf 87' lang='lat' dir='ltr'>noctem,</span> <span class='ocrx_word' id='word_1_25' title='bbox 658 399 759 437; x_wconf 90' lang='lat' dir='ltr'>inter</span> <span class='ocrx_word' id='word_1_26' title='bbox 785 399 932 437; x_wconf 89' lang='lat' dir='ltr'>coelum</span> <span class='ocrx_word' id='word_1_27' title='bbox 960 407 1000 438; x_wconf 86' lang='lat' dir='ltr'>ct</span> <span class='ocrx_word' id='word_1_28' title='bbox 1025 407 1186 447; x_wconf 77' lang='lat' dir='ltr'>terram,</span> <span class='ocrx_word' id='word_1_29' title='bbox 1214 402 1315 439; x_wconf 91' lang='lat' dir='ltr'>inter</span> <span class='ocrx_word' id='word_1_30' title='bbox 1339 407 1475 453; x_wconf 82' lang='lat' dir='ltr'>aquam</span> 
     </span>
     <span class='ocr_line' id='line_1_5' title="bbox 144 456 1477 508; baseline 0.002 -14"><span class='ocrx_word' id='word_1_31' title='bbox 144 456 384 508; x_wconf 88' lang='lat' dir='ltr'>superiorem</span> <span class='ocrx_word' id='word_1_32' title='bbox 410 462 450 493; x_wconf 88' lang='lat' dir='ltr'>et</span> <span class='ocrx_word' id='word_1_33' title='bbox 474 456 712 502; x_wconf 87' lang='lat' dir='ltr'>inferiorem,</span> <span class='ocrx_word' id='word_1_34' title='bbox 741 456 842 494; x_wconf 85' lang='lat' dir='ltr'>inter</span> <span class='ocrx_word' id='word_1_35' title='bbox 861 458 976 495; x_wconf 86' lang='lat' dir='ltr'>maris</span> <span class='ocrx_word' id='word_1_36' title='bbox 998 465 1149 496; x_wconf 87' lang='lat' dir='ltr'>coetum</span> <span class='ocrx_word' id='word_1_37' title='bbox 1171 465 1210 496; x_wconf 91' lang='lat' dir='ltr'>et</span> <span class='ocrx_word' id='word_1_38' title='bbox 1234 457 1367 497; x_wconf 87' lang='lat' dir='ltr'>aridae</span> <span class='ocrx_word' id='word_1_39' title='bbox 1382 463 1477 496; x_wconf 73' lang='lat' dir='ltr'>&#39;mo-</span> 
     </span>
     <span class='ocr_line' id='line_1_6' title="bbox 144 513 1477 568; baseline 0.002 -16"><span class='ocrx_word' id='word_1_40' title='bbox 144 514 238 560; x_wconf 81' lang='lat' dir='ltr'>lem,</span> <span class='ocrx_word' id='word_1_41' title='bbox 276 514 378 552; x_wconf 85' lang='lat' dir='ltr'>inter</span> <span class='ocrx_word' id='word_1_42' title='bbox 410 513 609 551; x_wconf 87' lang='lat' dir='ltr'>luminaria</span> <span class='ocrx_word' id='word_1_43' title='bbox 641 514 788 552; x_wconf 87' lang='lat' dir='ltr'>maiora</span> <span class='ocrx_word' id='word_1_44' title='bbox 821 521 860 552; x_wconf 89' lang='lat' dir='ltr'>et</span> <span class='ocrx_word' id='word_1_45' title='bbox 891 515 1062 561; x_wconf 67' lang='lat' dir='ltr'>minora,</span> <span class='ocrx_word' id='word_1_46' title='bbox 1097 514 1234 554; x_wconf 85' lang='lat' dir='ltr'>diurna</span> <span class='ocrx_word' id='word_1_47' title='bbox 1265 523 1477 568; x_wconf 83' lang='lat' dir='ltr'>atqueno-</span> 
     </span>
     <span class='ocr_line' id='line_1_7' title="bbox 146 572 1478 625; baseline 0.002 -16"><span class='ocrx_word' id='word_1_48' title='bbox 146 579 300 617; x_wconf 88' lang='lat' dir='ltr'>cturna,</span> <span class='ocrx_word' id='word_1_49' title='bbox 327 572 429 609; x_wconf 90' lang='lat' dir='ltr'>inter</span> <span class='ocrx_word' id='word_1_50' title='bbox 454 584 598 611; x_wconf 84' lang='lat' dir='ltr'>marem</span> <span class='ocrx_word' id='word_1_51' title='bbox 623 579 664 609; x_wconf 88' lang='lat' dir='ltr'>et</span> <span class='ocrx_word' id='word_1_52' title='bbox 689 572 887 618; x_wconf 77' lang='lat' dir='ltr'>seminam,</span> <span class='ocrx_word' id='word_1_53' title='bbox 915 579 954 610; x_wconf 92' lang='lat' dir='ltr'>et</span> <span class='ocrx_word' id='word_1_54' title='bbox 979 573 1081 610; x_wconf 85' lang='lat' dir='ltr'>inter</span> <span class='ocrx_word' id='word_1_55' title='bbox 1105 573 1284 612; x_wconf 77' lang='lat' dir='ltr'>arborem</span> <span class='ocrx_word' id='word_1_56' title='bbox 1310 573 1478 625; x_wconf 82' lang='lat' dir='ltr'>agnitio-</span> 
     </span>
     <span class='ocr_line' id='line_1_8' title="bbox 145 629 1479 683; baseline 0.001 -16"><span class='ocrx_word' id='word_1_57' title='bbox 145 630 202 667; x_wconf 85' lang='lat' dir='ltr'>nis</span> <span class='ocrx_word' id='word_1_58' title='bbox 228 630 361 667; x_wconf 88' lang='lat' dir='ltr'>mortis</span> <span class='ocrx_word' id='word_1_59' title='bbox 394 636 433 669; x_wconf 84' lang='lat' dir='ltr'>ct</span> <span class='ocrx_word' id='word_1_60' title='bbox 456 630 578 675; x_wconf 82' lang='lat' dir='ltr'>vitae,</span> <span class='ocrx_word' id='word_1_61' title='bbox 611 630 713 667; x_wconf 88' lang='lat' dir='ltr'>inter</span> <span class='ocrx_word' id='word_1_62' title='bbox 746 629 879 667; x_wconf 91' lang='lat' dir='ltr'>orbem</span> <span class='ocrx_word' id='word_1_63' title='bbox 911 636 950 668; x_wconf 90' lang='lat' dir='ltr'>et</span> <span class='ocrx_word' id='word_1_64' title='bbox 975 629 1210 681; x_wconf 68' lang='lat' dir='ltr'>paradisum,</span> <span class='ocrx_word' id='word_1_65' title='bbox 1245 632 1346 670; x_wconf 82' lang='lat' dir='ltr'>inter</span> <span class='ocrx_word' id='word_1_66' title='bbox 1371 630 1479 683; x_wconf 87' lang='lat' dir='ltr'>aqui-</span> 
     </span>
     <span class='ocr_line' id='line_1_9' title="bbox 146 687 1478 740; baseline 0.001 -15"><span class='ocrx_word' id='word_1_67' title='bbox 146 700 246 738; x_wconf 81' lang='lat' dir='ltr'>gena</span> <span class='ocrx_word' id='word_1_68' title='bbox 284 693 323 725; x_wconf 92' lang='lat' dir='ltr'>et</span> <span class='ocrx_word' id='word_1_69' title='bbox 359 687 558 737; x_wconf 87' lang='lat' dir='ltr'>terrigena</span> <span class='ocrx_word' id='word_1_70' title='bbox 595 687 787 725; x_wconf 84' lang='lat' dir='ltr'>animalia.</span> <span class='ocrx_word' id='word_1_71' title='bbox 850 687 985 725; x_wconf 84' lang='lat' dir='ltr'>Omnia</span> <span class='ocrx_word' id='word_1_72' title='bbox 1022 687 1478 740; x_wconf 26' lang='lat' dir='ltr'>utssbonitas⁴eoncepit‚</span> 
     </span>
     <span class='ocr_line' id='line_1_10' title="bbox 146 743 1480 796; baseline 0.001 -14"><span class='ocrx_word' id='word_1_73' title='bbox 146 745 199 783; x_wconf 88' lang='lat' dir='ltr'>ita</span> <span class='ocrx_word' id='word_1_74' title='bbox 224 745 370 782; x_wconf 85' lang='lat' dir='ltr'>iustitia</span> <span class='ocrx_word' id='word_1_75' title='bbox 396 743 586 790; x_wconf 75' lang='lat' dir='ltr'><strong>distinxit,</strong></span> <span class='ocrx_word' id='word_1_76' title='bbox 614 752 735 782; x_wconf 84' lang='lat' dir='ltr'>totum</span> <span class='ocrx_word' id='word_1_77' title='bbox 760 745 834 783; x_wconf 79' lang='lat' dir='ltr'>hoc</span> <span class='ocrx_word' id='word_1_78' title='bbox 861 744 1032 783; x_wconf 87' lang='lat' dir='ltr'>iudicato</span> <span class='ocrx_word' id='word_1_79' title='bbox 1059 744 1282 796; x_wconf 87' lang='lat' dir='ltr'>dispositum</span> <span class='ocrx_word' id='word_1_80' title='bbox 1309 753 1348 784; x_wconf 89' lang='lat' dir='ltr'>et</span> <span class='ocrx_word' id='word_1_81' title='bbox 1366 744 1480 784; x_wconf 69' lang='lat' dir='ltr'>&#39;ordi-</span> 
     </span>
     <span class='ocr_line' id='line_1_11' title="bbox 147 801 1476 850; baseline 0.001 -11"><span class='ocrx_word' id='word_1_82' title='bbox 147 809 274 840; x_wconf 86' lang='lat' dir='ltr'>natum</span> <span class='ocrx_word' id='word_1_83' title='bbox 312 809 382 840; x_wconf 87' lang='lat' dir='ltr'>est.</span> <span class='ocrx_word' id='word_1_84' title='bbox 458 801 586 840; x_wconf 87' lang='lat' dir='ltr'>Omnis</span> <span class='ocrx_word' id='word_1_85' title='bbox 623 803 734 848; x_wconf 89' lang='lat' dir='ltr'>situs,</span> <span class='ocrx_word' id='word_1_86' title='bbox 773 802 924 840; x_wconf 89' lang='lat' dir='ltr'>habitus</span> <span class='ocrx_word' id='word_1_87' title='bbox 962 803 1259 850; x_wconf 89' lang='lat' dir='ltr'>elementorum,</span> <span class='ocrx_word' id='word_1_88' title='bbox 1299 803 1476 850; x_wconf 79' lang='lat' dir='ltr'>effectus,</span> 
     </span>
     <span class='ocr_line' id='line_1_12' title="bbox 147 859 1481 911; baseline 0 -13"><span class='ocrx_word' id='word_1_89' title='bbox 147 866 289 906; x_wconf 85' lang='lat' dir='ltr'>motus,</span> <span class='ocrx_word' id='word_1_90' title='bbox 318 867 456 906; x_wconf 86' lang='lat' dir='ltr'>status,</span> <span class='ocrx_word' id='word_1_91' title='bbox 485 866 603 906; x_wconf 89' lang='lat' dir='ltr'>ortus,</span> <span class='ocrx_word' id='word_1_92' title='bbox 632 873 793 899; x_wconf 80' lang='lat' dir='ltr'>occasus</span> <span class='ocrx_word' id='word_1_93' title='bbox 819 859 1054 911; x_wconf 88' lang='lat' dir='ltr'>singulorum</span> <span class='ocrx_word' id='word_1_94' title='bbox 1086 859 1228 899; x_wconf 82' lang='lat' dir='ltr'>iudicia</span> <span class='ocrx_word' id='word_1_95' title='bbox 1255 861 1348 899; x_wconf 79' lang='lat' dir='ltr'>sunt·</span> <span class='ocrx_word' id='word_1_96' title='bbox 1368 873 1481 899; x_wconf 86' lang='lat' dir='ltr'>erea-</span> 
     </span>
     <span class='ocr_line' id='line_1_13' title="bbox 147 916 1480 970; baseline 0.001 -15"><span class='ocrx_word' id='word_1_97' title='bbox 147 918 258 956; x_wconf 87' lang='lat' dir='ltr'>toris.</span> <span class='ocrx_word' id='word_1_98' title='bbox 306 916 367 956; x_wconf 91' lang='lat' dir='ltr'>Ne</span> <span class='ocrx_word' id='word_1_99' title='bbox 394 924 504 969; x_wconf 88' lang='lat' dir='ltr'>putes</span> <span class='ocrx_word' id='word_1_100' title='bbox 531 930 614 955; x_wconf 87' lang='lat' dir='ltr'>eum</span> <span class='ocrx_word' id='word_1_101' title='bbox 642 917 781 956; x_wconf 81' lang='lat' dir='ltr'><strong>exinde</strong></span> <span class='ocrx_word' id='word_1_102' title='bbox 807 917 974 957; x_wconf 84' lang='lat' dir='ltr'>iudicem</span> <span class='ocrx_word' id='word_1_103' title='bbox 1001 916 1271 969; x_wconf 83' lang='lat' dir='ltr'>definiendum,</span> <span class='ocrx_word' id='word_1_104' title='bbox 1299 931 1374 970; x_wconf 92' lang='lat' dir='ltr'>quo</span> <span class='ocrx_word' id='word_1_105' title='bbox 1401 931 1480 956; x_wconf 90' lang='lat' dir='ltr'>ma-</span> 
     </span>
     <span class='ocr_line' id='line_1_14' title="bbox 149 974 1483 1027; baseline 0.001 -14"><span class='ocrx_word' id='word_1_106' title='bbox 149 975 223 1013; x_wconf 90' lang='lat' dir='ltr'>lum</span> <span class='ocrx_word' id='word_1_107' title='bbox 261 976 409 1027; x_wconf 86' lang='lat' dir='ltr'>eoepit,</span> <span class='ocrx_word' id='word_1_108' title='bbox 448 982 562 1026; x_wconf 82' lang='lat' dir='ltr'>atque</span> <span class='ocrx_word' id='word_1_109' title='bbox 601 976 656 1013; x_wconf 88' lang='lat' dir='ltr'>ita</span> <span class='ocrx_word' id='word_1_110' title='bbox 694 976 876 1013; x_wconf 88' lang='lat' dir='ltr'>iustitiam</span> <span class='ocrx_word' id='word_1_111' title='bbox 914 974 962 1013; x_wconf 88' lang='lat' dir='ltr'>de</span> <span class='ocrx_word' id='word_1_112' title='bbox 1003 988 1137 1014; x_wconf 84' lang='lat' dir='ltr'>caussa</span> <span class='ocrx_word' id='word_1_113' title='bbox 1174 976 1264 1014; x_wconf 88' lang='lat' dir='ltr'>mali</span> <span class='ocrx_word' id='word_1_114' title='bbox 1299 975 1483 1022; x_wconf 53' lang='lat' dir='ltr'>offusces</span> 
     </span>
     <span class='ocr_line' id='line_1_15' title="bbox 149 1032 1481 1099; baseline 0.001 -29"><span class='ocrx_word' id='word_1_115' title='bbox 149 1032 216 1071; x_wconf 91' lang='lat' dir='ltr'>His</span> <span class='ocrx_word' id='word_1_116' title='bbox 242 1033 341 1071; x_wconf 90' lang='lat' dir='ltr'>enim</span> <span class='ocrx_word' id='word_1_117' title='bbox 368 1032 490 1070; x_wconf 87' lang='lat' dir='ltr'>modis</span> <span class='ocrx_word' id='word_1_118' title='bbox 518 1032 770 1099; x_wconf 82' lang='lat' dir='ltr'>ostendimus,</span> <span class='ocrx_word' id='word_1_119' title='bbox 799 1046 882 1071; x_wconf 89' lang='lat' dir='ltr'>eam</span> <span class='ocrx_word' id='word_1_120' title='bbox 910 1047 993 1071; x_wconf 90' lang='lat' dir='ltr'>cum</span> <span class='ocrx_word' id='word_1_121' title='bbox 1020 1034 1192 1072; x_wconf 84' lang='lat' dir='ltr'>auctrice</span> <span class='ocrx_word' id='word_1_122' title='bbox 1220 1034 1385 1072; x_wconf 90' lang='lat' dir='ltr'>omnium</span> <span class='ocrx_word' id='word_1_123' title='bbox 1410 1033 1481 1071; x_wconf 88' lang='lat' dir='ltr'>bo—</span> 
     </span>
     <span class='ocr_line' id='line_1_16' title="bbox 148 1087 1480 1142; baseline 0.001 -15"><span class='ocrx_word' id='word_1_124' title='bbox 148 1091 268 1128; x_wconf 89' lang='lat' dir='ltr'>nitate</span> <span class='ocrx_word' id='word_1_125' title='bbox 307 1090 502 1141; x_wconf 89' lang='lat' dir='ltr'>prodisse,</span> <span class='ocrx_word' id='word_1_126' title='bbox 541 1098 582 1128; x_wconf 90' lang='lat' dir='ltr'>ut</span> <span class='ocrx_word' id='word_1_127' title='bbox 619 1098 659 1129; x_wconf 89' lang='lat' dir='ltr'>et</span> <span class='ocrx_word' id='word_1_128' title='bbox 689 1091 810 1142; x_wconf 91' lang='lat' dir='ltr'>ipsam</span> <span class='ocrx_word' id='word_1_129' title='bbox 846 1087 1057 1141; x_wconf 79' lang='lat' dir='ltr'><strong>ingenitam</strong></span> <span class='ocrx_word' id='word_1_130' title='bbox 1096 1090 1169 1129; x_wconf 83' lang='lat' dir='ltr'>deo</span> <span class='ocrx_word' id='word_1_131' title='bbox 1204 1098 1244 1131; x_wconf 88' lang='lat' dir='ltr'>et</span> <span class='ocrx_word' id='word_1_132' title='bbox 1268 1091 1480 1129; x_wconf 73' lang='lat' dir='ltr'>naturalem</span> 
     </span>
     <span class='ocr_line' id='line_1_17' title="bbox 149 1147 1483 1214; baseline 0 -29"><span class='ocrx_word' id='word_1_133' title='bbox 149 1158 226 1185; x_wconf 90' lang='lat' dir='ltr'>nec</span> <span class='ocrx_word' id='word_1_134' title='bbox 255 1147 503 1186; x_wconf 72' lang='lat' dir='ltr'>obventitiam</span> <span class='ocrx_word' id='word_1_135' title='bbox 536 1147 813 1199; x_wconf 75' lang='lat' dir='ltr'>deputandam,</span> <span class='ocrx_word' id='word_1_136' title='bbox 853 1161 950 1199; x_wconf 87' lang='lat' dir='ltr'>quae</span> <span class='ocrx_word' id='word_1_137' title='bbox 983 1148 1021 1185; x_wconf 90' lang='lat' dir='ltr'>in</span> <span class='ocrx_word' id='word_1_138' title='bbox 1059 1147 1213 1186; x_wconf 90' lang='lat' dir='ltr'>domino</span> <span class='ocrx_word' id='word_1_139' title='bbox 1246 1149 1402 1214; x_wconf 84' lang='lat' dir='ltr'>inventa</span> <span class='ocrx_word' id='word_1_140' title='bbox 1433 1148 1483 1186; x_wconf 86' lang='lat' dir='ltr'>sit</span> 
     </span>
     <span class='ocr_line' id='line_1_18' title="bbox 150 1205 726 1256; baseline 0.002 -14.002"><span class='ocrx_word' id='word_1_141' title='bbox 150 1205 374 1243; x_wconf 85' lang='lat' dir='ltr'>arbitratrix</span> <span class='ocrx_word' id='word_1_142' title='bbox 401 1218 558 1256; x_wconf 90' lang='lat' dir='ltr'>operum</span> <span class='ocrx_word' id='word_1_143' title='bbox 585 1206 680 1243; x_wconf 91' lang='lat' dir='ltr'>eius.</span> <span class='ocrx_word' id='word_1_144' title='bbox 722 1246 726 1249; x_wconf 56' lang='grc'>,</span> 
     </span>
    </p>

    <p class='ocr_par' dir='ltr' id='par_1_3' title="bbox 149 1261 1497 2462">
     <span class='ocr_line' id='line_1_19' title="bbox 267 1261 1483 1315; baseline -0.002 -12"><span class='ocrx_word' id='word_1_145' title='bbox 267 1266 332 1303; x_wconf 86' lang='grc'>13.</span> <span class='ocrx_word' id='word_1_146' title='bbox 383 1261 438 1301; x_wconf 90' lang='lat' dir='ltr'>At</span> <span class='ocrx_word' id='word_1_147' title='bbox 463 1264 563 1301; x_wconf 90' lang='lat' dir='ltr'>enim</span> <span class='ocrx_word' id='word_1_148' title='bbox 589 1270 630 1302; x_wconf 92' lang='lat' dir='ltr'>ut</span> <span class='ocrx_word' id='word_1_149' title='bbox 655 1263 793 1301; x_wconf 83' lang='lat' dir='ltr'>malum</span> <span class='ocrx_word' id='word_1_150' title='bbox 818 1269 955 1315; x_wconf 89' lang='lat' dir='ltr'>postea</span> <span class='ocrx_word' id='word_1_151' title='bbox 981 1264 1125 1315; x_wconf 79' lang='lat' dir='ltr'>erupit,</span> <span class='ocrx_word' id='word_1_152' title='bbox 1153 1270 1267 1315; x_wconf 86' lang='lat' dir='ltr'>atque</span> <span class='ocrx_word' id='word_1_153' title='bbox 1292 1262 1382 1302; x_wconf 90' lang='lat' dir='ltr'>inde</span> <span class='ocrx_word' id='word_1_154' title='bbox 1407 1264 1483 1302; x_wconf 86' lang='lat' dir='ltr'>iam</span> 
     </span>
     <span class='ocr_line' id='line_1_20' title="bbox 151 1320 1483 1376; baseline 0.001 -17"><span class='ocrx_word' id='word_1_155' title='bbox 151 1321 281 1372; x_wconf 86' lang='lat' dir='ltr'>coepit</span> <span class='ocrx_word' id='word_1_156' title='bbox 305 1321 458 1358; x_wconf 84' lang='lat' dir='ltr'>bonitas</span> <span class='ocrx_word' id='word_1_157' title='bbox 484 1320 547 1359; x_wconf 90' lang='lat' dir='ltr'>dei</span> <span class='ocrx_word' id='word_1_158' title='bbox 575 1335 658 1360; x_wconf 88' lang='lat' dir='ltr'>cum</span> <span class='ocrx_word' id='word_1_159' title='bbox 685 1320 757 1359; x_wconf 82' lang='lat' dir='ltr'>adv</span> <span class='ocrx_word' id='word_1_160' title='bbox 761 1322 908 1359; x_wconf 82' lang='lat' dir='ltr'>ersario</span> <span class='ocrx_word' id='word_1_161' title='bbox 935 1334 1073 1372; x_wconf 79' lang='lat' dir='ltr'>ageie,</span> <span class='ocrx_word' id='word_1_162' title='bbox 1107 1320 1218 1360; x_wconf 81' lang='lat' dir='ltr'>aliud</span> <span class='ocrx_word' id='word_1_163' title='bbox 1237 1334 1406 1376; x_wconf 87' lang='lat' dir='ltr'>quoque</span> <span class='ocrx_word' id='word_1_164' title='bbox 1414 1320 1483 1360; x_wconf 66' lang='grc' dir='ltr'>ᾖε·-</span> 
     </span>
     <span class='ocr_line' id='line_1_21' title="bbox 150 1377 1483 1429; baseline 0.001 -14"><span class='ocrx_word' id='word_1_165' title='bbox 150 1379 296 1429; x_wconf 87' lang='lat' dir='ltr'>gotium</span> <span class='ocrx_word' id='word_1_166' title='bbox 323 1377 456 1416; x_wconf 84' lang='lat' dir='ltr'>eadem</span> <span class='ocrx_word' id='word_1_167' title='bbox 485 1379 550 1416; x_wconf 88' lang='lat' dir='ltr'>illa</span> <span class='ocrx_word' id='word_1_168' title='bbox 576 1379 721 1416; x_wconf 86' lang='lat' dir='ltr'>iustitia</span> <span class='ocrx_word' id='word_1_169' title='bbox 748 1378 810 1416; x_wconf 92' lang='lat' dir='ltr'>dei</span> <span class='ocrx_word' id='word_1_170' title='bbox 835 1384 1048 1416; x_wconf 59' lang='lat' dir='ltr'>-nactzsest</span> <span class='ocrx_word' id='word_1_171' title='bbox 1079 1380 1152 1416; x_wconf 86' lang='lat' dir='ltr'>iam</span> <span class='ocrx_word' id='word_1_172' title='bbox 1179 1378 1389 1418; x_wconf 83' lang='lat' dir='ltr'>secundum</span> <span class='ocrx_word' id='word_1_173' title='bbox 1415 1377 1483 1416; x_wconf 82' lang='lat' dir='ltr'>ad-</span> 
     </span>
     <span class='ocr_line' id='line_1_22' title="bbox 149 1434 1480 1487; baseline 0.001 -14"><span class='ocrx_word' id='word_1_174' title='bbox 149 1436 366 1473; x_wconf 77' lang='lat' dir='ltr'>versionem</span> <span class='ocrx_word' id='word_1_175' title='bbox 399 1434 628 1486; x_wconf 83' lang='lat' dir='ltr'>dirigendae</span> <span class='ocrx_word' id='word_1_176' title='bbox 660 1436 863 1482; x_wconf 82' lang='lat' dir='ltr'>bonitatis,</span> <span class='ocrx_word' id='word_1_177' title='bbox 904 1443 943 1473; x_wconf 90' lang='lat' dir='ltr'>ut</span> <span class='ocrx_word' id='word_1_178' title='bbox 974 1437 1143 1487; x_wconf 84' lang='lat' dir='ltr'>seposita</span> <span class='ocrx_word' id='word_1_179' title='bbox 1177 1436 1357 1475; x_wconf 84' lang='lat' dir='ltr'>libertate</span> <span class='ocrx_word' id='word_1_180' title='bbox 1384 1436 1480 1483; x_wconf 78' lang='lat' dir='ltr'>eius,</span> 
     </span>
     <span class='ocr_line' id='line_1_23' title="bbox 151 1492 1481 1546; baseline 0.001 -15"><span class='ocrx_word' id='word_1_181' title='bbox 151 1506 224 1544; x_wconf 81' lang='lat' dir='ltr'>qua</span> <span class='ocrx_word' id='word_1_182' title='bbox 262 1500 301 1531; x_wconf 90' lang='lat' dir='ltr'>et</span> <span class='ocrx_word' id='word_1_183' title='bbox 338 1493 438 1531; x_wconf 86' lang='lat' dir='ltr'>ultro</span> <span class='ocrx_word' id='word_1_184' title='bbox 478 1492 571 1532; x_wconf 88' lang='lat' dir='ltr'>deus</span> <span class='ocrx_word' id='word_1_185' title='bbox 609 1494 732 1532; x_wconf 89' lang='lat' dir='ltr'>bonus</span> <span class='ocrx_word' id='word_1_186' title='bbox 764 1507 833 1545; x_wconf 88' lang='lat' dir='ltr'>pro</span> <span class='ocrx_word' id='word_1_187' title='bbox 873 1494 1020 1531; x_wconf 84' lang='lat' dir='ltr'>meritis</span> <span class='ocrx_word' id='word_1_188' title='bbox 1065 1494 1247 1545; x_wconf 83' lang='lat' dir='ltr'>cuiusque</span> <span class='ocrx_word' id='word_1_189' title='bbox 1284 1500 1481 1546; x_wconf 76' lang='lat' dir='ltr'>pensetur,</span> 
     </span>
     <span class='ocr_line' id='line_1_24' title="bbox 152 1550 1484 1603; baseline 0.001 -14"><span class='ocrx_word' id='word_1_190' title='bbox 152 1550 277 1601; x_wconf 79' lang='lat' dir='ltr'>dignis</span> <span class='ocrx_word' id='word_1_191' title='bbox 304 1550 502 1597; x_wconf 86' lang='lat' dir='ltr'>offeratur,</span> <span class='ocrx_word' id='word_1_192' title='bbox 531 1550 698 1602; x_wconf 86' lang='lat' dir='ltr'>indignis</span> <span class='ocrx_word' id='word_1_193' title='bbox 721 1550 947 1602; x_wconf 84' lang='lat' dir='ltr'>denegetur,</span> <span class='ocrx_word' id='word_1_194' title='bbox 974 1551 1135 1602; x_wconf 86' lang='lat' dir='ltr'>ingratis</span> <span class='ocrx_word' id='word_1_195' title='bbox 1155 1552 1365 1598; x_wconf 82' lang='lat' dir='ltr'>auferatur,</span> <span class='ocrx_word' id='word_1_196' title='bbox 1392 1563 1484 1603; x_wconf 77' lang='lat' dir='ltr'>pro-</span> 
     </span>
     <span class='ocr_line' id='line_1_25' title="bbox 151 1607 1482 1647; baseline 0.001 -1"><span class='ocrx_word' id='word_1_197' title='bbox 151 1607 240 1646; x_wconf 90' lang='lat' dir='ltr'>inde</span> <span class='ocrx_word' id='word_1_198' title='bbox 279 1609 452 1646; x_wconf 91' lang='lat' dir='ltr'>omnibus</span> <span class='ocrx_word' id='word_1_199' title='bbox 489 1610 648 1647; x_wconf 84' lang='lat' dir='ltr'>aemulis</span> <span class='ocrx_word' id='word_1_200' title='bbox 686 1608 914 1647; x_wconf 86' lang='lat' dir='ltr'>vindicetur.</span> <span class='ocrx_word' id='word_1_201' title='bbox 977 1608 1035 1647; x_wconf 88' lang='lat' dir='ltr'>Ita</span> <span class='ocrx_word' id='word_1_202' title='bbox 1068 1620 1180 1647; x_wconf 91' lang='lat' dir='ltr'>omne</span> <span class='ocrx_word' id='word_1_203' title='bbox 1212 1609 1287 1647; x_wconf 90' lang='lat' dir='ltr'>hoc</span> <span class='ocrx_word' id='word_1_204' title='bbox 1313 1609 1482 1647; x_wconf 78' lang='lat' dir='ltr'>iustitiae</span> 
     </span>
     <span class='ocr_line' id='line_1_26' title="bbox 152 1665 1480 1719; baseline 0.001 -16"><span class='ocrx_word' id='word_1_205' title='bbox 152 1679 246 1718; x_wconf 89' lang='lat' dir='ltr'>opus</span> <span class='ocrx_word' id='word_1_206' title='bbox 271 1667 496 1717; x_wconf 82' lang='lat' dir='ltr'>procuratio</span> <span class='ocrx_word' id='word_1_207' title='bbox 517 1667 700 1705; x_wconf 86' lang='lat' dir='ltr'>bonitatis</span> <span class='ocrx_word' id='word_1_208' title='bbox 727 1674 798 1712; x_wconf 88' lang='lat' dir='ltr'>est,</span> <span class='ocrx_word' id='word_1_209' title='bbox 827 1665 927 1717; x_wconf 87' lang='lat' dir='ltr'>quod</span> <span class='ocrx_word' id='word_1_210' title='bbox 953 1665 1161 1704; x_wconf 88' lang='lat' dir='ltr'>iudicando</span> <span class='ocrx_word' id='word_1_211' title='bbox 1188 1666 1353 1714; x_wconf 81' lang='lat' dir='ltr'>damnat,</span> <span class='ocrx_word' id='word_1_212' title='bbox 1381 1665 1480 1719; x_wconf 89' lang='lat' dir='ltr'>quod</span> 
     </span>
     <span class='ocr_line' id='line_1_27' title="bbox 152 1722 1484 1776; baseline 0.002 -14"><span class='ocrx_word' id='word_1_213' title='bbox 152 1722 367 1762; x_wconf 85' lang='lat' dir='ltr'>damnando</span> <span class='ocrx_word' id='word_1_214' title='bbox 386 1725 522 1775; x_wconf 86' lang='lat' dir='ltr'>punit,</span> <span class='ocrx_word' id='word_1_215' title='bbox 551 1724 671 1776; x_wconf 88' lang='lat' dir='ltr'>quod,</span> <span class='ocrx_word' id='word_1_216' title='bbox 698 1724 911 1770; x_wconf 77' lang='lat' dir='ltr'>utdicitis,</span> <span class='ocrx_word' id='word_1_217' title='bbox 939 1725 1236 1775; x_wconf 38' lang='lat' dir='ltr'>saevit,&gt;utique</span> <span class='ocrx_word' id='word_1_218' title='bbox 1257 1724 1380 1772; x_wconf 71' lang='lat' dir='ltr'>-bono,</span> <span class='ocrx_word' id='word_1_219' title='bbox 1406 1727 1484 1764; x_wconf 81' lang='lat' dir='ltr'>non</span> 
     </span>
     <span class='ocr_line' id='line_1_28' title="bbox 151 1780 1484 1834; baseline 0.002 -16"><span class='ocrx_word' id='word_1_220' title='bbox 151 1781 270 1828; x_wconf 90' lang='lat' dir='ltr'>malo,</span> <span class='ocrx_word' id='word_1_221' title='bbox 309 1782 476 1833; x_wconf 81' lang='lat' dir='ltr'>prolicit.</span> <span class='ocrx_word' id='word_1_222' title='bbox 539 1782 713 1834; x_wconf 90' lang='lat' dir='ltr'>Denique</span> <span class='ocrx_word' id='word_1_223' title='bbox 745 1783 861 1820; x_wconf 72' lang='lat' dir='ltr'>timot</span> <span class='ocrx_word' id='word_1_224' title='bbox 891 1781 1006 1819; x_wconf 76' lang='lat' dir='ltr'>ludu</span> <span class='ocrx_word' id='word_1_225' title='bbox 986 1796 1023 1819; x_wconf 84' lang='grc' dir='ltr'>ιι</span> <span class='ocrx_word' id='word_1_226' title='bbox 1055 1780 1103 1824; x_wconf 88' lang='lat' dir='ltr'>ad</span> <span class='ocrx_word' id='word_1_227' title='bbox 1134 1781 1294 1829; x_wconf 88' lang='lat' dir='ltr'>bonum,</span> <span class='ocrx_word' id='word_1_228' title='bbox 1332 1788 1411 1820; x_wconf 84' lang='lat' dir='ltr'>non&#39;</span> <span class='ocrx_word' id='word_1_229' title='bbox 1434 1780 1484 1820; x_wconf 87' lang='lat' dir='ltr'>ad</span> 
     </span>
     <span class='ocr_line' id='line_1_29' title="bbox 151 1839 1495 1892; baseline 0.001 -16"><span class='ocrx_word' id='word_1_230' title='bbox 151 1839 288 1876; x_wconf 90' lang='lat' dir='ltr'>malum</span> <span class='ocrx_word' id='word_1_231' title='bbox 327 1840 492 1878; x_wconf 85' lang='lat' dir='ltr'>confert.</span> <span class='ocrx_word' id='word_1_232' title='bbox 553 1839 644 1879; x_wconf 92' lang='lat' dir='ltr'>Non</span> <span class='ocrx_word' id='word_1_233' title='bbox 682 1841 782 1878; x_wconf 90' lang='lat' dir='ltr'>euim</span> <span class='ocrx_word' id='word_1_234' title='bbox 820 1839 1038 1877; x_wconf 73' lang='lat' dir='ltr'>sufficiebat</span> <span class='ocrx_word' id='word_1_235' title='bbox 1075 1839 1215 1878; x_wconf 90' lang='lat' dir='ltr'>bonum</span> <span class='ocrx_word' id='word_1_236' title='bbox 1253 1851 1326 1892; x_wconf 86' lang='lat' dir='ltr'>per</span> <span class='ocrx_word' id='word_1_237' title='bbox 1361 1845 1495 1878; x_wconf 75' lang='lat' dir='ltr'>semet</span> 
     </span>
     <span class='ocr_line' id='line_1_30' title="bbox 151 1895 1485 1946; baseline 0.001 -14"><span class='ocrx_word' id='word_1_238' title='bbox 151 1895 272 1946; x_wconf 88' lang='lat' dir='ltr'>ipsum</span> <span class='ocrx_word' id='word_1_239' title='bbox 301 1896 580 1944; x_wconf 85' lang='lat' dir='ltr'>commendari,</span> <span class='ocrx_word' id='word_1_240' title='bbox 615 1900 689 1936; x_wconf 89' lang='lat' dir='ltr'>iam</span> <span class='ocrx_word' id='word_1_241' title='bbox 716 1898 783 1936; x_wconf 90' lang='lat' dir='ltr'>sub</span> <span class='ocrx_word' id='word_1_242' title='bbox 811 1896 1035 1935; x_wconf 88' lang='lat' dir='ltr'>adversario</span> <span class='ocrx_word' id='word_1_243' title='bbox 1062 1897 1255 1936; x_wconf 88' lang='lat' dir='ltr'>labor.ans</span> <span class='ocrx_word' id='word_1_244' title='bbox 1317 1895 1417 1935; x_wconf 85' lang='lat' dir='ltr'>Nam</span> <span class='ocrx_word' id='word_1_245' title='bbox 1443 1903 1485 1935; x_wconf 87' lang='lat' dir='ltr'>et</span> 
     </span>
     <span class='ocr_line' id='line_1_31' title="bbox 152 1952 1484 2007; baseline 0.002 -17"><span class='ocrx_word' id='word_1_246' title='bbox 152 1954 184 1990; x_wconf 92' lang='lat' dir='ltr'>si</span> <span class='ocrx_word' id='word_1_247' title='bbox 211 1952 514 1993; x_wconf 83' lang='lat' dir='ltr'>commendabile</span> <span class='ocrx_word' id='word_1_248' title='bbox 540 1969 612 2007; x_wconf 89' lang='lat' dir='ltr'>per</span> <span class='ocrx_word' id='word_1_249' title='bbox 636 1957 923 2007; x_wconf 84' lang='lat' dir='ltr'>semet-ipsum,</span> <span class='ocrx_word' id='word_1_250' title='bbox 950 1968 1027 1993; x_wconf 92' lang='lat' dir='ltr'>non</span> <span class='ocrx_word' id='word_1_251' title='bbox 1052 1962 1178 1993; x_wconf 88' lang='lat' dir='ltr'>tamen</span> <span class='ocrx_word' id='word_1_252' title='bbox 1210 1961 1250 1993; x_wconf 87' lang='lat' dir='ltr'>et</span> <span class='ocrx_word' id='word_1_253' title='bbox 1276 1965 1484 1993; x_wconf 86' lang='lat' dir='ltr'>conserva-</span> 
     </span>
     <span class='ocr_line' id='line_1_32' title="bbox 151 2009 1483 2064; baseline 0.002 -16"><span class='ocrx_word' id='word_1_254' title='bbox 151 2009 250 2057; x_wconf 90' lang='lat' dir='ltr'>bile,</span> <span class='ocrx_word' id='word_1_255' title='bbox 278 2012 365 2062; x_wconf 80' lang='lat' dir='ltr'>quia</span> <span class='ocrx_word' id='word_1_256' title='bbox 390 2013 647 2063; x_wconf 85' lang='lat' dir='ltr'>expugnabile</span> <span class='ocrx_word' id='word_1_257' title='bbox 674 2015 748 2051; x_wconf 87' lang='lat' dir='ltr'>iam</span> <span class='ocrx_word' id='word_1_258' title='bbox 774 2025 845 2064; x_wconf 91' lang='lat' dir='ltr'>per</span> <span class='ocrx_word' id='word_1_259' title='bbox 869 2011 1150 2059; x_wconf 88' lang='lat' dir='ltr'>adversarium,</span> <span class='ocrx_word' id='word_1_260' title='bbox 1174 2013 1250 2050; x_wconf 81' lang='lat' dir='ltr'>&#39;nisi</span> <span class='ocrx_word' id='word_1_261' title='bbox 1273 2013 1331 2050; x_wconf 88' lang='lat' dir='ltr'>vis</span> <span class='ocrx_word' id='word_1_262' title='bbox 1356 2012 1483 2063; x_wconf 70' lang='lat' dir='ltr'>ailqua</span> 
     </span>
     <span class='ocr_line' id='line_1_33' title="bbox 152 2067 1485 2122; baseline 0.001 -16"><span class='ocrx_word' id='word_1_263' title='bbox 152 2075 354 2120; x_wconf 84' lang='lat' dir='ltr'>praeesset</span> <span class='ocrx_word' id='word_1_264' title='bbox 378 2069 557 2116; x_wconf 81' lang='lat' dir='ltr'>timendi,</span> <span class='ocrx_word' id='word_1_265' title='bbox 597 2084 693 2122; x_wconf 86' lang='lat' dir='ltr'>quae</span> <span class='ocrx_word' id='word_1_266' title='bbox 713 2071 869 2108; x_wconf 80' lang='lat' dir='ltr'>‘bonum&#39;</span> <span class='ocrx_word' id='word_1_267' title='bbox 887 2071 1001 2108; x_wconf 87' lang='lat' dir='ltr'>etiam</span> <span class='ocrx_word' id='word_1_268' title='bbox 1027 2071 1205 2108; x_wconf 85' lang='lat' dir='ltr'>nolentes</span> <span class='ocrx_word' id='word_1_269' title='bbox 1232 2067 1418 2122; x_wconf 80' lang='lat' dir='ltr'>appetere</span> <span class='ocrx_word' id='word_1_270' title='bbox 1441 2075 1485 2107; x_wconf 72' lang='lat' dir='ltr'>‘et</span> 
     </span>
     <span class='ocr_line' id='line_1_34' title="bbox 154 2123 1485 2178; baseline 0.002 -15"><span class='ocrx_word' id='word_1_271' title='bbox 154 2125 351 2164; x_wconf 80' lang='lat' dir='ltr'>custodire</span> <span class='ocrx_word' id='word_1_272' title='bbox 386 2128 651 2178; x_wconf 85' lang='lat' dir='ltr'>compelleret.</span> <span class='ocrx_word' id='word_1_273' title='bbox 716 2128 896 2166; x_wconf 84' lang='lat' dir='ltr'>Ceterum</span> <span class='ocrx_word' id='word_1_274' title='bbox 930 2134 988 2165; x_wconf 82' lang='lat' dir='ltr'>tot</span> <span class='ocrx_word' id='word_1_275' title='bbox 1019 2123 1216 2165; x_wconf 83' lang='lat' dir='ltr'>illecebris</span> <span class='ocrx_word' id='word_1_276' title='bbox 1240 2127 1338 2165; x_wconf 74' lang='lat' dir='ltr'>vmali</span> <span class='ocrx_word' id='word_1_277' title='bbox 1363 2139 1485 2178; x_wconf 87' lang='lat' dir='ltr'>expu-</span> 
     </span>
     <span class='ocr_line' id='line_1_35' title="bbox 153 2183 1485 2237; baseline 0.001 -16"><span class='ocrx_word' id='word_1_278' title='bbox 153 2183 357 2235; x_wconf 86' lang='lat' dir='ltr'>gnantibus</span> <span class='ocrx_word' id='word_1_279' title='bbox 381 2184 541 2232; x_wconf 89' lang='lat' dir='ltr'>bonum,</span> <span class='ocrx_word' id='word_1_280' title='bbox 582 2185 782 2236; x_wconf 67' lang='lat' dir='ltr'>quis⁸illud</span> <span class='ocrx_word' id='word_1_281' title='bbox 808 2191 1031 2236; x_wconf 86' lang='lat' dir='ltr'>appeteret,</span> <span class='ocrx_word' id='word_1_282' title='bbox 1057 2184 1173 2236; x_wconf 72' lang='lat' dir='ltr'>,qu&#39;od</span> <span class='ocrx_word' id='word_1_283' title='bbox 1205 2183 1366 2237; x_wconf 76' lang='lat' dir='ltr'>in&#39;ipune&#39;</span> <span class='ocrx_word' id='word_1_284' title='bbox 1390 2194 1485 2222; x_wconf 83' lang='lat' dir='ltr'>eon·-</span> 
     </span>
     <span class='ocr_line' id='line_1_36' title="bbox 153 2241 1497 2294; baseline -0.001 -14"><span class='ocrx_word' id='word_1_285' title='bbox 153 2243 368 2280; x_wconf 77' lang='lat' dir='ltr'>temneret?</span> <span class='ocrx_word' id='word_1_286' title='bbox 428 2241 520 2289; x_wconf 84' lang='lat' dir='ltr'>Quis</span> <span class='ocrx_word' id='word_1_287' title='bbox 553 2241 783 2288; x_wconf 83' lang='lat' dir='ltr'>custodiret,</span> <span class='ocrx_word' id='word_1_288' title='bbox 823 2242 924 2293; x_wconf 90' lang='lat' dir='ltr'>quod</span> <span class='ocrx_word' id='word_1_289' title='bbox 955 2242 1037 2280; x_wconf 92' lang='lat' dir='ltr'>sine</span> <span class='ocrx_word' id='word_1_290' title='bbox 1064 2242 1238 2294; x_wconf 87' lang='lat' dir='ltr'>periculo</span> <span class='ocrx_word' id='word_1_291' title='bbox 1265 2241 1497 2281; x_wconf 61' lang='lat' dir='ltr'>amitteret?</span> 
     </span>
     <span class='ocr_line' id='line_1_37' title="bbox 153 2298 1483 2351; baseline -0.001 -14"><span class='ocrx_word' id='word_1_292' title='bbox 153 2298 272 2350; x_wconf 89' lang='lat' dir='ltr'>Legis</span> <span class='ocrx_word' id='word_1_293' title='bbox 309 2299 398 2338; x_wconf 90' lang='lat' dir='ltr'>mali</span> <span class='ocrx_word' id='word_1_294' title='bbox 432 2299 531 2338; x_wconf 89' lang='lat' dir='ltr'>viam</span> <span class='ocrx_word' id='word_1_295' title='bbox 570 2301 682 2338; x_wconf 88' lang='lat' dir='ltr'>latam</span> <span class='ocrx_word' id='word_1_296' title='bbox 721 2307 761 2338; x_wconf 89' lang='lat' dir='ltr'>et</span> <span class='ocrx_word' id='word_1_297' title='bbox 792 2300 909 2337; x_wconf 86' lang='lat' dir='ltr'>multo</span> <span class='ocrx_word' id='word_1_298' title='bbox 942 2300 1244 2351; x_wconf 80' lang='lat' dir='ltr'>frequentiorem</span> <span class='ocrx_word' id='word_1_299' title='bbox 1259 2301 1317 2349; x_wconf 69' lang='grc'>1)“;</span> <span class='ocrx_word' id='word_1_300' title='bbox 1356 2311 1483 2337; x_wconf 84' lang='lat' dir='ltr'>nonne</span> 
     </span>
     <span class='ocr_line' id='line_1_38' title="bbox 155 2355 1482 2406; baseline -0.001 -12"><span class='ocrx_word' id='word_1_301' title='bbox 155 2370 286 2395; x_wconf 85' lang='lat' dir='ltr'>omues</span> <span class='ocrx_word' id='word_1_302' title='bbox 312 2358 350 2396; x_wconf 93' lang='lat' dir='ltr'>in</span> <span class='ocrx_word' id='word_1_303' title='bbox 376 2357 442 2396; x_wconf 90' lang='lat' dir='ltr'>illa</span> <span class='ocrx_word' id='word_1_304' title='bbox 467 2358 691 2396; x_wconf 85' lang='lat' dir='ltr'>laberentur</span> <span class='ocrx_word' id='word_1_305' title='bbox 702 2359 755 2406; x_wconf 85' lang='lat'>2),</span> <span class='ocrx_word' id='word_1_306' title='bbox 771 2355 814 2395; x_wconf 61' lang='lat' dir='ltr'>&#39;si</span> <span class='ocrx_word' id='word_1_307' title='bbox 840 2357 936 2395; x_wconf 76' lang='lat' dir='ltr'>nihilv</span> <span class='ocrx_word' id='word_1_308' title='bbox 959 2358 998 2395; x_wconf 89' lang='lat' dir='ltr'>in</span> <span class='ocrx_word' id='word_1_309' title='bbox 1024 2358 1089 2395; x_wconf 87' lang='lat' dir='ltr'>illa</span> <span class='ocrx_word' id='word_1_310' title='bbox 1116 2358 1343 2396; x_wconf 74' lang='lat' dir='ltr'>timeretur?-</span> <span class='ocrx_word' id='word_1_311' title='bbox 1382 2355 1482 2394; x_wconf 85' lang='lat' dir='ltr'>Hor-</span> 
     </span>
     <span class='ocr_line' id='line_1_39' title="bbox 155 2413 1480 2462; baseline 0.002 -11"><span class='ocrx_word' id='word_1_312' title='bbox 155 2427 282 2453; x_wconf 86' lang='lat' dir='ltr'>remus</span> <span class='ocrx_word' id='word_1_313' title='bbox 309 2415 504 2454; x_wconf 88' lang='lat' dir='ltr'>terribiles</span> <span class='ocrx_word' id='word_1_314' title='bbox 536 2417 656 2454; x_wconf 88' lang='lat' dir='ltr'>minas</span> <span class='ocrx_word' id='word_1_315' title='bbox 690 2415 899 2462; x_wconf 77' lang='lat' dir='ltr'>creatoris,</span> <span class='ocrx_word' id='word_1_316' title='bbox 939 2421 979 2453; x_wconf 89' lang='lat' dir='ltr'>et</span> <span class='ocrx_word' id='word_1_317' title='bbox 1009 2415 1073 2454; x_wconf 81' lang='lat' dir='ltr'>vix</span> <span class='ocrx_word' id='word_1_318' title='bbox 1097 2429 1120 2453; x_wconf 88' lang='lat' dir='ltr'>a</span> <span class='ocrx_word' id='word_1_319' title='bbox 1144 2415 1244 2453; x_wconf 82' lang='lat' dir='ltr'>malo</span> <span class='ocrx_word' id='word_1_320' title='bbox 1271 2413 1480 2453; x_wconf 87' lang='lat' dir='ltr'>avellimur.</span> 
     </span>
    </p>
   </div>
   <div class='ocr_carea' id='block_1_3' title="bbox 154 2532 1482 2632">
    <p class='ocr_par' dir='ltr' id='par_1_4' title="bbox 154 2532 1482 2632">
     <span class='ocr_line' id='line_1_40' title="bbox 248 2532 1482 2600; baseline 0.002 -18"><span class='ocrx_word' id='word_1_321' title='bbox 248 2551 280 2591; x_wconf 90' lang='lat'>1)</span> <span class='ocrx_word' id='word_1_322' title='bbox 305 2553 426 2600; x_wconf 65' lang='lat' dir='ltr'>Mami.</span> <span class='ocrx_word' id='word_1_323' title='bbox 452 2555 484 2590; x_wconf 79' lang='lat'>7,</span> <span class='ocrx_word' id='word_1_324' title='bbox 510 2554 564 2585; x_wconf 73' lang='lat'>18.</span> <span class='ocrx_word' id='word_1_325' title='bbox 683 2552 721 2597; x_wconf 83' lang='lat'>2)</span> <span class='ocrx_word' id='word_1_326' title='bbox 748 2554 857 2585; x_wconf 69' lang='lat' dir='ltr'>Rhem</span> <span class='ocrx_word' id='word_1_327' title='bbox 888 2558 1030 2593; x_wconf 70' lang='lat' dir='ltr'>omnes</span> <span class='ocrx_word' id='word_1_328' title='bbox 1062 2550 1370 2593; x_wconf 71' lang='lat' dir='ltr'>illaberentur5</span> <span class='ocrx_word' id='word_1_329' title='bbox 1408 2532 1482 2594; x_wconf 70' lang='lat' dir='ltr'>mg.</span> 
     </span>
     <span class='ocr_line' id='line_1_41' title="bbox 154 2599 1223 2632; baseline -0.005 -5"><span class='ocrx_word' id='word_1_330' title='bbox 154 2606 296 2627; x_wconf 83' lang='lat' dir='ltr'>omnes</span> <span class='ocrx_word' id='word_1_331' title='bbox 322 2599 400 2629; x_wconf 85' lang='lat' dir='ltr'>illa</span> <span class='ocrx_word' id='word_1_332' title='bbox 425 2599 507 2632; x_wconf 80' lang='lat' dir='ltr'>lab.</span> <span class='ocrx_word' id='word_1_333' title='bbox 1090 2604 1093 2607; x_wconf 91' lang='lat'>·</span> <span class='ocrx_word' id='word_1_334' title='bbox 1183 2606 1189 2613; x_wconf 76' lang='lat'>,</span> <span class='ocrx_word' id='word_1_335' title='bbox 1220 2614 1223 2617; x_wconf 84' lang='lat'>-</span> 
     </span>
    </p>
   </div>
  </div>
 </body>
</html>
