1566 2808
149 207 217 246 20
409 209 534 242 ADV.
570 209 934 242 MARCIONEM
968 210 1146 243 LIBER
1181 212 1206 243 1.

151 303 223 342 sibi
250 302 448 340 constituit
472 303 592 354 ipsum
618 300 730 349 illud,
764 301 946 342 adversus
978 303 1079 355 quod
1110 311 1150 343 et
1173 304 1295 343 voluit
1319 309 1360 343 et
1384 317 1476 343 con-

152 361 271 411 cupiit
297 366 336 397 et
362 361 521 406 curavit,
550 361 628 397 sive
651 359 830 398 delictum
851 362 930 400 sive
957 369 1131 409 mortem,
1158 362 1330 414 inprimis
1355 361 1476 413 ipsum

152 418 337 456 arbitrum
375 430 506 455 eorum
541 424 580 455 et
612 416 820 464 dominum,
860 418 1022 457 hominis
1061 426 1290 461 creatorem.
1353 418 1476 458 Porro

153 475 246 512 nihil
272 475 354 512 sine
387 475 643 512 aemulatione
678 473 877 523 decurret,
918 475 1019 528 quod
1045 478 1126 515 sine
1153 476 1375 516 adversario
1401 489 1479 515 non

153 533 240 570 erit.
302 531 476 583 Denique
513 532 647 570 volens
679 539 718 570 et
750 533 1030 585 concupiscens
1061 541 1100 572 et
1125 547 1263 573 curans
1288 535 1481 573 hominem

154 591 334 636 liberare,
362 589 435 628 hoc
457 591 539 641 ipso
566 590 638 628 iam
659 591 883 637 aemulatur,
912 598 952 629 et
972 603 1070 638 eum,
1096 605 1119 629 a
1140 605 1213 644 quo
1234 592 1386 645 liberat,
1413 590 1482 630 ad-

153 661 285 686 versus
311 659 396 685 eum
427 648 580 686 scilicet
604 648 675 686 sibi
707 648 955 695 liberaturus,
995 656 1034 687 et
1060 662 1124 696 ca,
1153 648 1200 687 de
1227 649 1360 701 quibus
1386 649 1483 687 libe-

154 713 232 752 rat,
271 706 309 742 in
335 705 408 742 alia
436 705 679 743 liberaturus.
741 705 908 744 Proinde
941 707 1040 744 enim
1072 707 1320 745 aemulationi
1346 717 1484 745 occur-

155 763 291 811 rant1)
319 775 479 801 necesse
518 769 576 800 est
614 762 795 801 officiales
833 776 924 801 suae
962 764 999 801 in
1037 777 1226 816 ea‚-quae
1258 757 1484 809 aemulatur,

157 822 233 868 ira,
262 819 476 866 discordia,
505 819 652 867 odium,
681 820 925 871 dedignatio,
953 816 1188 872 indignatio,
1215 821 1321 869 bilis,
1350 821 1486 860 nolen-

156 880 229 925 tia,
258 877 416 916 offensa.
474 877 580 916 Haec
607 879 733 916 omnia
759 879 790 916 si
817 879 1069 928 aemulationi
1090 878 1291 925 adsistunt,
1318 878 1488 917 aemula-

158 937 211 974 tio
245 942 370 974 autem
405 934 604 974 liberando
637 936 780 975 homini
812 943 1015 988 procurat,
1054 936 1232 975 liberatio
1266 943 1391 975 autem
1417 936 1488 974 ho-

158 994 268 1032 minis
307 994 481 1044 operatio
519 993 702 1034 bonitatis
741 1001 817 1032 est:
858 1007 933 1031 non
971 995 1117 1045 poterit
1149 1007 1196 1033 ca
1226 994 1380 1032 bonitas
1405 994 1488 1032 sine

159 1052 236 1090 suis
263 1049 426 1098 dotibus,
454 1050 492 1088 id
519 1051 678 1090 estsine
699 1052 874 1090 sensibus
900 1058 939 1090 et
964 1052 1178 1098 affectibus,
1205 1065 1276 1103 per
1301 1064 1395 1103 quos
1421 1049 1489 1089 ad-

160 1109 414 1154 ministratur,
442 1107 626 1159 adversus
653 1116 890 1154 creatorem,
918 1121 965 1146 ne
992 1110 1047 1147 sic
1075 1121 1226 1160 quoque
1252 1108 1490 1147 irrationalis

160 1165 466 1218 praescribatur,
506 1166 537 1202 si
575 1172 710 1203 careat
746 1172 786 1203 et
823 1165 996 1203 sensibus
1034 1172 1074 1203 et
1104 1166 1309 1205 affectibus
1336 1165 1488 1204 debitis.

162 1223 267 1262 Haec
294 1222 411 1261 multo
440 1222 588 1274 plenius
615 1221 865 1260 defendemus
891 1223 929 1260 in
956 1235 1091 1261 caussa
1117 1224 1326 1271 creatoris,
1353 1223 1392 1262 in
1418 1235 1492 1275 qua

162 1288 201 1319 et
227 1279 522 1332 exprobrantur.

276 1341 345 1380 26.
395 1336 449 1375 At
487 1337 548 1375 hic
587 1337 725 1376 sufficit
760 1338 1088 1389 perversissimum
1127 1337 1238 1377 deum
1271 1336 1423 1377 ostendi
1454 1339 1493 1376 in

163 1397 246 1447 ipso
272 1396 483 1446 praeconio
504 1395 701 1432 solitariae
723 1394 920 1442 bonitatis,
950 1409 1021 1446 qua
1047 1396 1181 1433 nolunt
1206 1395 1492 1444 ei2adscribere

164 1451 352 1492 eiusmodi
377 1459 501 1490 motus
527 1453 659 1499 animi,
695 1465 789 1503 quos
821 1453 859 1490 in
892 1459 1072 1491 creatore
1098 1452 1399 1505 reprehendunt.
1451 1450 1494 1490 Si

165 1511 265 1550 enim
292 1522 415 1561 neque
442 1509 655 1548 aemulatur
679 1521 804 1560 neque
831 1508 1012 1548 iras'eitur
1037 1523 1161 1562 neque
1189 1510 1347 1549 damnat-
1368 1522 1492 1562 neque

163 1574 298 1614 vexat,
331 1574 464 1619 utpote
493 1568 554 1618 qui
581 1580 652 1605 nec
679 1566 846 1605 iudicem
873 1574 1064 1619 praestat,
1096 1582 1172 1606 non
1198 1569 1371 1615 invenio,
1400 1581 1495 1620 quo-

166 1625 280 1664 modo
313 1625 367 1663 illi
399 1624 685 1676 disciplinarum
711 1626 810 1663 ratio
838 1626 1042 1672 consistat,
1082 1632 1122 1664 et
1152 1625 1303 1678 quidem
1328 1626 1492 1677 plenior.

169 1683 288 1731 Quale
321 1689 381 1721 cst
413 1684 530 1729 enim,
569 1690 610 1720 ut
640 1690 851 1735 praecepta
881 1684 1090 1723 constituat
1120 1697 1196 1722 non
1229 1690 1494 1729 exsecuturus,

167 1748 208 1779 ut
239 1739 383 1779 delicta
414 1740 618 1792 prohibeat
649 1754 724 1778 non
755 1739 1036 1787 vindicaturus,
1075 1742 1163 1793 quia
1200 1754 1276 1779 non
1307 1739 1497 1779 iudicatu-

168 1812 251 1845 rus,
290 1804 496 1836 extrancus
527 1798 680 1836 scilicet
711 1798 757 1836 ab
790 1798 966 1836 omnibus
999 1799 1173 1838 sensibus
1210 1798 1427 1837 severitatis
1459 1803 1514 1845 etx

170 1854 539 1894 animadversionis?
605 1855 684 1893 Cur
719 1856 819 1894 enim
858 1855 1038 1908 prohibet
1071 1855 1242 1903 admitti,
1283 1854 1384 1907 quod
1421 1867 1497 1894 nou

171 1912 345 1951 defendit
380 1911 603 1959 admissum,
650 1926 734 1951 cum
773 1914 889 1962 multo
927 1914 1073 1952 rectius
1110 1927 1186 1951 non
1222 1913 1496 1965 prohibuisset,

172 1969 273 2022 quod
300 1969 526 2008 defensurus
552 1984 627 2008 non
654 1978 775 2016 esset,
810 1984 919 2022 quam
946 1978 987 2008 ut
1012 1985 1086 2008 non
1113 1970 1360 2018 defenderet,
1395 1968 1498 2022 quod

166 2027 455 2080 prohibuisset?
481 2029 555 2065 imo
582 2034 622 2065 et
646 2029 866 2079 permisisse
900 2027 1050 2066 directo
1077 2028 1226 2076 debuit,
1253 2029 1335 2068 sine
1363 2039 1499 2066 caussa

172 2085 453 2138 prohibituruS,
481 2092 522 2123 ut
547 2098 622 2122 non
649 2084 889 2124 defensurus.
952 2085 1051 2124 Nam
1077 2094 1116 2124 et
1140 2079 1239 2124 nunc
1266 2087 1384 2124 tacite
1409 2098 1499 2138 per-

172 2144 325 2181 missum
357 2149 433 2189 est,
474 2141 574 2194 quod
606 2144 688 2181 sine
720 2143 866 2181 ultione
900 2143 1144 2195 prohibetur,
1183 2148 1224 2182 et
1254 2145 1384 2195 utique
1422 2155 1499 2181 non

174 2199 277 2242 aliud
302 2200 484 2252 prohibet
509 2199 676 2247 admitti,
711 2213 819 2252 quam
853 2196 954 2252 quod
979 2215 1055 2239 non
1078 2208 1183 2239 amat
1208 2201 1305 2240 fieri.
1369 2199 1500 2252 Stupi-

175 2257 350 2297 dissimus
380 2256 502 2308 ergo,
543 2259 606 2310 qui
643 2271 718 2296 non
757 2258 965 2296 offenditur
1001 2259 1124 2306 facto,
1164 2257 1266 2311 quod
1298 2255 1374 2300 non
1399 2264 1502 2297 amat

176 2316 280 2363 fieri,
320 2314 471 2368 quando
505 2315 653 2354 offensa
679 2329 808 2365 comes
834 2317 883 2354 sit
907 2316 1115 2360 frustratae
1141 2317 1361 2355 voluntatis.
1421 2315 1501 2355 Aut

176 2375 207 2412 si
234 2372 460 2421 offenditur,
488 2373 606 2412 debet
630 2374 764 2422 irasci3
792 2374 823 2412 si
850 2374 1049 2421 irascitur,
1077 2373 1194 2413 debet
1218 2374 1366 2413 ulcisci.
1399 2371 1499 2411 Nam

177 2438 217 2469 et
240 2432 336 2469 ultio
362 2431 508 2470 fructus
534 2438 594 2470 est
618 2432 718 2478 irae,
753 2438 792 2470 et
817 2432 874 2469 ira
900 2430 1068 2470 debitum
1096 2431 1286 2478 offensae,
1313 2438 1353 2469 et
1377 2429 1500 2468 offen-

178 2501 237 2535 sa,
275 2495 318 2526 ut
344 2487 440 2536 dixi,
473 2502 603 2528 comes
628 2489 834 2528 frustratae
859 2489 1079 2529 voluntatis.
1142 2488 1222 2528 Sed
1246 2501 1322 2527 non
1349 2488 1501 2527 ulcisci-

272 2616 308 2654 1)
334 2616 407 2655 Rig.
434 2620 707 2649 concurrant.
