1566 2808
172 211 279 247 191
428 213 942 245 ADt2MAR01oNEM
980 215 1155 245 {ABER
1191 216 1245 247 lv.

175 306 203 343 Ο
232 304 343 343 deum
370 318 445 342 non
471 312 613 344 natura,
631 305 858 352 beneficum,
886 305 953 345 sed
979 302 1256 345 aemulatione!
1308 304 1360 345 At
1385 308 1499 354 enim,

174 365 204 400 si
233 361 343 400 fidem
372 363 542 402 mulieris
569 364 780 402 invenimus
806 364 859 402 ita
890 365 1101 411 meruisse,
1142 378 1226 403 cum
1253 363 1365 403 dicit:
1406 364 1501 404 fides

174 428 237 458 tua
265 427 301 458 te
328 421 468 458 salvam
495 421 655 470 fecit31)
685 423 766 473 quis
793 434 846 469 es,
873 429 913 460 ut
939 422 1232 461 aemulationem
1260 422 1357 474 legis
1382 422 1503 461 inter-

173 479 340 529 preteris
366 479 403 516 in
430 479 504 516 isto
530 479 655 524 facto,
695 478 796 530 quod
822 480 903 531 ipse
936 479 1110 518 dominus
1136 493 1185 518 ex
1211 479 1300 518 fidei
1325 492 1504 518 remune—

174 537 324 573 ratione
353 535 495 574 editum
522 536 715 575 ostendit?
764 535 842 575 Sed
868 537 966 576 hanc
993 539 1048 576 vis
1075 538 1244 578 mulieris
1271 536 1383 576 fidem
1411 550 1506 576 cou-

175 594 361 640 stituere,
401 607 474 646 qua
513 601 800 645 contempserat
837 595 975 646 legem.
1037 593 1088 632 Et
1126 596 1187 633 cui
1220 594 1426 642 credibile,
1466 601 1507 632 ut

174 652 312 690 mulier
337 652 474 690 nullius
500 651 624 690 adhuc
651 651 714 690 dei
742 653 918 698 conscia,
952 653 1044 690 nulli
1069 651 1194 690 adhuc
1221 665 1342 691 novae
1369 653 1447 703 legi
1465 653 1504 700 2)

175 709 338 754 initiata,
367 710 492 759 legem
519 711 751 762 irrumperet
776 723 878 757 eam,
908 711 968 748 cui
995 709 1120 748 adhuc
1146 710 1375 749 tenebatur?
1425 709 1506 757 Qua

176 765 340 817 denique
369 766 442 804 fide
468 768 629 818 irrupit?
683 767 725 804 In
753 781 861 818 quem
889 767 1000 819 deum
1034 767 1230 816 credens,
1262 781 1371 820 quem
1399 774 1508 819 sper-

175 826 295 861 nens?
332 822 584 862 Creatorem?
621 823 736 863 Ceite
770 826 869 863 enim
902 838 951 863 ex
983 824 1057 863 fide
1085 826 1248 876 tetigit.
1290 824 1331 863 Si
1358 838 1407 864 ex
1433 823 1507 862 fide

177 882 386 927 creatoris,
427 895 523 933 quae
550 882 664 919 alium
697 881 807 920 deum
835 876 1058 932 ignorabat,
1098 890 1137 920 et
1163 882 1355 933 quomodo
1383 883 1507 934 legem

176 939 258 976 eius
289 939 452 990 irlupit?
499 940 591 977 Tam
624 941 723 978 enim
755 941 916 991 irrupit,
956 941 987 978 si
1019 939 1180 991 iirupit,
1220 952 1330 991 quam
1358 953 1406 995 e}
1433 938 1508 978 fide

177 997 381 1034 creatoris.
445 996 646 1043 Quomodo
678 998 777 1035 enim
815 1005 1015 1048 utrumque
1056 997 1281 1046 conveniet,
1320 1004 1362 1036 ut
1393 1004 1432 1037 et
1457 998 1510 1035 ir-

175 1054 325 1104 ruperit
361 1060 400 1091 et
437 1066 486 1091 ex
524 1053 598 1091 fide
637 1067 720 1091 eam
754 1055 956 1106 irruperit,
990 1062 1151 1106 propter
1183 1056 1509 1107 quamirrnpisse

176 1124 253 1147 non
280 1109 437 1148 debuit?
473 1110 634 1149 Dicamr
660 1110 754 1149 fides
781 1112 878 1150 baec
904 1112 977 1150 fuit
1001 1113 1137 1164 primo,
1166 1126 1239 1164 qua
1265 1111 1376 1151 deum
1401 1122 1509 1151 suum

178 1166 401 1205 confidebat
425 1168 727 1207 misericordiam
754 1170 865 1208 malle
893 1183 1002 1222 quam
1023 1170 1143 1222 ipsum
1165 1171 1410 1217 sacrificium,
1437 1182 1511 1222 qua

177 1238 263 1264 eum
291 1224 401 1263 deum
429 1233 537 1264 certa
563 1234 648 1265 erat
674 1229 828 1279 operari
853 1229 892 1265 in
918 1228 1094 1274 Christo,
1129 1237 1201 1280 qua
1227 1229 1283 1268 sic
1310 1240 1396 1267 eum
1419 1229 1511 1266 teti-

178 1284 258 1333 git,
298 1297 372 1321 non
412 1291 454 1321 ut
485 1285 674 1323 bominem
707 1294 897 1333 sanctum,
937 1299 1008 1325 nec
1041 1293 1082 1324 ut
1111 1286 1359 1352 prophetam,
1399 1298 1510 1338 quem

179 1341 514 1380 contaminabilem
540 1356 610 1395 pro
637 1343 799 1382 humana
826 1344 1039 1382 substantia
1064 1344 1196 1391 sciret,
1230 1343 1298 1382 sed
1323 1350 1365 1383 ut
1389 1344 1510 1396 ipsum

179 1396 309 1444 deum,
361 1412 470 1448 quem
508 1401 612 1438 nulla
654 1402 837 1452 spurcitia
876 1402 995 1453 pollui
1033 1412 1148 1454 posse
1186 1408 1508 1454 praesumpserat.

139 1479 143 1484 ,
179 1454 313 1520 Itaque
341 1468 417 1492 non
443 1463 589 1494 temere
616 1458 871 1509 interpretata
900 1464 959 1496 est
985 1460 1057 1497 sibi
1085 1460 1210 1509 legem
1244 1473 1289 1498 ea
1323 1460 1512 1498 contami-

179 1513 263 1550 nari
289 1512 590 1562 significantem,
625 1527 722 1565 quae
750 1523 879 1554 essent
905 1516 1241 1563 contaminabilia,
1275 1530 1352 1554 non
1384 1515 1510 1563 deum,

181 1583 291 1620 quem
318 1571 356 1607 in
383 1569 536 1608 Ch1isto
564 1571 797 1611 confidebat.
861 1571 939 1611 Sed
971 1581 1010 1612 et
1036 1572 1128 1612 illud
1155 1574 1407 1625 recogitavit,
1449 1587 1512 1612 or-

181 1627 370 1665 dinarium
408 1635 448 1666 et
491 1629 713 1668 sollemnem
758 1632 942 1669 menstrui
983 1632 1045 1670 vel
1086 1631 1291 1682 partualis⁴
1317 1632 1512 1683 sanguinis

180 1685 320 1723 fluxum
353 1686 391 1722 in
424 1686 511 1736 lege
545 1689 686 1734 taxari,
733 1688 795 1739 qui
820 1689 951 1726 veniat
982 1701 1031 1727 ex
1062 1688 1189 1726 officio
1216 1695 1396 1736 naturae,
1437 1703 1513 1727 nou
1534 1728 1541 1734 ,-

181 1755 229 1780 ex
260 1743 354 1780 vitio
393 1742 653 1782 valetudinis.⁴
699 1744 767 1783 Illa
800 1753 925 1784 autem
958 1759 1008 1784 ex
1037 1747 1132 1784 vitio
1174 1746 1405 1799 valetudinis
1449 1759 1513 1786 re-

181 1798 394 1846 dundabat,
422 1801 486 1839 cui
511 1804 587 1839 non
613 1802 764 1840 modum
792 1805 990 1855 temporis,
1017 1803 1085 1842 sed
1111 1802 1263 1843 divinae
1292 1805 1513 1843 misericor-

181 1857 268 1895 diae
296 1829 477 1897 auxilium
503 1862 763 1898 necessarium
790 1862 965 1899 sciebat.
1003 1861 1146 1913 Atque
1157 1863 1210 1900 ita
1235 1868 1363 1913 potest
1387 1861 1513 1901 videri

182 1914 307 1964 legem
334 1929 409 1952 non
435 1915 632 1968 irrupisse,
665 1917 994 1960 sed‘distimtisse.
1045 1918 1151 1958 Haec
1179 1921 1254 1958 erit
1279 1918 1387 1971 fides,
1415 1933 1512 1972 quae

183 1971 402 2010 contulerat
427 1976 542 2020 etiam
568 1976 818 2015 intellectum.
868 1977 953 2015 Nisi
982 1976 1238 2025 credideritis,
1260 1978 1399 2029 inquit,
1436 1984 1511 2016 non

181 2029 421 2079 intelligetis.
435 2032 474 2079 ³)
539 2028 645 2071 Hanc
675 2033 790 2073 fidem
823 2035 991 2086 probans
1019 2035 1191 2073 Christus
1222 2036 1305 2073 eius
1330 2035 1510 2082 feminae,

183 2099 279 2137 quae
305 2087 426 2125 solum
454 2088 639 2128 credebat
665 2094 895 2139 creatorem,
923 2094 1005 2130 eius
1031 2091 1121 2130 fidei
1147 2104 1188 2130 se
1214 2091 1325 2130 deum
1351 2105 1512 2144 respou-

183 2143 250 2191 dit,
280 2157 390 2195 quam
415 2146 605 2196 probavit.
628 2148 730 2187 Nec
756 2149 849 2187 illud
876 2151 1059 2196 omittam,
1087 2148 1201 2201 quod,
1229 2149 1322 2187 dum
1341 2151 1514 2202 tangitur

182 2199 449 2242 vestimentum
475 2204 570 2250 eius,
598 2207 727 2257 utique
760 2208 944 2258 corpori,
956 2221 1031 2244 non
1057 2207 1312 2259 phantasmati
1338 2206 1510 2254 inditum,

185 2272 325 2310 corpus
368 2273 523 2313 quoque·
563 2261 916 2312 demonstrabatur3
968 2278 1042 2302 non
1087 2266 1193 2317 quasi
1237 2266 1311 2303 iam
1350 2264 1397 2304 de
1436 2265 1510 2303 boc

183 2323 450 2368 retractemus,
478 2318 544 2357 sed
573 2321 659 2372 quia
685 2320 733 2359 ad
759 2329 1001 2373 praesentem·
1018 2323 1507 2375 conspiratquaestionem.

185 2373 227 2411 Si
260 2375 359 2412 enim
392 2389 466 2414 non
499 2385 584 2416 erat
614 2380 756 2417 ieritas
789 2381 977 2432 corporiS,
1011 2381 1235 2432 phantasma
1263 2381 1390 2431 utique
1418 2393 1510 2418 con-

185 2433 380 2480 taminari,
410 2447 482 2485 qua
507 2448 570 2474 res
596 2450 728 2483 vacua,
763 2451 837 2475 non
864 2445 1007 2490 posset.
1060 2439 1151 2486 Qui
1156 2445 1253 2488 ergo
1279 2451 1354 2475 non
1380 2445 1511 2489 potest

279 2570 312 2606 1)
339 2573 422 2604 Luc.
437 2575 470 2612 8,
490 2575 544 2611 48.
639 2576 676 2616 2)
705 2576 763 2608 Sic
779 2577 957 2608 Wouweri
981 2574 1073 2615 cod-3
1101 2575 1208 2607 ceteri
1227 2575 1322 2608 editt
1336 2577 1509 2608 -nullius
1560 2581 1566 2610 ‚²

186 2631 219 2637 --
241 2616 358 2655 legis.
432 2620 468 2659 3)
484 2622 546 2653 les
562 2623 593 2661 Ὗ,
610 2624 641 2652 9.
