1604 2800
161 180 266 219 102
380 179 454 211 DE
490 175 1006 210 RESURRECTIONE
1045 174 1274 210 cAans.

162 272 397 327 appendices
422 271 532 310 huius
566 269 681 308 officii
707 267 842 308 sordes
869 281 960 308 caro
988 269 1035 309 de
1061 271 1220 322 proprio
1246 282 1316 308 suo
1346 270 1494 310 incom-

162 331 276 370 modo
303 331 503 368 instaurat.
564 326 780 378 Virginitas
811 339 961 378 quoque
993 335 1034 367 et
1064 326 1230 366 viduitas
1255 333 1297 366 et
1320 326 1496 367 modesta

161 391 200 427 in
239 387 394 426 occulto
426 385 659 424 matrimonii
691 383 943 424 dissimulatio
975 392 1016 424 et
1045 398 1121 424 una
1152 385 1290 424 notitia
1326 385 1409 424 eius
1445 383 1494 425 de

161 446 272 484 honis
299 444 426 483 carnis
452 442 527 482 deo
554 441 771 481 adolentur.
831 440 919 493 Age
951 443 1046 490 iam,
1085 441 1176 494 quid
1207 441 1256 482 de
1289 454 1337 480 ea
1361 443 1494 490 sentis,

163 516 248 542 cum
273 514 345 554 pro
371 501 536 539 nominis
562 498 636 539 fide
663 500 702 539 iu
733 498 900 540 medium
932 507 1109 539 extracta
1140 507 1180 539 et
1211 498 1303 538 odio
1340 499 1496 551 publico

162 561 340 612 exposita
366 557 564 605 decertat,
603 570 687 596 cum
719 558 758 595 in
789 558 1014 597 carceribus
1046 564 1267 597 maceratur
1296 557 1497 596 teterrimo

163 618 260 657 lucis
286 617 424 663 exilio,
451 616 614 668 penuria
639 614 787 661 mundi,
814 615 1015 667 squalore,
1041 614 1236 667 paedore,
1263 614 1499 654 contumelia

162 677 307 722 victus,
347 686 395 713 ne
421 687 556 712 somno
583 671 733 725 quidem
761 672 905 720 libera,
934 674 1074 725 quippe
1101 674 1194 725 ipsis
1219 673 1334 712 etiam
1361 671 1499 711 cubili-

162 733 234 772 bus
258 733 389 771 vincta
413 731 580 783 ipsi'sque
607 731 827 770 stramentis
853 730 1059 777 lancinata,
1087 744 1172 770 cum
1198 731 1273 768 iam
1294 730 1390 768 etin
1410 729 1498 768 luce

165 790 268 827 omni
293 795 570 826 tormentorum
597 787 881 827 machinatione
908 789 1089 835 laniatur,-
1114 801 1199 827 cum
1225 786 1391 839 denique
1412 799 1501 840 sup-

164 847 291 899 pliciis
317 852 503 896 erogatur
528 845 635 882 enisa
659 843 825 882 reddere
854 844 1007 884 Christo
1038 847 1162 884 vicem
1194 843 1396 885 moriendo
1428 856 1500 895 pro

166 905 264 956 ipso,
291 910 331 942 et
356 901 508 954 quidem
534 914 605 954 per
630 900 792 940 eandem
819 914 974 943 crucem
994 914 1125 953 saepe,
1152 900 1289 939 nedum
1311 913 1382 952 per
1394 907 1501 939 atro-

166 962 275 1000 ciora
312 972 462 1012 quoque
499 960 656 1010 ingenia
693 971 916 1010 poenarum.
977 958 1063 997 Nae
1101 959 1166 997 illa
1204 958 1426 1012 beatissima
1462 963 1503 996 et

166 1018 464 1069 gloriosissima,
503 1029 599 1068 quae
632 1023 762 1067 potest
792 1015 893 1067 apud
926 1015 1117 1054 Christum
1144 1014 1336 1053 dominum
1362 1025 1501 1066 parere

167 1075 298 1114 debito
325 1081 452 1121 tanto,
490 1080 531 1111 ut
556 1073 630 1111 hoc
657 1073 778 1111 solum
805 1071 947 1111 debeat
972 1074 1028 1119 ei,
1067 1070 1168 1124 quod
1194 1072 1231 1111 ei
1257 1069 1403 1111 debere
1435 1070 1503 1112 de·-

166 1133 288 1179 sierit,
315 1132 391 1170 hoc
417 1132 538 1182 magis
556 1131 699 1177 vincta,
727 1128 826 1181 quod
849 1129 1039 1171 absoluta.

283 1192 322 1231 9.
373 1188 497 1239 Igitur
532 1195 574 1226 ut
610 1195 802 1234 retexam,
847 1200 958 1240 quam
996 1186 1090 1226 deus
1127 1185 1300 1225 manibus
1336 1187 1414 1224 suis
1451 1184 1502 1225 ad

167 1247 372 1298 imaginem
399 1244 462 1284 dei
488 1246 644 1292 struxit,
683 1258 793 1297 quam
819 1243 868 1283 de
893 1258 962 1283 suo
988 1244 1116 1283 afflatu
1141 1242 1190 1282 ad
1216 1241 1503 1282 similitudinem

168 1317 259 1342 suae
285 1303 502 1342 vivacitatis
527 1303 722 1350 animavit,
749 1315 859 1355 quam
885 1303 1085 1349 incolatui,
1110 1301 1266 1348 fructui,
1293 1299 1504 1340 dominatui

168 1362 286 1399 totius
319 1373 410 1399 suae
444 1361 683 1411 operationis
712 1361 957 1412 praeposuit,
996 1372 1106 1412 quam
1143 1359 1395 1398 sacramentis
1425 1358 1504 1398 suis

169 1417 458 1468 disciplinisque
486 1418 655 1463 vestivit,
683 1418 790 1456 cuius
815 1417 1020 1456 munditias
1045 1423 1165 1464 amat,
1205 1416 1312 1455 cuius
1337 1415 1505 1466 castiga-

169 1474 297 1511 tiones
322 1473 480 1524 probat,
514 1474 621 1511 cuius
646 1475 847 1525 passiones
872 1475 945 1513 sibi
970 1475 1182 1526 appretiat,
1214 1473 1402 1512 haeccine
1426 1485 1504 1511 non

170 1537 351 1580 resurget
376 1530 518 1567 totiens
545 1529 633 1568 dei?
690 1528 818 1576 Absit,
844 1538 886 1568 ut
911 1530 1005 1568 deus
1030 1544 1206 1568 manuum
1232 1543 1384 1568 suarum
1410 1541 1505 1582 ope-

170 1600 266 1634 ram,
293 1587 439 1638 ingenii
464 1587 522 1624 sui
548 1599 691 1632 curam,
719 1586 866 1625 afflatus
890 1587 948 1625 sui
966 1587 1156 1637 vaginam,
1182 1586 1391 1624 molitionis
1411 1598 1505 1625 suae

171 1645 364 1695 reginam,
392 1643 635 1682 liberalitatis
661 1656 751 1682 suae
778 1643 1004 1690 haeredem,
1031 1643 1230 1693 religionis
1256 1655 1347 1681 suae
1373 1655 1505 1682 sacer-

173 1700 321 1748 dotem,
349 1701 560 1739 testimonii
585 1701 642 1738 sui
668 1701 847 1747 militem,
890 1700 1033 1738 Christi
1059 1701 1117 1738 sui
1147 1711 1342 1746 sororem,
1373 1700 1413 1738 in
1437 1713 1505 1740 ae-

171 1766 322 1797 ternum
354 1757 538 1797 destituat
562 1758 770 1795 interitum.
832 1756 980 1796 Bonum
1011 1756 1123 1796 deum
1155 1756 1345 1802 novimus,
1383 1756 1505 1796 solum

173 1817 355 1868 optimum
380 1828 404 1854 a
429 1814 584 1853 Christo
615 1813 919 1862 addiscimus31)
949 1815 1011 1867 qui
1043 1813 1291 1853 dilectionem
1321 1812 1506 1853 mandans

173 1880 262 1925 post
298 1886 402 1912 suam
441 1874 480 1911 in
512 1871 799 1924 proximum,²)
833 1873 953 1911 faciet
981 1879 1022 1911 et
1051 1873 1134 1924 ipse
1161 1869 1262 1923 quod
1287 1873 1504 1924 praecepit·

173 1930 320 1981 Diliget
346 1943 501 1969 carnem
526 1937 586 1968 tot
609 1928 732 1968 modis
758 1929 831 1968 sibi
856 1930 1082 1981 proximam,
1109 1930 1182 1967 etsi
1207 1928 1408 1976 infirmam,
1434 1927 1504 1968 sed

172 1988 293 2025 virtus
318 1988 357 2025 in
382 1987 603 2025 infirmitate
629 1987 893 2039 perficitur‚³)
921 1987 994 2025 etsi
1019 1986 1263 2032 imbecillam,
1290 1984 1358 2024 sed
1383 1984 1506 2026 medi-

175 2057 261 2083 cum
286 2056 363 2081 non
389 2043 612 2082 desiderant
636 2045 709 2083 nisi
734 2045 832 2083 male
860 2044 1118 2091 habentes,·²)
1152 2043 1226 2082 etsi
1249 2042 1504 2089 inhonestam,

175 2099 245 2140 sed
270 2101 597 2139 inhonestioribus
622 2102 806 2140 maiorem
833 2101 1113 2141 circumdamus
1143 2100 1350 2146 honorem,
1366 2101 1404 2148 5)
1431 2100 1505 2139 etsi

174 2156 383 2210 perditam,
409 2156 479 2196 sed
504 2170 598 2208 ego,
624 2160 764 2211 inquit,
789 2160 897 2206 veni,
924 2167 966 2197 ut
991 2157 1093 2211 quod
1118 2157 1252 2210 periit,
1277 2156 1420 2196 salvum
1446 2156 1506 2196 fa-

177 2215 348 2266 ciam,⁶)
375 2215 448 2254 etsi
473 2217 753 2266 peccatricem,
791 2215 859 2256 sed
891 2217 991 2255 malo
1017 2216 1127 2262 mihi,
1165 2214 1306 2266 inquit,
1343 2214 1504 2253 salutem

176 2273 416 2324 peccatoris,
455 2285 565 2324 quam
590 2275 825 2324 mortem,‘¹)
852 2275 926 2313 etsi
952 2273 1186 2319 damnatam,
1219 2270 1288 2310 sed
1314 2283 1408 2323 ego,
1447 2271 1506 2309 in-

178 2331 275 2381 quit,
313 2330 526 2382 percutiam
565 2337 605 2368 et
641 2331 800 2370 sanabo.
815 2332 852 2381 8)
913 2330 1011 2379 Quid
1049 2343 1096 2370 ea
1133 2328 1345 2381 exprobras
1377 2328 1504 2383 carni,

272 2480 308 2517 1)
335 2479 416 2508 Luc.
441 2479 496 2518 18,
524 2480 576 2509 19.
673 2476 710 2521 2)
729 2480 852 2511 Matth.
879 2482 934 2521 22,
960 2482 1001 2511 37
1029 2489 1100 2519 sqq.
1196 2477 1232 2517 3)
1258 2478 1279 2507 2
1300 2477 1376 2507 Cor.
1397 2475 1451 2514 12,
1473 2478 1505 2506 9.

181 2519 216 2559 4)
239 2523 322 2555 Luc.
337 2527 368 2563 5,
384 2525 436 2557 31.
531 2524 567 2564 5)
591 2525 610 2554 1
623 2525 699 2555 Cor.
712 2526 766 2564 12,
782 2527 834 2556 23.
930 2524 967 2568 6)
993 2527 1077 2557 Luc.
1093 2527 1215 2564 19,10.
1310 2521 1347 2562 7)
1373 2520 1433 2553 ΕΖ.
1449 2521 1505 2560 18,

182 2567 236 2619 23.
332 2571 369 2609 8)
395 2570 498 2601 Deut.
511 2570 566 2610 32,
582 2571 636 2601 39.
