1604 2800
184 191 221 227 4
552 185 678 219 ADV.
716 183 1150 217 HERMOGENEM.

185 282 326 320 nemini
353 279 539 318 serviens.
603 277 735 330 ltaque
762 290 812 317 ex
835 290 911 330 quo
937 275 1031 316 deus
1063 282 1295 330 potestatem
1321 287 1426 314 suam
1451 287 1520 315 ex-

186 339 312 378 ercuit
337 337 375 375 in
402 350 484 376 eam
511 334 693 375 faciendo
709 349 758 374 ex
771 336 946 382 materia,
973 347 1024 373 ex
1047 334 1115 373 illo
1141 334 1303 373 materia
1329 331 1522 372 dominum

186 395 299 435 deum
325 408 438 447 passa
465 393 704 433 demonstrat
728 393 803 432 hoc
830 393 932 431 ilium
959 399 1035 431 tam
1062 390 1126 431 diu
1141 405 1216 430 non
1232 391 1364 438 fuisse,
1391 402 1523 443 quam-

187 452 251 492 diu
276 453 349 491 fuit
374 452 508 501 boc.¹)

303 514 343 551 4.
394 509 492 548 Hinc
519 508 685 561 denique
711 508 891 560 incipiam
913 506 961 547 de
977 507 1138 547 materia
1163 513 1396 552 retractare,
1422 502 1525 558 quod

188 582 272 608 eam
298 566 393 607 deus
419 567 491 606 sibi
518 572 736 619 comparet,
776 564 940 618 proinde
968 578 1042 604 non
1068 571 1214 611 natam,
1252 562 1416 621 proinde
1449 575 1526 601 uon

189 627 351 672 factam,
389 623 553 677 proinde
586 631 802 670 aeternam,
841 624 923 662 sine
957 623 1088 671 initio,
1126 623 1208 661 sine
1241 622 1317 661 fine
1349 621 1528 674 proposi-
1580 664 1583 667 ‚

190 690 280 722 tam.
343 682 435 730 Quis
467 684 566 721 enim
599 682 695 720 alius
732 680 795 719 dei
828 694 989 727 census,
1029 693 1138 732 quam
1164 680 1408 719 aeternitas?
1444 678 1528 731 quis

191 741 287 778 alius
324 739 567 778 aeternitatis
603 745 747 784 status,
793 748 902 789 quam
940 750 1093 789 semper
1130 738 1247 776 fuisse
1286 743 1326 776 et
1361 736 1528 775 futui-um

193 809 278 836 esse
315 809 365 835 ex
402 796 673 848 praerogativa
710 795 847 833 nuliius
892 795 990 832 initii
1035 795 1248 833 et‘nuiiius
1286 795 1397 833 finis?
1444 792 1529 831 Hoc

193 854 225 892 si
257 852 320 891 dei
357 860 417 892 est
451 853 666 904 proprium,
704 852 822 890 solius
853 850 915 890 dei
947 852 1040 898 erit,
1080 852 1186 890 cuius
1223 857 1283 890 est
1318 850 1529 903 proprium,

195 911 281 963 quia
309 911 340 948 si
366 918 407 949 et
431 911 497 948 alii
522 908 784 955 adscribatur,
822 909 897 947 iam
923 922 998 946 non
1026 909 1101 947 erit
1126 907 1188 947 dei
1215 909 1434 961 proprium,
1461 905 1532 946 sed

197 981 396 1007 commune
424 981 509 1006 cum
536 980 603 1014 eo,
640 968 700 1005 cui
727 973 766 1005 ct
791 964 1036 1004 adscribitur.
1098 964 1197 1004 Nam
1224 966 1298 1004 etsi
1323 971 1429 1012 sunt,
1468 965 1532 1017 qui

197 1025 376 1064 dicuutur
411 1023 464 1063 dii
501 1025 580 1063 sive
620 1025 658 1062 in
691 1024 804 1062 coelo
842 1024 920 1061 sive
948 1024 985 1061 in
1013 1030 1118 1061 terra
1144 1023 1319 1070 nomine,
1359 1029 1531 1061 ceterum

196 1096 291 1122 unus
318 1081 412 1121 deus
439 1089 562 1134 pater,
590 1094 639 1120 ex
665 1095 739 1133 quo
767 1081 952 1127 omnia,2)
981 1093 1055 1132 quo
1077 1080 1198 1131 magis
1213 1078 1314 1132 apud
1328 1093 1398 1118 nos
1412 1079 1532 1118 soiius

197 1139 260 1179 dei
286 1153 373 1179 esse
401 1138 554 1186 debeat,
583 1138 684 1190 quod
710 1138 772 1176 dei
799 1139 995 1190 proprium
1021 1144 1092 1184 est,
1120 1145 1160 1177 et
1184 1145 1226 1176 ut
1250 1136 1329 1176 dixi
1354 1138 1429 1176 iam
1455 1150 1533 1176 non

197 1198 393 1250 proprium
427 1204 549 1244 esset,
590 1197 652 1248 qui
683 1196 842 1234 alterius
874 1202 990 1234 esset..
1054 1194 1183 1243 Quod,
1222 1196 1254 1234 si
1286 1194 1381 1234 deus
1412 1195 1532 1242 est‚³)

197 1257 349 1294 unicum
376 1256 426 1294 sit
451 1267 612 1295 necesse
638 1261 710 1301 est,
737 1260 778 1292 ut
803 1254 913 1292 unius
938 1254 999 1291 sit.
1059 1252 1139 1292 Aut
1165 1252 1254 1306 quid
1279 1254 1355 1292 erit
1381 1253 1534 1291 unicum

200 1320 239 1350 et
265 1313 486 1363 singulare,
525 1313 597 1350 nisi
625 1312 686 1350 cui
713 1311 806 1349 nihil
838 1309 1145 1362 adaequabitur?
1181 1309 1269 1363 quid
1303 1310 1534 1364 principaie,

201 1371 273 1408 nisi
300 1368 400 1420 quod
432 1383 548 1421 super
579 1370 723 1415 omnia,
762 1369 834 1405 nisi
865 1368 965 1419 quod
998 1376 1087 1407 ante
1120 1370 1265 1416 onmia,
1309 1375 1348 1407 et
1379 1381 1428 1407 ex
1460 1381 1534 1420 quo

203 1427 353 1464 omnia?
402 1425 508 1465 Haec
535 1425 629 1464 deus
655 1426 758 1463 solus
785 1424 961 1463 habendo
996 1439 1089 1463 unus
1123 1428 1240 1471 est.⁴²)
1293 1425 1334 1464 Si
1366 1433 1408 1465 et
1438 1426 1536 1465 alius

202 1483 399 1529 habuerit,
427 1490 485 1520 tot
510 1484 583 1520 iam
609 1489 722 1521 erunt
747 1481 818 1527 dii,
853 1489 946 1532 quot
971 1482 1193 1529 habuerint,
1221 1496 1319 1534 quae
1346 1482 1409 1522 dei
1435 1489 1536 1522 sunt.

204 1539 262 1579 Ita
301 1540 565 1591 Hermogenes
602 1538 698 1577 duos
735 1537 829 1576 deos
866 1539 995 1576 infert.
1056 1539 1259 1578 Materiam
1292 1553 1421 1591 parem
1461 1539 1536 1578 deo

205 1598 334 1636 infert.
396 1597 518 1636 Deum
549 1604 675 1635 autem
709 1609 820 1634 unum
853 1608 940 1634 esse
973 1603 1148 1647 oportet,
1188 1598 1275 1648 quia
1309 1595 1410 1649 quod
1436 1610 1538 1635 sum-

172 1698 193 1709 Χ
205 1668 303 1693 mum
330 1656 391 1701 sit,
420 1653 513 1693 deus
539 1661 616 1701 est,
649 1666 831 1692 summum
858 1660 983 1691 autem
1011 1667 1086 1691 non
1113 1654 1200 1700 erit,
1228 1655 1300 1692 nisi
1326 1653 1427 1706 quod
1454 1655 1538 1692 uni-

207 1726 290 1750 cum
322 1713 458 1760 fuerit,
497 1713 649 1750 unicum
680 1719 806 1749 autem
845 1723 931 1749 esse
971 1724 1046 1748 non
1086 1711 1254 1762 poterit,
1300 1712 1361 1749 cui
1392 1710 1538 1763 aliquid

206 1769 503 1822 adaequabitur,
531 1768 810 1821 adaequabitur
829 1775 954 1807 autem
977 1767 1051 1806 deo
1074 1769 1248 1816 materia,
1278 1782 1362 1808 cum
1378 1775 1539 1808 aeterna

208 1834 401 1866 censetur.

208 1882 211 1887 ⁴
323 1888 361 1925 5.
413 1883 492 1923 Sed
519 1883 612 1923 deus
638 1883 732 1923 deus
759 1890 831 1929 est,
863 1890 903 1922 et
927 1885 1089 1923 materia
1113 1885 1275 1924 materia
1299 1891 1371 1924 est.
1422 1883 1538 1932 Quasi

211 1941 415 1980 diversitas
453 1943 644 1980 nominum
677 1942 959 1994 comparationi
999 1942 1175 1988 resistat,
1215 1942 1247 1981 si
1285 1949 1407 1981 status
1437 1940 1539 1981 idem

210 1997 439 2037 vindicetur.
492 1997 551 2037 Sit
576 2006 615 2037 et
641 2006 776 2038 natura
802 1997 972 2046 diversa,
999 2000 1049 2038 sit
1073 2006 1114 2039 et
1137 2000 1261 2038 forma
1286 2013 1361 2038 non
1387 1998 1537 2046 eadem,

212 2055 416 2094 dummodo
431 2057 468 2103 5)
502 2057 617 2107 ipsius
650 2063 770 2095 status
802 2069 876 2095 una
902 2058 950 2095 sit
975 2058 1090 2095 ratio.
1152 2056 1307 2096 Innatus
1339 2055 1452 2104 deus,
1491 2070 1540 2096 an

213 2126 288 2151 non
320 2119 360 2151 et
388 2114 520 2151 innata
552 2115 737 2152 materia?
786 2112 949 2166 Semper
979 2113 1093 2162 deus,
1130 2128 1179 2153 an
1206 2128 1287 2153 <non
1319 2127 1473 2167 semper
1500 2121 1540 2154 et

214 2171 398 2209 materia?
443 2169 568 2208 Ambo
601 2172 683 2210 sine
716 2172 845 2218 initio,
884 2171 997 2211 ambo
1029 2173 1112 2211 sine
1147 2172 1240 2220 fine,
1278 2172 1391 2212 ambo
1424 2173 1539 2211 etiam

213 2235 394 2266 auctores
425 2228 702 2275 universitatis,
743 2235 816 2267 tam
849 2231 911 2281 qui
943 2228 1059 2277 fecit,
1098 2243 1206 2282 quam
1240 2228 1288 2269 de
1320 2243 1394 2282 qua
1430 2230 1538 2269 fecit.

214 2285 350 2337 Neque
377 2286 476 2325 enim
502 2292 630 2338 potest
655 2299 731 2324 non
750 2293 790 2325 et
808 2288 968 2326 materia
988 2288 1141 2327 auctrix
1164 2288 1328 2327 omnium
1349 2286 1539 2340 deputari,

307 2446 344 2486 1)
363 2447 438 2486 Rig.
460 2457 490 2479 v.
513 2446 592 2478 hoc
612 2447 749 2480 delevit.
845 2448 882 2492 2)
904 2452 923 2480 1
939 2451 1016 2482 Cor.
1029 2452 1062 2491 8,
1079 2451 1110 2480 5.
1182 2446 1220 2489 3)
1241 2449 1323 2480 cod.
1339 2449 1540 2481 xvouweri:

218 2492 326 2528 quod
346 2492 382 2523 si
403 2493 486 2532 dei,
508 2493 683 2524 unicum
705 2497 771 2526 etc.
850 2497 887 2536 4)
909 2496 1095 2535 Gelenius,
1122 2494 1173 2526 ed.
1190 2494 1304 2535 Fran„
1327 2495 1400 2535 Rig.
1428 2495 1542 2527 Haec

218 2536 455 2569 deuseolus
476 2539 668 2571 habendo
693 2544 775 2579 est,
799 2541 1182 2573 etsolushabenclo
1210 2550 1316 2573 unus
1331 2543 1407 2572 ent.
1504 2541 1545 2583 5)

220 2581 326 2615 Rhen.
347 2584 398 2614 ed.
422 2585 446 2615 1.
464 2584 556 2616 dum
580 2586 761 2625 nomini3
795 2587 855 2619 sed
876 2587 998 2619 deinde
1021 2587 1072 2618 ed.
1092 2587 1326 2620 dummodo.
