1604 2800
810 0 885 65 ’κ
1201 0 1213 5 “
1338 0 1604 81 κε»,

569 181 694 213 Αυν.
730 165 1006 216 1υ“οΑΕοε.
1355 185 1451 222 312

125 273 216 313 cuti.
277 271 322 312 In
347 273 553 312 concilium
578 287 710 312 eorum
736 287 783 313 ne
809 276 939 313 veniat
961 276 1086 314 anima
1111 288 1214 323 mea,
1245 283 1287 316 et
1310 277 1350 316 in
1374 285 1453 317 sta-

122 331 268 370 tionem
303 343 437 369 eorum
468 344 517 370 ue
546 332 793 370 incubuerint
826 333 977 371 viscera
991 334 1028 382 ¹)
1065 346 1168 380 mea,
1207 335 1384 385 quoniam
1414 337 1454 374 iu

121 386 388 439 indignatione
425 401 494 427 sua
529 389 812 428 interfecerunt
845 389 1038 437 homines,
1076 389 1114 429 id
1146 398 1206 429 est
1228 392 1451 444 prophetas,

122 445 226 484 etin
251 447 569 498 concupiscentia
604 460 672 485 sua
709 447 1036 486 subnervaverunt
1074 451 1291 497 taurum,2)
1330 448 1370 487 id
1394 456 1456 489 est

123 501 335 550 Christum,
367 516 476 555 quem
509 511 598 555 post
627 517 762 542 necem
788 505 1060 556 prophetarum
1084 506 1382 553 iuterfecerunt,
1415 514 1456 546 et

121 572 263 599 nervos
286 562 370 600 eius
395 559 607 612 suffigendo
633 562 751 600 clavis
777 560 1060 600 desaevierunt.
1099 562 1278 601 Ceterum
1303 577 1453 610 vanum,

121 618 154 656 si
171 625 260 670 post
280 617 526 656 homicidium
547 619 622 656 iam
640 619 688 657 ab
709 620 766 657 eis
787 621 1025 658 commissum
1051 620 1136 658 aliis
1156 627 1196 659 et
1214 634 1289 658 non
1309 621 1401 673 ipsis
1414 622 1453 667 ³)

121 674 335 728 exprobrat
360 676 635 714 carnificinam.
686 675 765 714 lam
789 689 883 715 vero
904 677 1073 729 Moyses,
1100 677 1190 728 quid
1214 679 1345 729 utique
1371 685 1456 716 tan-

120 739 200 772 tum
232 739 343 779 tunc,
381 746 466 771 cum
498 733 605 771 Iesus
636 732 821 772 adversus
845 734 1034 771 Amalech
1065 734 1348 785 proeliabatur,
1387 748 1457 774 ex·

118 790 460 843 pansislmanibus
497 790 635 828 orabat
651 792 692 840 ⁴)
730 789 926 836 residens,
965 789 1116 841 quando
1154 792 1192 829 in
1229 792 1344 829 rebus
1380 798 1455 829 tam

120 847 309 894 attonitiS,
334 848 457 898 magis
478 848 608 898 utique
629 845 791 897 genibus
805 848 941 897 positis
960 853 1002 883 et
1018 847 1192 884 manibus
1206 846 1457 886 caedentibus

120 910 260 957 pectus
290 909 332 942 et
361 904 463 942 facie
496 904 599 941 humi
629 902 803 940 volutata
834 904 1050 942 orationem
1087 903 1357 943 commendare
1389 903 1458 943 ‹le-

119 960 282 1007 bnisset,
308 961 382 999 nisi
407 961 497 1012 quia
521 960 615 1006 illic,
647 959 712 998 ubi
738 972 876 998 nomen
902 960 988 998 Iesu
1014 958 1217 998 dicebatur
1240 960 1458 999 dimicaturi

121 1016 351 1070 quandoque
389 1016 574 1055 adversus
610 1015 823 1061 diabolum,
864 1017 991 1054 crucis
1019 1016 1171 1054 babitus
1196 1030 1346 1069 quoque
1372 1025 1458 1056 erat

121 1075 381 1120 necessarius,
407 1086 479 1126 per
503 1087 614 1126 quam
635 1073 741 1112 lesus
765 1074 967 1111 victoriam
988 1081 1093 1112 esset
1111 1074 1327 1112 relaturus?
1350 1074 1457 1114 Idem

121 1145 254 1172 rursus
276 1131 454 1184 Moyses,
491 1138 580 1183 post
621 1129 866 1170 interdictam
904 1131 1025 1169 omnis
1061 1131 1120 1170 rei
1156 1130 1455 1176 similitudinem,

122 1203 194 1230 cur
221 1202 384 1229 aeneum
416 1195 634 1241 serpentem
648 1190 687 1238 ⁵)
719 1188 824 1239 liguo
855 1189 1071 1240 impositum
1097 1187 1300 1240 pendentis
1324 1189 1457 1228 habitu

121 1249 161 1288 in
185 1247 449 1300 spectaculum
475 1246 611 1285 lsraeli
642 1246 810 1284 salutare
842 1246 1044 1297 proposuit
1074 1258 1122 1284 eo
1153 1252 1347 1298 tempore,
1380 1259 1456 1298 quo

122 1318 144 1344 a
170 1304 414 1357 serpentibus
439 1311 527 1356 post
555 1302 815 1342 idololatriam
847 1302 1218 1349 exterminabantur,
1251 1304 1323 1341 nisi
1354 1301 1459 1355 quod

121 1362 186 1402 hic
212 1361 443 1401 dominicam
470 1374 627 1400 crucem
649 1360 879 1406 intentabat,
908 1373 982 1412 qua
1005 1373 1166 1412 serpens
1191 1359 1367 1399 diabolus
1387 1359 1458 1398 de·

123 1419 421 1472 signabatur,⁶)
454 1426 494 1457 et
524 1419 630 1457 laeso
662 1419 800 1470 cuique
825 1417 873 1460 ab
899 1416 1087 1456 eiusmodi
1114 1417 1303 1463 colubris,
1334 1416 1374 1455 id
1399 1423 1459 1455 est

122 1477 274 1530 angelis
305 1478 407 1524 eius,
438 1489 462 1514 a
493 1475 722 1514 delictorum
753 1475 959 1526 peccantia
989 1473 1039 1512 ad
1065 1474 1206 1512 Christi
1239 1475 1366 1513 crucis
1398 1487 1459 1511 sa-

123 1542 322 1575 cramenta
348 1536 512 1581 intento,
538 1533 641 1573 salus
665 1531 917 1572 efficiebatur.
961 1530 1061 1570 Nam
1087 1532 1150 1583 qui
1175 1532 1214 1570 in
1239 1531 1341 1569 illam
1366 1538 1458 1569 tunc

122 1593 380 1646 respiciebat,
418 1605 441 1630 a
470 1605 599 1630 morsu
630 1591 864 1642 serpentium
897 1589 1145 1627 liberabatur.
1216 1586 1305 1637 Age
1342 1601 1456 1632 nunc,

122 1652 157 1689 si
181 1651 311 1701 legisti
341 1662 461 1700 penes
492 1648 720 1699 prophetam
750 1647 788 1683 iu
812 1645 986 1696 psalmis:
1025 1643 1199 1681 dominus
1235 1644 1411 1693 regnavit
1435 1656 1460 1680 a

123 1706 295 1757 ligno,⁷)
324 1711 523 1755 exspecto,
551 1702 640 1754 quid
654 1702 861 1752 intelligas,
888 1714 936 1739 ne
956 1701 1057 1738 forte
1079 1701 1277 1751 lignarium
1292 1700 1458 1751 aliquem

122 1775 256 1814 regem
294 1761 505 1812 significari
541 1761 701 1811 putetis,
740 1765 781 1796 et
815 1771 892 1796 non
925 1757 1135 1803 Christum,
1173 1758 1236 1808 qui
1268 1755 1407 1796 exinde
1433 1769 1458 1794 a

122 1820 303 1873 passione
317 1818 411 1868 ligni
424 1819 463 1867 8)
490 1823 671 1868 superata
690 1822 815 1854 morte
833 1816 1021 1866 regnavit.
1064 1812 1232 1853 Proinde
1247 1821 1287 1853 et
1300 1813 1454 1852 Esaias:

124 1877 302 1929 quoniam
332 1887 448 1927 puer,
486 1875 625 1925 inquit,
663 1879 774 1911 natus
805 1879 865 1911 est
894 1871 1023 1918 nobis,
1062 1878 1102 1909 et
1127 1870 1237 1909 datus
1261 1877 1321 1910 est
1346 1870 1457 1908 nobis

124 1934 291 1983 filius-⁹)
353 1930 452 1979 Quid
483 1944 640 1977 novum,
677 1931 709 1968 si
741 1943 817 1968 non
848 1928 896 1968 de
928 1930 1007 1967 filio
1040 1927 1104 1967 dei
1135 1927 1248 1975 dicit,
1286 1935 1327 1967 et
1357 1927 1456 1966 filius

124 1998 237 2030 natus
262 1996 323 2029 est
346 1988 477 2035 nobis,
510 1989 618 2027 cuius
649 1988 797 2026 initium
828 1987 1061 2039 imperii¹⁰)
1092 1986 1233 2024 factum
1259 1992 1319 2024 est
1343 1997 1458 2036 super

124 2049 321 2088 humerum
358 2046 500 2098 ipsius?
561 2045 654 2093 Quis
697 2045 851 2083 omnino
894 2056 1029 2094 regum
1066 2043 1216 2094 insigne
1252 2043 1456 2095 potestatis

123 2118 216 2145 snae
241 2105 401 2143 humero
426 2103 613 2155 praefert,
639 2109 681 2140 et
703 2115 781 2139 nou
806 2108 872 2139 aut
897 2101 1024 2152 capite
1044 2099 1233 2145 diadema,
1259 2106 1327 2137 aut
1345 2112 1457 2136 manu

91 2158 94 2160 ’
124 2170 331 2215 sceptrum,
358 2167 424 2199 aut
448 2161 611 2212 aliquam
637 2159 819 2211 propriae
842 2158 961 2197 vestis
980 2158 1160 2196 notam?¹
1176 2155 1215 2207 ¹)
1252 2154 1331 2194 Sed
1350 2155 1455 2194 solus

218 2301 256 2342 1)
275 2301 336 2331 Ed.
355 2300 458 2330 Fran.
472 2300 507 2330 et
525 2298 598 2337 Rig.
623 2297 780 2328 iecora.
877 2294 911 2335 2)
930 2296 1013 2326 Gen.
1034 2296 1087 2333 49,
1108 2296 1140 2326 6.
1226 2293 1263 2332 3)
1277 2291 1339 2322 Ed.
1351 2292 1453 2324 Fran.

125 2350 161 2381 ct
182 2348 258 2388 Rig.
291 2345 561 2378 commissum
599 2342 789 2374 alieuiu-
826 2342 948 2373 bovis
984 2341 1090 2380 ipnis
1120 2342 1186 2370 etc.
1280 2339 1317 2377 4)
1338 2338 1451 2368 Exod.

126 2397 182 2433 1⁷,
198 2395 252 2424 11.
347 2393 383 2430 5)
402 2393 507 2423 Num.
523 2392 577 2428 21,
593 2392 626 2421 9.
721 2385 759 2430 6)
777 2387 838 2418 Ed.
859 2388 963 2418 Fran.
985 2389 1019 2416 et
1038 2387 1113 2424 Rig.
1136 2384 1451 2424 publicabatur.

128 2439 166 2483 ⁷)
179 2441 232 2471 Pa.
248 2441 304 2477 96,
321 2440 375 2469 w.
446 2435 484 2478 8)
500 2434 693 2468 cod-Fuld.
713 2443 733 2464 a
754 2433 971 2471 pau-ionis
995 2431 1104 2470 ligni
1128 2433 1192 2460 etc.
1220 2429 1452 2460 Eddomnes:

127 2497 150 2518 a
171 2485 373 2527 passione
397 2483 571 2512 Christi.
633 2480 670 2518 9)
685 2481 749 2509 les.
763 2481 793 2517 9,
809 2481 839 2510 6.
906 2479 964 2515 10)
980 2478 1035 2508 Sic
1055 2477 1129 2506 cod.
1143 2476 1259 2513 Fuld.;
1280 2474 1385 2504 Rhen.
1399 2474 1451 2504 ed.

125 2534 150 2564 1.
170 2532 293 2564 cuius
316 2528 535 2569 imperium
562 2525 751 2561 initium;
777 2524 884 2554 ceteri
899 2523 972 2553 edd.
987 2531 1015 2552 v.
1039 2522 1213 2552 initium
1239 2520 1449 2551 deleverunt.

127 2577 185 2618 11)
210 2576 317 2608 Rhen.
343 2577 419 2605 aut
444 2573 587 2611 aliqua
614 2569 886 2612 proprietate
912 2577 1013 2599 usu·
1038 2576 1157 2598 nova.
