<?xml version="1.0" encoding="UTF-8"?>
<!DOCTYPE html PUBLIC "-//W3C//DTD XHTML 1.0 Transitional//EN"
    "http://www.w3.org/TR/xhtml1/DTD/xhtml1-transitional.dtd">
<html xmlns="http://www.w3.org/1999/xhtml" xml:lang="en" lang="en">
 <head>
  <title>
</title>
<meta http-equiv="Content-Type" content="text/html;charset=utf-8" />
  <meta name='ocr-system' content='tesseract 3.04.00' />
  <meta name='ocr-capabilities' content='ocr_page ocr_carea ocr_par ocr_line ocrx_word'/>
</head>
<body>
  <div class='ocr_page' id='page_1' title='image "./operatert34tertuoft_0595.png"; bbox 0 0 1604 2800; ppageno 0'>
   <div class='ocr_carea' id='block_1_1' title="bbox 532 198 1450 237">
    <p class='ocr_par' dir='ltr' id='par_1_1' title="bbox 532 198 1450 237">
     <span class='ocr_line' id='line_1_1' title="bbox 532 198 1450 237; baseline -0.001 -7"><span class='ocrx_word' id='word_1_1' title='bbox 532 198 656 232; x_wconf 72' lang='lat' dir='ltr'><strong>Anv.</strong></span> <span class='ocrx_word' id='word_1_2' title='bbox 690 199 986 231; x_wconf 71' lang='lat' dir='ltr'>PRAXEAN.</span> <span class='ocrx_word' id='word_1_3' title='bbox 1325 198 1450 237; x_wconf 65' lang='lat'><strong>208-</strong></span> 
     </span>
    </p>
   </div>
   <div class='ocr_carea' id='block_1_2' title="bbox 102 289 1435 460">
    <p class='ocr_par' dir='ltr' id='par_1_2' title="bbox 102 289 1435 460">
     <span class='ocr_line' id='line_1_2' title="bbox 103 289 1435 345; baseline 0 -13"><span class='ocrx_word' id='word_1_4' title='bbox 103 305 202 345; x_wconf 88' lang='lat' dir='ltr'><strong>pora</strong></span> <span class='ocrx_word' id='word_1_5' title='bbox 230 298 272 332; x_wconf 83' lang='lat' dir='ltr'><strong>et</strong></span> <span class='ocrx_word' id='word_1_6' title='bbox 301 292 759 344; x_wconf 84' lang='lat' dir='ltr'><strong>caussas&#39;scriptnrarum</strong></span> <span class='ocrx_word' id='word_1_7' title='bbox 796 303 867 343; x_wconf 88' lang='lat' dir='ltr'><strong>per</strong></span> <span class='ocrx_word' id='word_1_8' title='bbox 902 289 967 329; x_wconf 86' lang='lat' dir='ltr'><strong>dei</strong></span> <span class='ocrx_word' id='word_1_9' title='bbox 1001 291 1176 341; x_wconf 81' lang='lat' dir='ltr'><strong>gratiam</strong></span> <span class='ocrx_word' id='word_1_10' title='bbox 1200 292 1435 344; x_wconf 79' lang='lat' dir='ltr'><strong>inspicimus,</strong></span> 
     </span>
     <span class='ocr_line' id='line_1_3' title="bbox 102 346 1435 402; baseline 0.001 -13"><span class='ocrx_word' id='word_1_11' title='bbox 102 351 267 389; x_wconf 82' lang='lat' dir='ltr'><strong>maxime</strong></span> <span class='ocrx_word' id='word_1_12' title='bbox 291 349 495 402; x_wconf 76' lang='lat' dir='ltr'>paracleti,</span> <span class='ocrx_word' id='word_1_13' title='bbox 526 362 602 387; x_wconf 82' lang='lat' dir='ltr'><strong>non</strong></span> <span class='ocrx_word' id='word_1_14' title='bbox 627 348 818 388; x_wconf 86' lang='lat' dir='ltr'><strong>hominum</strong></span> <span class='ocrx_word' id='word_1_15' title='bbox 844 347 1036 400; x_wconf 81' lang='lat' dir='ltr'><strong>discipuli,</strong></span> <span class='ocrx_word' id='word_1_16' title='bbox 1067 346 1164 388; x_wconf 83' lang='lat' dir='ltr'><strong>duos</strong></span> <span class='ocrx_word' id='word_1_17' title='bbox 1189 348 1341 401; x_wconf 89' lang='lat' dir='ltr'><strong>quidem</strong></span> <span class='ocrx_word' id='word_1_18' title='bbox 1365 349 1435 390; x_wconf 90' lang='lat' dir='ltr'><strong>de-</strong></span> 
     </span>
     <span class='ocr_line' id='line_1_4' title="bbox 104 406 1433 460; baseline -0.001 -13"><span class='ocrx_word' id='word_1_19' title='bbox 104 409 271 454; x_wconf 84' lang='lat' dir='ltr'><strong>linimus,</strong></span> <span class='ocrx_word' id='word_1_20' title='bbox 310 414 457 460; x_wconf 88' lang='lat' dir='ltr'><strong>patrem</strong></span> <span class='ocrx_word' id='word_1_21' title='bbox 482 413 523 446; x_wconf 87' lang='lat' dir='ltr'><strong>et</strong></span> <span class='ocrx_word' id='word_1_22' title='bbox 547 406 683 454; x_wconf 86' lang='lat' dir='ltr'><strong>filium,</strong></span> <span class='ocrx_word' id='word_1_23' title='bbox 721 413 762 445; x_wconf 86' lang='lat' dir='ltr'><strong>et</strong></span> <span class='ocrx_word' id='word_1_24' title='bbox 790 407 865 445; x_wconf 84' lang='lat' dir='ltr'><strong>iam</strong></span> <span class='ocrx_word' id='word_1_25' title='bbox 898 413 977 444; x_wconf 83' lang='lat' dir='ltr'><strong>tres</strong></span> <span class='ocrx_word' id='word_1_26' title='bbox 1008 419 1093 445; x_wconf 87' lang='lat' dir='ltr'><strong>cum</strong></span> <span class='ocrx_word' id='word_1_27' title='bbox 1122 407 1258 459; x_wconf 85' lang='lat' dir='ltr'><strong>spiritu</strong></span> <span class='ocrx_word' id='word_1_28' title='bbox 1283 414 1433 454; x_wconf 86' lang='lat' dir='ltr'><strong>sancto,</strong></span> 
     </span>
    </p>
   </div>
   <div class='ocr_carea' id='block_1_3' title="bbox 41 463 1433 516">
    <p class='ocr_par' dir='ltr' id='par_1_3' title="bbox 41 463 1433 516">
     <span class='ocr_line' id='line_1_5' title="bbox 41 463 1433 516; baseline 0 -12"><span class='ocrx_word' id='word_1_29' title='bbox 41 479 46 483; x_wconf 92' lang='lat'>·</span> <span class='ocrx_word' id='word_1_30' title='bbox 87 463 312 506; x_wconf 78' lang='lat' dir='ltr'><strong>‘secundum</strong></span> <span class='ocrx_word' id='word_1_31' title='bbox 337 465 526 504; x_wconf 88' lang='lat' dir='ltr'><strong>rationem</strong></span> <span class='ocrx_word' id='word_1_32' title='bbox 558 465 830 511; x_wconf 85' lang='lat' dir='ltr'><strong>oeconomiae,</strong></span> <span class='ocrx_word' id='word_1_33' title='bbox 869 476 966 516; x_wconf 88' lang='lat' dir='ltr'><strong>quae</strong></span> <span class='ocrx_word' id='word_1_34' title='bbox 998 464 1093 502; x_wconf 79' lang='lat' dir='ltr'><strong>facit</strong></span> <span class='ocrx_word' id='word_1_35' title='bbox 1124 476 1337 511; x_wconf 88' lang='lat' dir='ltr'><strong>numerum,</strong></span> <span class='ocrx_word' id='word_1_36' title='bbox 1370 478 1433 513; x_wconf 86' lang='lat' dir='ltr'><strong>ne,</strong></span> 
     </span>
    </p>
   </div>
   <div class='ocr_carea' id='block_1_4' title="bbox 90 520 1436 2522">
    <p class='ocr_par' dir='ltr' id='par_1_4' title="bbox 90 520 1436 2522">
     <span class='ocr_line' id='line_1_6' title="bbox 101 520 1435 575; baseline -0.001 -13"><span class='ocrx_word' id='word_1_37' title='bbox 101 529 146 562; x_wconf 79' lang='lat' dir='ltr'><strong>nt</strong></span> <span class='ocrx_word' id='word_1_38' title='bbox 166 529 297 562; x_wconf 80' lang='lat' dir='ltr'><strong>vestra</strong></span> <span class='ocrx_word' id='word_1_39' title='bbox 326 523 562 575; x_wconf 85' lang='lat' dir='ltr'><strong>perversitas</strong></span> <span class='ocrx_word' id='word_1_40' title='bbox 593 522 727 568; x_wconf 78' lang='lat' dir='ltr'><strong>infert,</strong></span> <span class='ocrx_word' id='word_1_41' title='bbox 766 528 878 574; x_wconf 86' lang='lat' dir='ltr'><strong>pater</strong></span> <span class='ocrx_word' id='word_1_42' title='bbox 913 523 995 573; x_wconf 86' lang='lat' dir='ltr'><strong>ipse</strong></span> <span class='ocrx_word' id='word_1_43' title='bbox 1034 520 1217 561; x_wconf 86' lang='lat' dir='ltr'><strong>credatur</strong></span> <span class='ocrx_word' id='word_1_44' title='bbox 1254 524 1363 561; x_wconf 75' lang='lat' dir='ltr'><strong>natus</strong></span> <span class='ocrx_word' id='word_1_45' title='bbox 1394 530 1435 561; x_wconf 89' lang='lat' dir='ltr'><strong>et</strong></span> 
     </span>
     <span class='ocr_line' id='line_1_7' title="bbox 101 578 1432 634; baseline -0.002 -14"><span class='ocrx_word' id='word_1_46' title='bbox 101 593 248 634; x_wconf 84' lang='lat' dir='ltr'><strong>passus,</strong></span> <span class='ocrx_word' id='word_1_47' title='bbox 274 579 376 632; x_wconf 83' lang='lat' dir='ltr'><strong>qnod</strong></span> <span class='ocrx_word' id='word_1_48' title='bbox 400 593 478 618; x_wconf 86' lang='lat' dir='ltr'><strong>non</strong></span> <span class='ocrx_word' id='word_1_49' title='bbox 502 580 597 619; x_wconf 89' lang='lat' dir='ltr'><strong>licet</strong></span> <span class='ocrx_word' id='word_1_50' title='bbox 621 578 743 625; x_wconf 88' lang='lat' dir='ltr'><strong>credi,</strong></span> <span class='ocrx_word' id='word_1_51' title='bbox 771 580 948 631; x_wconf 89' lang='lat' dir='ltr'><strong>quoniam</strong></span> <span class='ocrx_word' id='word_1_52' title='bbox 974 592 1050 618; x_wconf 91' lang='lat' dir='ltr'><strong>non</strong></span> <span class='ocrx_word' id='word_1_53' title='bbox 1075 581 1129 619; x_wconf 84' lang='lat' dir='ltr'><strong>ita</strong></span> <span class='ocrx_word' id='word_1_54' title='bbox 1155 578 1337 630; x_wconf 79' lang='lat' dir='ltr'><strong>traditum</strong></span> <span class='ocrx_word' id='word_1_55' title='bbox 1359 587 1432 619; x_wconf 85' lang='lat' dir='ltr'><strong>est.</strong></span> 
     </span>
     <span class='ocr_line' id='line_1_8' title="bbox 101 635 1434 688; baseline -0.001 -11"><span class='ocrx_word' id='word_1_56' title='bbox 101 637 208 677; x_wconf 81' lang='lat' dir='ltr'><strong>Duos</strong></span> <span class='ocrx_word' id='word_1_57' title='bbox 237 644 366 677; x_wconf 81' lang='lat' dir='ltr'><strong>tamen</strong></span> <span class='ocrx_word' id='word_1_58' title='bbox 395 636 491 676; x_wconf 89' lang='lat' dir='ltr'><strong>deos</strong></span> <span class='ocrx_word' id='word_1_59' title='bbox 515 644 556 677; x_wconf 91' lang='lat' dir='ltr'><strong>et</strong></span> <span class='ocrx_word' id='word_1_60' title='bbox 585 635 682 675; x_wconf 91' lang='lat' dir='ltr'><strong>duos</strong></span> <span class='ocrx_word' id='word_1_61' title='bbox 712 635 888 675; x_wconf 89' lang='lat' dir='ltr'><strong>dominos</strong></span> <span class='ocrx_word' id='word_1_62' title='bbox 918 648 1106 688; x_wconf 81' lang='lat' dir='ltr'><strong>nunquam</strong></span> <span class='ocrx_word' id='word_1_63' title='bbox 1132 650 1182 676; x_wconf 79' lang='lat' dir='ltr'><strong>ex</strong></span> <span class='ocrx_word' id='word_1_64' title='bbox 1206 650 1275 676; x_wconf 87' lang='lat' dir='ltr'><strong>ore</strong></span> <span class='ocrx_word' id='word_1_65' title='bbox 1300 644 1434 676; x_wconf 87' lang='lat' dir='ltr'><strong>nostro</strong></span> 
     </span>
     <span class='ocr_line' id='line_1_9' title="bbox 100 693 1436 748; baseline -0.002 -13"><span class='ocrx_word' id='word_1_66' title='bbox 100 696 352 748; x_wconf 82' lang='lat' dir='ltr'><strong>proferimns3</strong></span> <span class='ocrx_word' id='word_1_67' title='bbox 384 708 461 734; x_wconf 85' lang='lat' dir='ltr'><strong>non</strong></span> <span class='ocrx_word' id='word_1_68' title='bbox 487 696 594 747; x_wconf 86' lang='lat' dir='ltr'><strong>quasi</strong></span> <span class='ocrx_word' id='word_1_69' title='bbox 617 708 695 733; x_wconf 91' lang='lat' dir='ltr'><strong>non</strong></span> <span class='ocrx_word' id='word_1_70' title='bbox 719 701 760 732; x_wconf 88' lang='lat' dir='ltr'><strong>et</strong></span> <span class='ocrx_word' id='word_1_71' title='bbox 785 702 896 746; x_wconf 85' lang='lat' dir='ltr'><strong>pater</strong></span> <span class='ocrx_word' id='word_1_72' title='bbox 919 693 1034 740; x_wconf 86' lang='lat' dir='ltr'><strong>deus,</strong></span> <span class='ocrx_word' id='word_1_73' title='bbox 1065 701 1106 733; x_wconf 91' lang='lat' dir='ltr'><strong>et</strong></span> <span class='ocrx_word' id='word_1_74' title='bbox 1129 694 1229 733; x_wconf 79' lang='lat' dir='ltr'><strong>filius</strong></span> <span class='ocrx_word' id='word_1_75' title='bbox 1253 693 1362 741; x_wconf 77' lang='lat' dir='ltr'><strong>«leus,</strong></span> <span class='ocrx_word' id='word_1_76' title='bbox 1393 702 1436 734; x_wconf 87' lang='lat' dir='ltr'><strong>et</strong></span> 
     </span>
     <span class='ocr_line' id='line_1_10' title="bbox 100 750 1435 806; baseline -0.004 -13"><span class='ocrx_word' id='word_1_77' title='bbox 100 754 257 806; x_wconf 82' lang='lat' dir='ltr'><strong>spiritns</strong></span> <span class='ocrx_word' id='word_1_78' title='bbox 282 751 395 800; x_wconf 85' lang='lat' dir='ltr'><strong>dens,</strong></span> <span class='ocrx_word' id='word_1_79' title='bbox 428 759 470 791; x_wconf 87' lang='lat' dir='ltr'><strong>et</strong></span> <span class='ocrx_word' id='word_1_80' title='bbox 493 751 588 791; x_wconf 83' lang='lat' dir='ltr'><strong>dens</strong></span> <span class='ocrx_word' id='word_1_81' title='bbox 614 752 889 803; x_wconf 85' lang='lat' dir='ltr'><strong>unusquisque,</strong></span> <span class='ocrx_word' id='word_1_82' title='bbox 919 750 1009 798; x_wconf 87' lang='lat' dir='ltr'><strong>sed,</strong></span> <span class='ocrx_word' id='word_1_83' title='bbox 1041 752 1218 803; x_wconf 85' lang='lat' dir='ltr'><strong>quoniam</strong></span> <span class='ocrx_word' id='word_1_84' title='bbox 1255 758 1363 790; x_wconf 88' lang='lat' dir='ltr'><strong>retro</strong></span> <span class='ocrx_word' id='word_1_85' title='bbox 1393 758 1435 789; x_wconf 86' lang='lat' dir='ltr'><strong>et</strong></span> 
     </span>
     <span class='ocr_line' id='line_1_11' title="bbox 101 807 1436 860; baseline -0.004 -9"><span class='ocrx_word' id='word_1_86' title='bbox 101 809 178 853; x_wconf 70' lang='lat' dir='ltr'><strong>cluo</strong></span> <span class='ocrx_word' id='word_1_87' title='bbox 196 809 251 850; x_wconf 72' lang='lat' dir='ltr'><strong>«lii</strong></span> <span class='ocrx_word' id='word_1_88' title='bbox 271 817 315 849; x_wconf 84' lang='lat' dir='ltr'><strong>et</strong></span> <span class='ocrx_word' id='word_1_89' title='bbox 337 809 413 849; x_wconf 87' lang='lat' dir='ltr'><strong>duo</strong></span> <span class='ocrx_word' id='word_1_90' title='bbox 439 808 583 848; x_wconf 86' lang='lat' dir='ltr'><strong>domini</strong></span> <span class='ocrx_word' id='word_1_91' title='bbox 606 807 944 860; x_wconf 74' lang='lat' dir='ltr'><strong>praedicabantur,</strong></span> <span class='ocrx_word' id='word_1_92' title='bbox 970 815 1028 854; x_wconf 83' lang='lat' dir='ltr'><strong>ut,</strong></span> <span class='ocrx_word' id='word_1_93' title='bbox 1055 808 1119 846; x_wconf 90' lang='lat' dir='ltr'><strong>ubi</strong></span> <span class='ocrx_word' id='word_1_94' title='bbox 1138 809 1309 846; x_wconf 81' lang='lat' dir='ltr'><strong>venisset</strong></span> <span class='ocrx_word' id='word_1_95' title='bbox 1323 807 1436 846; x_wconf 82' lang='lat' dir='ltr'><strong>C&#39;bri·</strong></span> 
     </span>
     <span class='ocr_line' id='line_1_12' title="bbox 99 863 1435 918; baseline -0.004 -11"><span class='ocrx_word' id='word_1_96' title='bbox 99 875 195 916; x_wconf 77' lang='lat' dir='ltr'><strong>stus,</strong></span> <span class='ocrx_word' id='word_1_97' title='bbox 218 874 262 907; x_wconf 87' lang='lat' dir='ltr'><strong>et</strong></span> <span class='ocrx_word' id='word_1_98' title='bbox 284 866 380 906; x_wconf 83' lang='lat' dir='ltr'><strong>deus</strong></span> <span class='ocrx_word' id='word_1_99' title='bbox 403 873 697 918; x_wconf 79' lang='lat' dir='ltr'><strong>agnosceretur,</strong></span> <span class='ocrx_word' id='word_1_100' title='bbox 723 871 765 904; x_wconf 88' lang='lat' dir='ltr'><strong>et</strong></span> <span class='ocrx_word' id='word_1_101' title='bbox 788 863 962 903; x_wconf 85' lang='lat' dir='ltr'><strong>domiuus</strong></span> <span class='ocrx_word' id='word_1_102' title='bbox 982 871 1200 911; x_wconf 85' lang='lat' dir='ltr'><strong>vocaretur,</strong></span> <span class='ocrx_word' id='word_1_103' title='bbox 1228 866 1315 916; x_wconf 89' lang='lat' dir='ltr'><strong>qnia</strong></span> <span class='ocrx_word' id='word_1_104' title='bbox 1335 864 1435 903; x_wconf 87' lang='lat' dir='ltr'><strong>filius</strong></span> 
     </span>
     <span class='ocr_line' id='line_1_13' title="bbox 100 921 1434 974; baseline -0.004 -10"><span class='ocrx_word' id='word_1_105' title='bbox 100 923 165 964; x_wconf 69' lang='lat' dir='ltr'><strong>dei</strong></span> <span class='ocrx_word' id='word_1_106' title='bbox 193 931 238 964; x_wconf 89' lang='lat' dir='ltr'><strong>et</strong></span> <span class='ocrx_word' id='word_1_107' title='bbox 265 923 423 964; x_wconf 86' lang='lat' dir='ltr'><strong>domini.</strong></span> <span class='ocrx_word' id='word_1_108' title='bbox 496 922 540 962; x_wconf 91' lang='lat' dir='ltr'><strong>Si</strong></span> <span class='ocrx_word' id='word_1_109' title='bbox 570 923 670 962; x_wconf 87' lang='lat' dir='ltr'><strong>enim</strong></span> <span class='ocrx_word' id='word_1_110' title='bbox 701 936 776 961; x_wconf 89' lang='lat' dir='ltr'><strong>una</strong></span> <span class='ocrx_word' id='word_1_111' title='bbox 806 935 975 974; x_wconf 87' lang='lat' dir='ltr'><strong>persona</strong></span> <span class='ocrx_word' id='word_1_112' title='bbox 1005 929 1046 961; x_wconf 90' lang='lat' dir='ltr'><strong>et</strong></span> <span class='ocrx_word' id='word_1_113' title='bbox 1075 921 1139 961; x_wconf 85' lang='lat' dir='ltr'><strong>dei</strong></span> <span class='ocrx_word' id='word_1_114' title='bbox 1163 928 1205 960; x_wconf 85' lang='lat' dir='ltr'><strong>et</strong></span> <span class='ocrx_word' id='word_1_115' title='bbox 1228 921 1371 960; x_wconf 86' lang='lat' dir='ltr'><strong>domini</strong></span> <span class='ocrx_word' id='word_1_116' title='bbox 1396 924 1434 960; x_wconf 90' lang='lat' dir='ltr'><strong>in</strong></span> 
     </span>
     <span class='ocr_line' id='line_1_14' title="bbox 100 978 1435 1035; baseline -0.004 -13"><span class='ocrx_word' id='word_1_117' title='bbox 100 983 304 1035; x_wconf 66' lang='lat' dir='ltr'><strong>seripturis</strong></span> <span class='ocrx_word' id='word_1_118' title='bbox 338 981 597 1027; x_wconf 80' lang='lat' dir='ltr'><strong>inveniretur,</strong></span> <span class='ocrx_word' id='word_1_119' title='bbox 636 981 773 1019; x_wconf 84' lang='lat' dir='ltr'><strong>merito</strong></span> <span class='ocrx_word' id='word_1_120' title='bbox 800 979 974 1018; x_wconf 81' lang='lat' dir='ltr'><strong>Christus</strong></span> <span class='ocrx_word' id='word_1_121' title='bbox 1005 992 1083 1017; x_wconf 89' lang='lat' dir='ltr'><strong>non</strong></span> <span class='ocrx_word' id='word_1_122' title='bbox 1112 986 1218 1018; x_wconf 76' lang='lat' dir='ltr'><strong>esset</strong></span> <span class='ocrx_word' id='word_1_123' title='bbox 1247 978 1435 1018; x_wconf 87' lang='lat' dir='ltr'><strong>admissus</strong></span> 
     </span>
     <span class='ocr_line' id='line_1_15' title="bbox 101 1036 1434 1088; baseline -0.004 -10"><span class='ocrx_word' id='word_1_124' title='bbox 101 1038 152 1078; x_wconf 67' lang='lat' dir='ltr'><strong>ad</strong></span> <span class='ocrx_word' id='word_1_125' title='bbox 176 1051 316 1078; x_wconf 83' lang='lat' dir='ltr'><strong>nomen</strong></span> <span class='ocrx_word' id='word_1_126' title='bbox 339 1037 405 1077; x_wconf 84' lang='lat' dir='ltr'><strong>dei</strong></span> <span class='ocrx_word' id='word_1_127' title='bbox 429 1045 471 1076; x_wconf 85' lang='lat' dir='ltr'><strong>et</strong></span> <span class='ocrx_word' id='word_1_128' title='bbox 494 1037 651 1076; x_wconf 89' lang='lat' dir='ltr'><strong>domini.</strong></span> <span class='ocrx_word' id='word_1_129' title='bbox 718 1036 845 1074; x_wconf 87' lang='lat' dir='ltr'><strong>Nemo</strong></span> <span class='ocrx_word' id='word_1_130' title='bbox 877 1037 977 1075; x_wconf 88' lang='lat' dir='ltr'><strong>enim</strong></span> <span class='ocrx_word' id='word_1_131' title='bbox 1009 1036 1124 1082; x_wconf 85' lang='lat' dir='ltr'><strong>alius,</strong></span> <span class='ocrx_word' id='word_1_132' title='bbox 1156 1043 1315 1088; x_wconf 84' lang='lat' dir='ltr'><strong>praeter</strong></span> <span class='ocrx_word' id='word_1_133' title='bbox 1337 1049 1434 1074; x_wconf 88' lang='lat' dir='ltr'><strong>unus</strong></span> 
     </span>
     <span class='ocr_line' id='line_1_16' title="bbox 100 1092 1434 1146; baseline -0.004 -11"><span class='ocrx_word' id='word_1_134' title='bbox 100 1095 198 1135; x_wconf 80' lang='lat' dir='ltr'><strong>deus</strong></span> <span class='ocrx_word' id='word_1_135' title='bbox 221 1103 263 1136; x_wconf 85' lang='lat' dir='ltr'><strong>et</strong></span> <span class='ocrx_word' id='word_1_136' title='bbox 285 1108 385 1134; x_wconf 83' lang='lat' dir='ltr'><strong>nnus</strong></span> <span class='ocrx_word' id='word_1_137' title='bbox 419 1093 594 1134; x_wconf 83' lang='lat' dir='ltr'><strong>dominns</strong></span> <span class='ocrx_word' id='word_1_138' title='bbox 629 1092 949 1146; x_wconf 83' lang='lat' dir='ltr'><strong>praedicabatur,</strong></span> <span class='ocrx_word' id='word_1_139' title='bbox 987 1100 1028 1133; x_wconf 83' lang='lat' dir='ltr'><strong>et</strong></span> <span class='ocrx_word' id='word_1_140' title='bbox 1058 1093 1225 1132; x_wconf 74' lang='lat' dir='ltr'><strong>futurum</strong></span> <span class='ocrx_word' id='word_1_141' title='bbox 1256 1100 1358 1139; x_wconf 85' lang='lat' dir='ltr'><strong>erat,</strong></span> <span class='ocrx_word' id='word_1_142' title='bbox 1393 1100 1434 1130; x_wconf 86' lang='lat' dir='ltr'><strong>ut</strong></span> 
     </span>
     <span class='ocr_line' id='line_1_17' title="bbox 100 1149 1435 1206; baseline -0.004 -13"><span class='ocrx_word' id='word_1_143' title='bbox 100 1155 183 1206; x_wconf 82' lang='lat' dir='ltr'><strong>ipse</strong></span> <span class='ocrx_word' id='word_1_144' title='bbox 213 1160 328 1206; x_wconf 84' lang='lat' dir='ltr'><strong>pater</strong></span> <span class='ocrx_word' id='word_1_145' title='bbox 357 1151 606 1191; x_wconf 81' lang='lat' dir='ltr'><strong>descendisse</strong></span> <span class='ocrx_word' id='word_1_146' title='bbox 636 1150 854 1197; x_wconf 85' lang='lat' dir='ltr'><strong>videretur,</strong></span> <span class='ocrx_word' id='word_1_147' title='bbox 891 1151 980 1202; x_wconf 85' lang='lat' dir='ltr'><strong>quia</strong></span> <span class='ocrx_word' id='word_1_148' title='bbox 1015 1163 1111 1190; x_wconf 86' lang='lat' dir='ltr'><strong>unns</strong></span> <span class='ocrx_word' id='word_1_149' title='bbox 1142 1149 1237 1189; x_wconf 87' lang='lat' dir='ltr'><strong>deus</strong></span> <span class='ocrx_word' id='word_1_150' title='bbox 1266 1157 1308 1189; x_wconf 91' lang='lat' dir='ltr'><strong>et</strong></span> <span class='ocrx_word' id='word_1_151' title='bbox 1337 1164 1435 1188; x_wconf 88' lang='lat' dir='ltr'><strong>nnus</strong></span> 
     </span>
     <span class='ocr_line' id='line_1_18' title="bbox 101 1207 1432 1262; baseline -0.003 -12"><span class='ocrx_word' id='word_1_152' title='bbox 101 1210 277 1250; x_wconf 82' lang='lat' dir='ltr'><strong>domin&#39;us</strong></span> <span class='ocrx_word' id='word_1_153' title='bbox 307 1210 528 1262; x_wconf 86' lang='lat' dir='ltr'><strong>legebatur,</strong></span> <span class='ocrx_word' id='word_1_154' title='bbox 560 1216 602 1247; x_wconf 92' lang='lat' dir='ltr'><strong>et</strong></span> <span class='ocrx_word' id='word_1_155' title='bbox 630 1215 713 1247; x_wconf 81' lang='lat' dir='ltr'><strong>tota</strong></span> <span class='ocrx_word' id='word_1_156' title='bbox 744 1209 974 1247; x_wconf 84' lang='lat' dir='ltr'><strong>oeconomia</strong></span> <span class='ocrx_word' id='word_1_157' title='bbox 1005 1209 1088 1247; x_wconf 86' lang='lat' dir='ltr'><strong>eius</strong></span> <span class='ocrx_word' id='word_1_158' title='bbox 1124 1207 1432 1253; x_wconf 79' lang='lat' dir='ltr'><strong>obumbraretur,</strong></span> 
     </span>
     <span class='ocr_line' id='line_1_19' title="bbox 101 1265 1435 1322; baseline -0.004 -14"><span class='ocrx_word' id='word_1_159' title='bbox 101 1281 199 1322; x_wconf 81' lang='lat' dir='ltr'><strong>quae</strong></span> <span class='ocrx_word' id='word_1_160' title='bbox 224 1270 263 1307; x_wconf 87' lang='lat' dir='ltr'><strong>in</strong></span> <span class='ocrx_word' id='word_1_161' title='bbox 288 1268 486 1307; x_wconf 80' lang='lat' dir='ltr'><strong>materiam</strong></span> <span class='ocrx_word' id='word_1_162' title='bbox 516 1265 607 1306; x_wconf 83' lang='lat' dir='ltr'><strong>fidei</strong></span> <span class='ocrx_word' id='word_1_163' title='bbox 637 1273 846 1318; x_wconf 85' lang='lat' dir='ltr'><strong>prospecta</strong></span> <span class='ocrx_word' id='word_1_164' title='bbox 875 1272 990 1318; x_wconf 85' lang='lat' dir='ltr'><strong>atque</strong></span> <span class='ocrx_word' id='word_1_165' title='bbox 1017 1265 1237 1317; x_wconf 87' lang='lat' dir='ltr'><strong>dispensata</strong></span> <span class='ocrx_word' id='word_1_166' title='bbox 1260 1272 1330 1305; x_wconf 86' lang='lat' dir='ltr'><strong>est.</strong></span> <span class='ocrx_word' id='word_1_167' title='bbox 1378 1265 1435 1303; x_wconf 79' lang='lat' dir='ltr'><strong>At</strong></span> 
     </span>
     <span class='ocr_line' id='line_1_20' title="bbox 101 1321 1431 1375; baseline -0.004 -10"><span class='ocrx_word' id='word_1_168' title='bbox 101 1326 165 1366; x_wconf 87' lang='lat' dir='ltr'><strong>ubi</strong></span> <span class='ocrx_word' id='word_1_169' title='bbox 192 1327 301 1365; x_wconf 74' lang='lat' dir='ltr'><strong>venit</strong></span> <span class='ocrx_word' id='word_1_170' title='bbox 323 1325 518 1372; x_wconf 82' lang='lat' dir='ltr'><strong>Christus,</strong></span> <span class='ocrx_word' id='word_1_171' title='bbox 556 1331 597 1363; x_wconf 86' lang='lat' dir='ltr'><strong>et</strong></span> <span class='ocrx_word' id='word_1_172' title='bbox 627 1325 805 1375; x_wconf 83' lang='lat' dir='ltr'><strong>cognitus</strong></span> <span class='ocrx_word' id='word_1_173' title='bbox 830 1330 892 1363; x_wconf 82' lang='lat' dir='ltr'><strong>est</strong></span> <span class='ocrx_word' id='word_1_174' title='bbox 913 1337 937 1362; x_wconf 87' lang='lat' dir='ltr'><strong>a</strong></span> <span class='ocrx_word' id='word_1_175' title='bbox 962 1323 1092 1370; x_wconf 82' lang='lat' dir='ltr'><strong>nobis,</strong></span> <span class='ocrx_word' id='word_1_176' title='bbox 1130 1321 1232 1374; x_wconf 87' lang='lat' dir='ltr'><strong>quod</strong></span> <span class='ocrx_word' id='word_1_177' title='bbox 1261 1324 1344 1375; x_wconf 90' lang='lat' dir='ltr'><strong>ipse</strong></span> <span class='ocrx_word' id='word_1_178' title='bbox 1369 1323 1431 1369; x_wconf 84' lang='lat' dir='ltr'><strong>sit,</strong></span> 
     </span>
     <span class='ocr_line' id='line_1_21' title="bbox 100 1380 1432 1438; baseline -0.004 -15"><span class='ocrx_word' id='word_1_179' title='bbox 100 1384 164 1438; x_wconf 71' lang='lat' dir='ltr'><strong>qui</strong></span> <span class='ocrx_word' id='word_1_180' title='bbox 188 1397 386 1423; x_wconf 80' lang='lat' dir='ltr'><strong>nnmerum</strong></span> <span class='ocrx_word' id='word_1_181' title='bbox 410 1390 518 1422; x_wconf 84' lang='lat' dir='ltr'><strong>retro</strong></span> <span class='ocrx_word' id='word_1_182' title='bbox 543 1383 708 1428; x_wconf 82' lang='lat' dir='ltr'><strong>fecerat,</strong></span> <span class='ocrx_word' id='word_1_183' title='bbox 734 1382 859 1420; x_wconf 84' lang='lat' dir='ltr'><strong>factus</strong></span> <span class='ocrx_word' id='word_1_184' title='bbox 883 1380 1075 1421; x_wconf 77' lang='lat' dir='ltr'><strong>secundos</strong></span> <span class='ocrx_word' id='word_1_185' title='bbox 1094 1393 1119 1418; x_wconf 84' lang='lat' dir='ltr'><strong>a</strong></span> <span class='ocrx_word' id='word_1_186' title='bbox 1136 1387 1259 1432; x_wconf 88' lang='lat' dir='ltr'><strong>patre,</strong></span> <span class='ocrx_word' id='word_1_187' title='bbox 1286 1387 1327 1418; x_wconf 85' lang='lat' dir='ltr'><strong>et</strong></span> <span class='ocrx_word' id='word_1_188' title='bbox 1346 1393 1432 1418; x_wconf 88' lang='lat' dir='ltr'><strong>cum</strong></span> 
     </span>
     <span class='ocr_line' id='line_1_22' title="bbox 98 1437 1432 1495; baseline -0.006 -13"><span class='ocrx_word' id='word_1_189' title='bbox 98 1443 238 1495; x_wconf 79' lang='lat' dir='ltr'><strong>spiritu</strong></span> <span class='ocrx_word' id='word_1_190' title='bbox 261 1442 411 1486; x_wconf 86' lang='lat' dir='ltr'><strong>tertius,</strong></span> <span class='ocrx_word' id='word_1_191' title='bbox 437 1447 479 1479; x_wconf 87' lang='lat' dir='ltr'><strong>et</strong></span> <span class='ocrx_word' id='word_1_192' title='bbox 501 1441 576 1478; x_wconf 88' lang='lat' dir='ltr'><strong>iam</strong></span> <span class='ocrx_word' id='word_1_193' title='bbox 600 1445 714 1491; x_wconf 84' lang='lat' dir='ltr'><strong>pater</strong></span> <span class='ocrx_word' id='word_1_194' title='bbox 736 1451 809 1490; x_wconf 87' lang='lat' dir='ltr'><strong>per</strong></span> <span class='ocrx_word' id='word_1_195' title='bbox 831 1439 953 1489; x_wconf 88' lang='lat' dir='ltr'><strong>ipsum</strong></span> <span class='ocrx_word' id='word_1_196' title='bbox 978 1438 1128 1489; x_wconf 82' lang='lat' dir='ltr'><strong>plenius</strong></span> <span class='ocrx_word' id='word_1_197' title='bbox 1148 1437 1432 1476; x_wconf 82' lang='lat' dir='ltr'><strong>manifestatus:</strong></span> 
     </span>
     <span class='ocr_line' id='line_1_23' title="bbox 98 1494 1432 1546; baseline -0.007 -6"><span class='ocrx_word' id='word_1_198' title='bbox 98 1498 298 1540; x_wconf 78' lang='lat' dir='ltr'><strong>redactum</strong></span> <span class='ocrx_word' id='word_1_199' title='bbox 315 1503 377 1537; x_wconf 80' lang='lat' dir='ltr'><strong>est</strong></span> <span class='ocrx_word' id='word_1_200' title='bbox 393 1498 470 1536; x_wconf 82' lang='lat' dir='ltr'><strong>iam</strong></span> <span class='ocrx_word' id='word_1_201' title='bbox 494 1509 634 1535; x_wconf 86' lang='lat' dir='ltr'><strong>nomen</strong></span> <span class='ocrx_word' id='word_1_202' title='bbox 658 1495 720 1535; x_wconf 85' lang='lat' dir='ltr'><strong>dei</strong></span> <span class='ocrx_word' id='word_1_203' title='bbox 748 1502 788 1534; x_wconf 86' lang='lat' dir='ltr'><strong>et</strong></span> <span class='ocrx_word' id='word_1_204' title='bbox 812 1494 955 1534; x_wconf 86' lang='lat' dir='ltr'><strong>domini</strong></span> <span class='ocrx_word' id='word_1_205' title='bbox 979 1496 1019 1533; x_wconf 89' lang='lat' dir='ltr'><strong>in</strong></span> <span class='ocrx_word' id='word_1_206' title='bbox 1043 1495 1235 1541; x_wconf 87' lang='lat' dir='ltr'><strong>unionem,</strong></span> <span class='ocrx_word' id='word_1_207' title='bbox 1262 1501 1316 1541; x_wconf 87' lang='lat' dir='ltr'><strong>ut,</strong></span> <span class='ocrx_word' id='word_1_208' title='bbox 1344 1495 1432 1546; x_wconf 90' lang='lat' dir='ltr'><strong>quia</strong></span> 
     </span>
     <span class='ocr_line' id='line_1_24' title="bbox 97 1550 1429 1598; baseline -0.006 -1"><span class='ocrx_word' id='word_1_209' title='bbox 97 1558 319 1596; x_wconf 70' lang='lat' dir='ltr'><strong>uationesa</strong></span> <span class='ocrx_word' id='word_1_210' title='bbox 334 1553 577 1594; x_wconf 75' lang='lat' dir='ltr'><strong>multitudine</strong></span> <span class='ocrx_word' id='word_1_211' title='bbox 602 1552 793 1593; x_wconf 85' lang='lat' dir='ltr'><strong>idolorum</strong></span> <span class='ocrx_word' id='word_1_212' title='bbox 817 1553 1028 1592; x_wconf 83' lang='lat' dir='ltr'><strong>transirent</strong></span> <span class='ocrx_word' id='word_1_213' title='bbox 1050 1551 1100 1591; x_wconf 86' lang='lat' dir='ltr'><strong>ad</strong></span> <span class='ocrx_word' id='word_1_214' title='bbox 1126 1552 1277 1590; x_wconf 87' lang='lat' dir='ltr'><strong>unicum</strong></span> <span class='ocrx_word' id='word_1_215' title='bbox 1303 1550 1429 1598; x_wconf 86' lang='lat' dir='ltr'><strong>deum,</strong></span> 
     </span>
     <span class='ocr_line' id='line_1_25' title="bbox 95 1608 1430 1659; baseline -0.007 -5"><span class='ocrx_word' id='word_1_216' title='bbox 95 1622 139 1655; x_wconf 73' lang='lat' dir='ltr'><strong>et</strong></span> <span class='ocrx_word' id='word_1_217' title='bbox 160 1614 382 1654; x_wconf 75' lang='lat' dir='ltr'><strong>differentia</strong></span> <span class='ocrx_word' id='word_1_218' title='bbox 408 1613 711 1652; x_wconf 73' lang='lat' dir='ltr'><strong>constitueretur</strong></span> <span class='ocrx_word' id='word_1_219' title='bbox 734 1612 837 1649; x_wconf 83' lang='lat' dir='ltr'><strong>inter</strong></span> <span class='ocrx_word' id='word_1_220' title='bbox 861 1611 1031 1649; x_wconf 79' lang='lat' dir='ltr'><strong>cultores</strong></span> <span class='ocrx_word' id='word_1_221' title='bbox 1055 1610 1166 1647; x_wconf 84' lang='lat' dir='ltr'><strong>nnius</strong></span> <span class='ocrx_word' id='word_1_222' title='bbox 1185 1615 1226 1646; x_wconf 83' lang='lat' dir='ltr'><strong>et</strong></span> <span class='ocrx_word' id='word_1_223' title='bbox 1242 1608 1430 1659; x_wconf 78' lang='lat' dir='ltr'><strong>plurimae</strong></span> 
     </span>
     <span class='ocr_line' id='line_1_26' title="bbox 96 1664 1427 1715; baseline -0.008 -4"><span class='ocrx_word' id='word_1_224' title='bbox 96 1671 322 1711; x_wconf 77' lang='lat' dir='ltr'><strong>divinitatis.</strong></span> <span class='ocrx_word' id='word_1_225' title='bbox 370 1669 471 1708; x_wconf 87' lang='lat' dir='ltr'><strong>Nam</strong></span> <span class='ocrx_word' id='word_1_226' title='bbox 494 1676 536 1707; x_wconf 82' lang='lat' dir='ltr'><strong>et</strong></span> <span class='ocrx_word' id='word_1_227' title='bbox 559 1669 691 1708; x_wconf 85' lang='lat' dir='ltr'><strong>lucere</strong></span> <span class='ocrx_word' id='word_1_228' title='bbox 716 1669 757 1706; x_wconf 92' lang='lat' dir='ltr'><strong>in</strong></span> <span class='ocrx_word' id='word_1_229' title='bbox 780 1665 1183 1704; x_wconf 66' lang='lat' dir='ltr'><strong>mundo&#39;Cbristianos</strong></span> <span class='ocrx_word' id='word_1_230' title='bbox 1208 1664 1427 1715; x_wconf 81' lang='lat' dir='ltr'><strong>oportebat,</strong></span> 
     </span>
     <span class='ocr_line' id='line_1_27' title="bbox 94 1720 1429 1773; baseline -0.007 -6"><span class='ocrx_word' id='word_1_231' title='bbox 94 1736 139 1768; x_wconf 87' lang='lat' dir='ltr'><strong>nt</strong></span> <span class='ocrx_word' id='word_1_232' title='bbox 162 1729 263 1766; x_wconf 84' lang='lat' dir='ltr'><strong>lilios</strong></span> <span class='ocrx_word' id='word_1_233' title='bbox 286 1728 403 1773; x_wconf 80' lang='lat' dir='ltr'><strong>lueis,</strong></span> <span class='ocrx_word' id='word_1_234' title='bbox 434 1726 562 1764; x_wconf 83' lang='lat' dir='ltr'><strong>lumen</strong></span> <span class='ocrx_word' id='word_1_235' title='bbox 585 1723 715 1762; x_wconf 87' lang='lat' dir='ltr'><strong>mnndi</strong></span> <span class='ocrx_word' id='word_1_236' title='bbox 739 1735 851 1760; x_wconf 87' lang='lat' dir='ltr'><strong>unum</strong></span> <span class='ocrx_word' id='word_1_237' title='bbox 876 1729 917 1760; x_wconf 82' lang='lat' dir='ltr'><strong>et</strong></span> <span class='ocrx_word' id='word_1_238' title='bbox 941 1721 1052 1760; x_wconf 90' lang='lat' dir='ltr'><strong>deum</strong></span> <span class='ocrx_word' id='word_1_239' title='bbox 1078 1728 1121 1760; x_wconf 89' lang='lat' dir='ltr'><strong>et</strong></span> <span class='ocrx_word' id='word_1_240' title='bbox 1143 1720 1333 1761; x_wconf 87' lang='lat' dir='ltr'><strong>dominum</strong></span> <span class='ocrx_word' id='word_1_241' title='bbox 1360 1734 1429 1759; x_wconf 92' lang='lat' dir='ltr'><strong>co-</strong></span> 
     </span>
     <span class='ocr_line' id='line_1_28' title="bbox 95 1778 1427 1829; baseline -0.007 -5"><span class='ocrx_word' id='word_1_242' title='bbox 95 1786 221 1824; x_wconf 82' lang='lat' dir='ltr'><strong>lentes</strong></span> <span class='ocrx_word' id='word_1_243' title='bbox 238 1791 280 1823; x_wconf 89' lang='lat' dir='ltr'><strong>et</strong></span> <span class='ocrx_word' id='word_1_244' title='bbox 297 1783 551 1821; x_wconf 82' lang='lat' dir='ltr'><strong>nominantes.</strong></span> <span class='ocrx_word' id='word_1_245' title='bbox 590 1780 770 1819; x_wconf 86' lang='lat' dir='ltr'><strong>Ceterum</strong></span> <span class='ocrx_word' id='word_1_246' title='bbox 790 1780 821 1816; x_wconf 91' lang='lat' dir='ltr'><strong>si</strong></span> <span class='ocrx_word' id='word_1_247' title='bbox 842 1791 893 1817; x_wconf 83' lang='lat' dir='ltr'><strong>ex</strong></span> <span class='ocrx_word' id='word_1_248' title='bbox 912 1779 1163 1824; x_wconf 80' lang='lat' dir='ltr'><strong>conscientia,</strong></span> <span class='ocrx_word' id='word_1_249' title='bbox 1190 1790 1263 1829; x_wconf 87' lang='lat' dir='ltr'><strong>qua</strong></span> <span class='ocrx_word' id='word_1_250' title='bbox 1288 1778 1427 1816; x_wconf 88' lang='lat' dir='ltr'><strong>scimus</strong></span> 
     </span>
     <span class='ocr_line' id='line_1_29' title="bbox 94 1835 1425 1888; baseline -0.005 -7"><span class='ocrx_word' id='word_1_251' title='bbox 94 1842 159 1881; x_wconf 83' lang='lat' dir='ltr'><strong>dei</strong></span> <span class='ocrx_word' id='word_1_252' title='bbox 189 1853 329 1880; x_wconf 80' lang='lat' dir='ltr'><strong>nomen</strong></span> <span class='ocrx_word' id='word_1_253' title='bbox 358 1845 414 1878; x_wconf 49' lang='lat' dir='ltr'><strong>et,</strong></span> <span class='ocrx_word' id='word_1_254' title='bbox 432 1837 575 1876; x_wconf 86' lang='lat' dir='ltr'><strong>domini</strong></span> <span class='ocrx_word' id='word_1_255' title='bbox 599 1843 640 1875; x_wconf 86' lang='lat' dir='ltr'><strong>et</strong></span> <span class='ocrx_word' id='word_1_256' title='bbox 663 1836 763 1888; x_wconf 86' lang='lat' dir='ltr'><strong>patri</strong></span> <span class='ocrx_word' id='word_1_257' title='bbox 787 1842 829 1874; x_wconf 85' lang='lat' dir='ltr'><strong>et</strong></span> <span class='ocrx_word' id='word_1_258' title='bbox 852 1835 932 1875; x_wconf 81' lang='lat' dir='ltr'><strong>filio</strong></span> <span class='ocrx_word' id='word_1_259' title='bbox 958 1843 998 1874; x_wconf 86' lang='lat' dir='ltr'><strong>et</strong></span> <span class='ocrx_word' id='word_1_260' title='bbox 1022 1836 1171 1887; x_wconf 81' lang='lat' dir='ltr'><strong>spiritui</strong></span> <span class='ocrx_word' id='word_1_261' title='bbox 1202 1836 1425 1882; x_wconf 86' lang='lat' dir='ltr'><strong>convenire,</strong></span> 
     </span>
     <span class='ocr_line' id='line_1_30' title="bbox 93 1893 1426 1941; baseline -0.008 -1"><span class='ocrx_word' id='word_1_262' title='bbox 93 1899 193 1940; x_wconf 74' lang='lat' dir='ltr'><strong>deos</strong></span> <span class='ocrx_word' id='word_1_263' title='bbox 215 1905 258 1937; x_wconf 86' lang='lat' dir='ltr'><strong>et</strong></span> <span class='ocrx_word' id='word_1_264' title='bbox 281 1897 459 1936; x_wconf 83' lang='lat' dir='ltr'><strong>dominos</strong></span> <span class='ocrx_word' id='word_1_265' title='bbox 482 1895 776 1941; x_wconf 83' lang='lat' dir='ltr'><strong>nominaremus,</strong></span> <span class='ocrx_word' id='word_1_266' title='bbox 803 1893 1118 1935; x_wconf 76' lang='lat' dir='ltr'><strong>exstinxissemus</strong></span> <span class='ocrx_word' id='word_1_267' title='bbox 1141 1893 1250 1931; x_wconf 84' lang='lat' dir='ltr'><strong>faces</strong></span> <span class='ocrx_word' id='word_1_268' title='bbox 1274 1899 1426 1931; x_wconf 85' lang='lat' dir='ltr'><strong>nostras</strong></span> 
     </span>
     <span class='ocr_line' id='line_1_31' title="bbox 93 1949 1425 2006; baseline -0.007 -9"><span class='ocrx_word' id='word_1_269' title='bbox 93 1958 211 1997; x_wconf 79' lang='lat' dir='ltr'><strong>etiam</strong></span> <span class='ocrx_word' id='word_1_270' title='bbox 233 1954 284 1995; x_wconf 83' lang='lat' dir='ltr'><strong>ad</strong></span> <span class='ocrx_word' id='word_1_271' title='bbox 308 1954 495 2006; x_wconf 82' lang='lat' dir='ltr'><strong>martyria</strong></span> <span class='ocrx_word' id='word_1_272' title='bbox 525 1950 758 1998; x_wconf 75' lang='lat' dir='ltr'><strong>timidiores,</strong></span> <span class='ocrx_word' id='word_1_273' title='bbox 795 1950 930 2002; x_wconf 88' lang='lat' dir='ltr'><strong>quibus</strong></span> <span class='ocrx_word' id='word_1_274' title='bbox 959 1949 1150 1990; x_wconf 80' lang='lat' dir='ltr'><strong>evadendi</strong></span> <span class='ocrx_word' id='word_1_275' title='bbox 1181 1962 1330 2001; x_wconf 78' lang='lat' dir='ltr'><strong>quaque</strong></span> <span class='ocrx_word' id='word_1_276' title='bbox 1356 1963 1425 2001; x_wconf 84' lang='lat' dir='ltr'><strong>pa-</strong></span> 
     </span>
     <span class='ocr_line' id='line_1_32' title="bbox 93 2006 1424 2060; baseline -0.008 -5"><span class='ocrx_word' id='word_1_277' title='bbox 93 2021 196 2054; x_wconf 68' lang='lat' dir='ltr'><strong>teret</strong></span> <span class='ocrx_word' id='word_1_278' title='bbox 225 2013 405 2058; x_wconf 81' lang='lat' dir='ltr'><strong>occasio,</strong></span> <span class='ocrx_word' id='word_1_279' title='bbox 440 2008 653 2049; x_wconf 81' lang='lat' dir='ltr'><strong>iurantibus</strong></span> <span class='ocrx_word' id='word_1_280' title='bbox 686 2009 817 2048; x_wconf 80' lang='lat' dir='ltr'><strong>statim</strong></span> <span class='ocrx_word' id='word_1_281' title='bbox 851 2021 923 2060; x_wconf 87' lang='lat' dir='ltr'><strong>per</strong></span> <span class='ocrx_word' id='word_1_282' title='bbox 954 2007 1051 2047; x_wconf 87' lang='lat' dir='ltr'><strong>deos</strong></span> <span class='ocrx_word' id='word_1_283' title='bbox 1080 2015 1124 2052; x_wconf 68' lang='lat' dir='ltr'><strong>etv</strong></span> <span class='ocrx_word' id='word_1_284' title='bbox 1151 2006 1345 2053; x_wconf 87' lang='lat' dir='ltr'><strong>dominos,</strong></span> <span class='ocrx_word' id='word_1_285' title='bbox 1382 2014 1424 2045; x_wconf 79' lang='lat' dir='ltr'><strong>ut</strong></span> 
     </span>
     <span class='ocr_line' id='line_1_33' title="bbox 93 2063 1423 2124; baseline -0.008 -12"><span class='ocrx_word' id='word_1_286' title='bbox 93 2070 246 2124; x_wconf 62' lang='lat' dir='ltr'><strong>«pum</strong></span> <span class='ocrx_word' id='word_1_287' title='bbox 276 2069 484 2114; x_wconf 82' lang='lat' dir='ltr'><strong>haeretici,</strong></span> <span class='ocrx_word' id='word_1_288' title='bbox 517 2079 677 2119; x_wconf 77' lang='lat' dir='ltr'><strong>qnorum</strong></span> <span class='ocrx_word' id='word_1_289' title='bbox 706 2065 762 2105; x_wconf 73' lang='lat' dir='ltr'><strong>dii</strong></span> <span class='ocrx_word' id='word_1_290' title='bbox 784 2066 927 2118; x_wconf 80' lang='lat' dir='ltr'><strong>plures.</strong></span> <span class='ocrx_word' id='word_1_291' title='bbox 988 2065 1121 2117; x_wconf 81' lang='lat' dir='ltr'><strong>ltaque</strong></span> <span class='ocrx_word' id='word_1_292' title='bbox 1146 2063 1242 2104; x_wconf 91' lang='lat' dir='ltr'><strong>deos</strong></span> <span class='ocrx_word' id='word_1_293' title='bbox 1268 2065 1423 2102; x_wconf 87' lang='lat' dir='ltr'><strong>omnino</strong></span> 
     </span>
     <span class='ocr_line' id='line_1_34' title="bbox 93 2122 1422 2176; baseline -0.008 -8"><span class='ocrx_word' id='word_1_294' title='bbox 93 2142 173 2168; x_wconf 77' lang='lat' dir='ltr'><strong>non</strong></span> <span class='ocrx_word' id='word_1_295' title='bbox 195 2127 321 2167; x_wconf 78' lang='lat' dir='ltr'><strong>dicam</strong></span> <span class='ocrx_word' id='word_1_296' title='bbox 346 2139 419 2166; x_wconf 88' lang='lat' dir='ltr'><strong>nec</strong></span> <span class='ocrx_word' id='word_1_297' title='bbox 444 2124 634 2171; x_wconf 87' lang='lat' dir='ltr'><strong>dominos,</strong></span> <span class='ocrx_word' id='word_1_298' title='bbox 663 2123 732 2163; x_wconf 84' lang='lat' dir='ltr'><strong>sed</strong></span> <span class='ocrx_word' id='word_1_299' title='bbox 757 2123 973 2176; x_wconf 84' lang='lat' dir='ltr'><strong>apostolum</strong></span> <span class='ocrx_word' id='word_1_300' title='bbox 998 2136 1150 2175; x_wconf 80' lang='lat' dir='ltr'><strong>sequar,</strong></span> <span class='ocrx_word' id='word_1_301' title='bbox 1182 2129 1236 2168; x_wconf 88' lang='lat' dir='ltr'><strong>ut,</strong></span> <span class='ocrx_word' id='word_1_302' title='bbox 1261 2123 1295 2159; x_wconf 89' lang='lat' dir='ltr'><strong>si</strong></span> <span class='ocrx_word' id='word_1_303' title='bbox 1318 2122 1422 2172; x_wconf 30' lang='lat' dir='ltr'><strong>pai-i*-</strong></span> 
     </span>
     <span class='ocr_line' id='line_1_35' title="bbox 91 2178 1420 2233; baseline -0.007 -8"><span class='ocrx_word' id='word_1_304' title='bbox 91 2194 155 2226; x_wconf 86' lang='lat' dir='ltr'><strong>ter</strong></span> <span class='ocrx_word' id='word_1_305' title='bbox 177 2183 399 2224; x_wconf 81' lang='lat' dir='ltr'><strong>nominandi</strong></span> <span class='ocrx_word' id='word_1_306' title='bbox 422 2183 566 2221; x_wconf 81' lang='lat' dir='ltr'><strong>fuerint</strong></span> <span class='ocrx_word' id='word_1_307' title='bbox 589 2184 765 2233; x_wconf 78' lang='lat' dir='ltr'><strong>paler-et</strong></span> <span class='ocrx_word' id='word_1_308' title='bbox 788 2181 904 2228; x_wconf 81' lang='lat' dir='ltr'><strong>filius,</strong></span> <span class='ocrx_word' id='word_1_309' title='bbox 927 2179 1042 2220; x_wconf 74' lang='lat' dir='ltr'><strong>deun</strong></span> <span class='ocrx_word' id='word_1_310' title='bbox 1064 2187 1211 2233; x_wconf 80' lang='lat' dir='ltr'><strong>patrem</strong></span> <span class='ocrx_word' id='word_1_311' title='bbox 1232 2178 1420 2229; x_wconf 80' lang='lat' dir='ltr'><strong>appellem</strong></span> 
     </span>
     <span class='ocr_line' id='line_1_36' title="bbox 91 2235 1419 2286; baseline -0.008 -2"><span class='ocrx_word' id='word_1_312' title='bbox 91 2252 133 2284; x_wconf 87' lang='lat' dir='ltr'><strong>et</strong></span> <span class='ocrx_word' id='word_1_313' title='bbox 168 2243 293 2283; x_wconf 78' lang='lat' dir='ltr'><strong>lesum</strong></span> <span class='ocrx_word' id='word_1_314' title='bbox 329 2241 521 2280; x_wconf 85' lang='lat' dir='ltr'><strong>Christum</strong></span> <span class='ocrx_word' id='word_1_315' title='bbox 558 2238 750 2277; x_wconf 83' lang='lat' dir='ltr'><strong>dominnm</strong></span> <span class='ocrx_word' id='word_1_316' title='bbox 765 2240 801 2286; x_wconf 83' lang='lat'><strong>¹)</strong></span> <span class='ocrx_word' id='word_1_317' title='bbox 839 2239 1044 2277; x_wconf 88' lang='lat' dir='ltr'><strong>nominem.</strong></span> <span class='ocrx_word' id='word_1_318' title='bbox 1124 2235 1255 2274; x_wconf 87' lang='lat' dir='ltr'><strong>Solum</strong></span> <span class='ocrx_word' id='word_1_319' title='bbox 1292 2241 1419 2274; x_wconf 85' lang='lat' dir='ltr'><strong>autem</strong></span> 
     </span>
     <span class='ocr_line' id='line_1_37' title="bbox 92 2292 1420 2351; baseline -0.008 -11"><span class='ocrx_word' id='word_1_320' title='bbox 92 2301 286 2340; x_wconf 81' lang='lat' dir='ltr'><strong>Christum</strong></span> <span class='ocrx_word' id='word_1_321' title='bbox 306 2305 443 2351; x_wconf 87' lang='lat' dir='ltr'><strong>potero</strong></span> <span class='ocrx_word' id='word_1_322' title='bbox 463 2297 576 2335; x_wconf 85' lang='lat' dir='ltr'><strong>deum</strong></span> <span class='ocrx_word' id='word_1_323' title='bbox 602 2295 749 2344; x_wconf 81' lang='lat' dir='ltr'><strong>dicere,</strong></span> <span class='ocrx_word' id='word_1_324' title='bbox 772 2296 874 2334; x_wconf 84' lang='lat' dir='ltr'><strong>sicut</strong></span> <span class='ocrx_word' id='word_1_325' title='bbox 896 2295 998 2334; x_wconf 84' lang='lat' dir='ltr'><strong>idem</strong></span> <span class='ocrx_word' id='word_1_326' title='bbox 1023 2293 1238 2346; x_wconf 80' lang='lat' dir='ltr'><strong>apostolus:</strong></span> <span class='ocrx_word' id='word_1_327' title='bbox 1263 2304 1312 2330; x_wconf 81' lang='lat' dir='ltr'><strong>ex</strong></span> <span class='ocrx_word' id='word_1_328' title='bbox 1336 2292 1420 2343; x_wconf 64' lang='lat' dir='ltr'><strong>qui·&gt;</strong></span> 
     </span>
     <span class='ocr_line' id='line_1_38' title="bbox 90 2347 1419 2407; baseline -0.008 -9"><span class='ocrx_word' id='word_1_329' title='bbox 90 2360 161 2398; x_wconf 86' lang='lat' dir='ltr'><strong>bus</strong></span> <span class='ocrx_word' id='word_1_330' title='bbox 185 2357 381 2403; x_wconf 83' lang='lat' dir='ltr'><strong>Christus,</strong></span> <span class='ocrx_word' id='word_1_331' title='bbox 412 2356 476 2407; x_wconf 90' lang='lat' dir='ltr'><strong>qni</strong></span> <span class='ocrx_word' id='word_1_332' title='bbox 500 2361 576 2400; x_wconf 82' lang='lat' dir='ltr'><strong>est,</strong></span> <span class='ocrx_word' id='word_1_333' title='bbox 608 2354 750 2405; x_wconf 83' lang='lat' dir='ltr'><strong>inquit,</strong></span> <span class='ocrx_word' id='word_1_334' title='bbox 782 2352 877 2391; x_wconf 86' lang='lat' dir='ltr'><strong>dens</strong></span> <span class='ocrx_word' id='word_1_335' title='bbox 899 2365 1019 2404; x_wconf 83' lang='lat' dir='ltr'><strong>super</strong></span> <span class='ocrx_word' id='word_1_336' title='bbox 1040 2351 1167 2390; x_wconf 80' lang='lat' dir='ltr'><strong>omnia</strong></span> <span class='ocrx_word' id='word_1_337' title='bbox 1190 2347 1419 2389; x_wconf 82' lang='lat' dir='ltr'><strong>benedictus</strong></span> 
     </span>
     <span class='ocr_line' id='line_1_39' title="bbox 90 2406 1419 2458; baseline -0.01 -2"><span class='ocrx_word' id='word_1_338' title='bbox 90 2419 130 2456; x_wconf 88' lang='lat' dir='ltr'><strong>in</strong></span> <span class='ocrx_word' id='word_1_339' title='bbox 155 2428 290 2456; x_wconf 84' lang='lat' dir='ltr'><strong>aevum</strong></span> <span class='ocrx_word' id='word_1_340' title='bbox 314 2412 492 2458; x_wconf 80' lang='lat' dir='ltr'><strong>omne.²)</strong></span> <span class='ocrx_word' id='word_1_341' title='bbox 533 2411 632 2450; x_wconf 87' lang='lat' dir='ltr'><strong>Nam</strong></span> <span class='ocrx_word' id='word_1_342' title='bbox 658 2418 699 2450; x_wconf 84' lang='lat' dir='ltr'><strong>et</strong></span> <span class='ocrx_word' id='word_1_343' title='bbox 722 2409 870 2449; x_wconf 86' lang='lat' dir='ltr'><strong>radium</strong></span> <span class='ocrx_word' id='word_1_344' title='bbox 892 2411 986 2449; x_wconf 83' lang='lat' dir='ltr'><strong>solis</strong></span> <span class='ocrx_word' id='word_1_345' title='bbox 1009 2420 1181 2448; x_wconf 72' lang='lat' dir='ltr'><strong>seorsu-</strong></span> <span class='ocrx_word' id='word_1_346' title='bbox 1206 2406 1326 2446; x_wconf 78' lang='lat' dir='ltr'><strong>solem</strong></span> <span class='ocrx_word' id='word_1_347' title='bbox 1349 2419 1419 2444; x_wconf 89' lang='lat' dir='ltr'><strong>vo-</strong></span> 
     </span>
     <span class='ocr_line' id='line_1_40' title="bbox 91 2464 1416 2522; baseline -0.011 -8"><span class='ocrx_word' id='word_1_348' title='bbox 91 2474 212 2522; x_wconf 77' lang='lat' dir='ltr'><strong>cabo;</strong></span> <span class='ocrx_word' id='word_1_349' title='bbox 242 2472 362 2512; x_wconf 77' lang='lat' dir='ltr'><strong>solen</strong></span> <span class='ocrx_word' id='word_1_350' title='bbox 386 2477 515 2509; x_wconf 90' lang='lat' dir='ltr'><strong>antem</strong></span> <span class='ocrx_word' id='word_1_351' title='bbox 539 2469 758 2515; x_wconf 85' lang='lat' dir='ltr'><strong>nominans,</strong></span> <span class='ocrx_word' id='word_1_352' title='bbox 789 2468 896 2508; x_wconf 83' lang='lat' dir='ltr'><strong>cuius</strong></span> <span class='ocrx_word' id='word_1_353' title='bbox 920 2474 982 2507; x_wconf 87' lang='lat' dir='ltr'><strong>est</strong></span> <span class='ocrx_word' id='word_1_354' title='bbox 1004 2465 1158 2512; x_wconf 81' lang='lat' dir='ltr'><strong>radius,</strong></span> <span class='ocrx_word' id='word_1_355' title='bbox 1190 2477 1267 2503; x_wconf 86' lang='lat' dir='ltr'><strong>non</strong></span> <span class='ocrx_word' id='word_1_356' title='bbox 1290 2464 1416 2502; x_wconf 84' lang='lat' dir='ltr'><strong>statim</strong></span> 
     </span>
    </p>
   </div>
   <div class='ocr_carea' id='block_1_5' title="bbox 94 2559 378 2567">
    <p class='ocr_par' dir='ltr' id='par_1_5' title="bbox 94 2559 378 2567">
     <span class='ocr_line' id='line_1_41' title="bbox 94 2559 378 2567; baseline 0 233"><span class='ocrx_word' id='word_1_357' title='bbox 94 2559 378 2567; x_wconf 95' lang='lat' dir='ltr'><strong> </strong></span> 
     </span>
    </p>
   </div>
   <div class='ocr_carea' id='block_1_6' title="bbox 186 2596 754 2643">
    <p class='ocr_par' dir='ltr' id='par_1_6' title="bbox 186 2596 754 2643">
     <span class='ocr_line' id='line_1_42' title="bbox 186 2596 754 2643; baseline -0.011 -12"><span class='ocrx_word' id='word_1_358' title='bbox 186 2599 225 2643; x_wconf 86' lang='lat'><strong>1)</strong></span> <span class='ocrx_word' id='word_1_359' title='bbox 239 2602 333 2632; x_wconf 85' lang='lat' dir='ltr'><strong>Rom.</strong></span> <span class='ocrx_word' id='word_1_360' title='bbox 351 2602 380 2639; x_wconf 90' lang='lat'><strong>1,</strong></span> <span class='ocrx_word' id='word_1_361' title='bbox 397 2600 427 2631; x_wconf 76' lang='grc' dir='ltr'><strong>Τ.</strong></span> <span class='ocrx_word' id='word_1_362' title='bbox 521 2596 555 2636; x_wconf 88' lang='grc'><strong>2)</strong></span> <span class='ocrx_word' id='word_1_363' title='bbox 568 2597 662 2627; x_wconf 86' lang='lat' dir='ltr'><strong>Rom.</strong></span> <span class='ocrx_word' id='word_1_364' title='bbox 678 2597 708 2635; x_wconf 80' lang='grc'><strong>9,</strong></span> <span class='ocrx_word' id='word_1_365' title='bbox 725 2597 754 2625; x_wconf 86' lang='lat'><strong>5.</strong></span> 
     </span>
    </p>
   </div>
  </div>
 </body>
</html>
