1566 2808
169 226 238 262 84
325 228 398 258 DE
436 227 1069 259 PRAESCRIPTIONIBUS
1105 226 1355 258 HAERET.

169 333 250 358 rum
279 321 582 358 controversiam
609 320 790 367 moverit3
829 332 941 357 nemo
974 319 1134 357 alterum
1161 318 1272 358 deum
1299 331 1411 358 ausus
1436 325 1497 358 est

169 377 374 428 suspicari,
408 377 559 414 facilius
586 375 634 413 de
661 376 739 413 filio
767 389 877 427 quam
904 375 951 414 de
978 383 1088 428 patre
1115 376 1397 424 haesitabatur3
1425 374 1495 414 do-

170 447 240 472 nec
267 432 443 472 Marcion
470 440 628 485 praeter
654 440 870 471 creatorem
897 433 1012 471 alium
1045 433 1156 471 deum
1193 434 1312 472 solius
1343 433 1496 472 bonita-

168 492 216 529 tis
254 489 473 537 induceret,
506 489 665 542 Apelles
698 498 916 529 creatorem
954 491 1129 541 angelum
1144 492 1180 540 ¹)
1219 491 1352 529 nescio
1386 503 1495 542 quem

170 549 379 599 gloriosum
406 549 615 599 superioris
649 547 711 586 dei
737 548 888 585 faceret
919 547 1029 585 deum
1058 548 1154 598 legis
1180 555 1220 586 et
1244 548 1411 595 Israelis,
1450 548 1496 586 il-

169 607 241 644 lum
270 607 422 656 igneum
449 605 655 651 affirmans,
687 605 915 643 Valentinus
941 618 1083 642 aeonas
1115 617 1204 642 suos
1230 612 1433 656 spargeret
1458 611 1498 643 et

168 665 448 719 unius-aeonis
485 664 615 700 vitium
654 663 691 700 in
730 663 919 713 originem
958 660 1171 700 deduceret
1202 660 1264 700 dei
1292 663 1495 704 creatoris.

169 721 236 758 His
263 719 354 759 solis
381 727 420 758 et
444 716 501 758 his
528 721 657 771 primis
683 720 855 759 revelata
876 726 935 757 est
959 720 1101 757 veritas
1128 718 1350 765 divinitatis,
1377 720 1498 758 maio-

169 791 249 816 rem
287 779 440 816 scilicet
476 777 736 828 dignationem
775 784 814 815 et
850 777 1062 828 pleniorem
1101 777 1263 827 gratiam
1290 789 1314 814 a
1339 776 1496 815 diabolo

170 837 407 881 consecutis,
448 836 510 886 qui
548 835 658 873 deum
686 835 740 872 sie
774 847 923 886 quoque
950 834 1117 872 voluerit
1141 834 1342 881 aemulari,
1381 841 1423 872 ut
1448 832 1496 872 de

169 892 355 931 doctrinis
386 906 638 938 venenorum,
681 891 781 943 quod
815 891 987 929 dominus
1020 892 1193 942 negavit,
1231 892 1313 942 ipse
1345 891 1498 929 faceret

169 949 377 1002 discipulos
421 963 536 1001 super
573 950 808 1000 magistrum.
870 949 1025 999 Eligant
1057 949 1176 999 igitur
1212 948 1284 987 sihi
1320 955 1498 1000 tempora

168 1009 370 1046 universae
399 1008 599 1053 haereses,
629 1020 725 1058 quae
753 1006 903 1058 quando
931 1007 1086 1052 fuerint,
1115 1005 1201 1043 dum
1227 1019 1304 1043 non
1330 1006 1494 1052 intersit,

169 1078 264 1116 quae
293 1064 442 1116 quando
470 1064 516 1103 de
542 1066 706 1102 veritate
733 1078 808 1101 non
834 1065 972 1112 sint2).
1036 1063 1173 1114 Utique
1201 1076 1297 1114 quae
1329 1063 1376 1101 ab
1403 1077 1498 1115 apo-

168 1123 276 1160 stolis
303 1123 519 1160 nominatae
547 1136 621 1159 non
648 1122 820 1167 fuerunt,
849 1122 916 1159 sub
945 1121 1131 1172 apostolis
1159 1121 1275 1159 fuisse
1302 1134 1379 1158 non
1404 1134 1495 1172 pos-

167 1186 265 1218 sunt.
329 1178 370 1216 Si
397 1180 496 1217 enim
523 1180 702 1225 fuissent,
730 1179 1018 1216 nominarentur
1044 1186 1083 1216 et
1108 1179 1232 1229 ipsae,
1259 1185 1301 1216 ut
1326 1185 1365 1216 et
1389 1179 1496 1230 ipsae

168 1235 426 1274 coercendae.
491 1236 595 1284 Quae
621 1249 714 1274 vero
742 1236 808 1275 sub
836 1236 1021 1287 apostolis
1046 1236 1224 1282 fuerunt,
1258 1236 1296 1273 in
1327 1249 1396 1274 sua
1426 1249 1498 1274 no-

166 1295 374 1332 minatione
408 1293 646 1332 damnantur.
710 1292 799 1331 Sive
833 1306 928 1344 ergo
962 1292 1140 1339 eaedem,
1179 1306 1278 1331 nune
1315 1300 1403 1331 sunt
1427 1293 1498 1332 ali-

168 1359 308 1402 quanto
337 1352 606 1403 expolitiores,
635 1364 731 1402 quae
758 1351 825 1389 sul)
852 1351 1037 1402 apostolis
1063 1350 1191 1397 rudes,
1224 1351 1368 1389 habent
1392 1364 1498 1390 suam

167 1407 307 1447 exinde
335 1408 637 1456 damnationem,
666 1410 744 1446 sive
772 1409 870 1446 aliae
898 1407 1048 1459 quidem
1075 1409 1163 1445 illae
1190 1408 1363 1454 fuerunt,
1396 1409 1495 1446 aliae

167 1474 293 1504 autem
319 1473 454 1518 postca
483 1466 644 1504 obortae
672 1465 851 1517 quasdam
884 1479 934 1503 ex
959 1466 1033 1502 illis
1060 1466 1261 1516 opiniones
1287 1477 1496 1518 usurpave-

166 1531 272 1572 runt,
323 1523 501 1562 habendo
547 1537 629 1561 cum
680 1524 736 1561 eis
781 1524 1015 1562 consortium
1061 1522 1383 1574 praedicationis,
1427 1523 1520 1562 ha-.

163 1580 284 1620 beant
313 1594 474 1620 necesse
508 1589 567 1619 est
599 1581 712 1618 etiam
751 1582 985 1619 consortium
1019 1579 1292 1627 damnationis,
1330 1593 1496 1633 praeee-

166 1638 282 1678 dente
308 1640 373 1677 illo
407 1640 481 1677 fine
521 1638 742 1690 supradicto
781 1638 1038 1690 posteritatiS,
1079 1650 1166 1688 quo,
1206 1638 1279 1675 etsi
1317 1636 1411 1676 nihil
1443 1637 1493 1677 de

166 1695 406 1735 damnaticiis
438 1697 782 1748 participarentur,
810 1695 857 1734 de
890 1703 1019 1734 aetate
1057 1696 1140 1733 so'la
1177 1694 1496 1746 praeiudicaren-

165 1761 245 1800 tur,
273 1761 380 1792 tanto
407 1755 528 1805 magis
555 1754 773 1802 adulterae,
814 1760 954 1804 quanto
988 1765 1059 1791 nec
1085 1752 1133 1790 ab
1159 1753 1346 1804 apostolis
1372 1754 1495 1792 nomi-

164 1819 292 1850 natae.
356 1810 465 1850 Unde
505 1811 647 1850 firmius
685 1818 854 1858 constat,
887 1811 956 1849 has
993 1823 1098 1858 esse,
1131 1822 1227 1863 quae
1253 1809 1378 1850 adhuc
1404 1817 1494 1850 tunc

165 1868 437 1907 nuntiabantur
462 1870 626 1907 futurae.
1173 1907 1175 1909 ,

280 1928 348 1966 35.
399 1925 466 1963 Ηί5
492 1926 778 1964 definitionibus
802 1934 1040 1978 provocatae
1066 1940 1089 1964 a
1114 1924 1290 1964 nobis'et
1319 1926 1493 1965 revictae

163 1984 349 2021 haereses
387 1996 538 2030 omnes,
576 1985 656 2021 sive
696 1997 769 2034 qua
805 1991 1007 2034 posterae,
1046 1984 1126 2021 sive
1155 1996 1228 2034 qua
1253 1989 1493 2023 coaetaneae

164 2040 446 2092 apostolorum,
474 2040 678 2078 dummodo
706 2040 902 2087 diversae,
929 2041 1008 2078 sive
1035 2041 1275 2090 generaliter
1297 2040 1378 2079 sive
1405 2054 1494 2093 spe-

164 2099 317 2137 cialiter
341 2104 497 2136 notatae
529 2098 576 2135 ah
610 2099 684 2144 eis,
724 2097 928 2136 dummodo
966 2096 1285 2149 praedamnatae,
1323 2097 1494 2137 audeant

162 2154 400 2208 respondere
433 2162 473 2193 et
509 2157 614 2206 ipsae
652 2155 799 2206 aliquas
832 2154 1019 2194 eiusmodi
1056 2154 1387 2206 praescriptiones
1424 2155 1493 2194 ad·-

160 2226 295 2252 versus
320 2219 488 2250 nostram
516 2212 769 2264 disciplinam.
804 2211 845 2250 Si
872 2214 972 2251 enim
998 2219 1142 2264 negant
1165 2213 1369 2251 veritatem
1395 2214 1491 2261 eius,

162 2269 306 2310 debent
342 2270 508 2324 probare
547 2270 650 2308 illam
674 2275 838 2322 ‘quoque
877 2271 1055 2308 haeresin
1093 2282 1178 2308 esse
1205 2268 1341 2308 eadem
1366 2271 1492 2311 forma

162 2330 366 2376 revictam,
406 2341 480 2379 qua
504 2329 611 2380 ipsae
638 2329 905 2375 revincuntur,
945 2335 985 2366 et
1010 2326 1217 2366 ostendere
1242 2327 1368 2375 simul,
1406 2327 1491 2367 uhi-

161 2400 246 2425 nam
279 2384 501 2439 quaerenda
531 2386 581 2423 sit
609 2386 771 2432 veritas,
809 2399 921 2437 quam
952 2384 1053 2437 apud
1084 2385 1170 2424 illas
1201 2398 1278 2423 non
1303 2397 1390 2424 esse
1414 2386 1490 2424 iam

162 2452 326 2483 constat.
387 2443 590 2482 Posterior
620 2450 751 2481 nostra
776 2456 839 2481 res
865 2457 940 2481 non
967 2450 1043 2490 est,
1076 2443 1152 2481 imo
1185 2442 1358 2481 omnibus
1381 2443 1490 2494 prior

160 2509 231 2540 est.
265 2502 349 2542 Hoc
377 2503 451 2540 erit
473 2501 731 2539 testimonium
751 2502 928 2540 veritatis
952 2501 1093 2553 ubique
1126 2500 1351 2552 occupantis
1381 2500 1488 2552 prin-

252 2603 289 2643 1)
314 2603 389 2644 Rig.
415 2605 674 2645 angelorum.
792 2605 947 2644 2)‘Pam.
981 2605 1072 2636 dum
1091 2604 1150 2635 ‘de
1180 2603 1368 2635 veritate
1399 2609 1439 2638 n.
1458 2614 1486 2637 ι.

158 2649 232 2689 Rig.
259 2648 477 2682 dummodo
503 2651 680 2682 intersit
705 2660 809 2690 quae
836 2651 1022 2691 quando,
1050 2651 1140 2681 dum
1166 2650 1212 2694 de
1239 2659 1269 2681 v.
1293 2659 1328 2681 n.
1354 2646 1390 2682 εζ-

1535 1657 1550 1665 a
