1624 2826
195 226 299 264 202
465 226 588 257 ADV.
625 225 988 257 MARCIONEM
1024 225 1199 256 LIBER
1228 224 1270 257 V.

195 330 234 360 te
267 317 573 359 maledictionem
606 325 645 355 ct
674 315 1050 367 l›enedictionem.¹)
1111 316 1344 368 Nonpotes
1376 314 1521 354 distan-

196 381 287 417 tiam
311 376 534 422 vindicare,
574 388 668 426 quae
695 375 767 413 etsi
799 387 925 413 rerum
958 382 1040 421 est,
1078 388 1154 412 non
1186 373 1275 412 ideo
1307 379 1520 418 auctorum,

199 448 296 488 quae
333 435 381 473 ab
425 446 499 471 uno
543 440 702 471 auctore
746 433 984 483 proponitur.
1058 431 1136 470 Cur
1177 438 1303 469 autem
1347 429 1522 468 Christus

197 494 324 532 factus
355 491 404 529 sit
434 504 504 542 pro
537 490 645 528 nohis
677 488 968 537 maledictio,²)
1007 490 1090 540 ipso
1123 489 1298 540 apostolo
1330 486 1522 526 edocente

199 549 438 588 manifestum
470 554 551 594 est,
590 561 698 599 quam
737 546 934 584 nobiscum
965 547 1108 593 faciat,
1146 545 1184 583 id
1211 552 1288 592 est,
1314 543 1524 584 secundum

201 606 311 645 fidem
352 606 552 644 creatoris.
613 603 750 656 Neque
788 604 887 642 enim
926 605 1013 655 quia
1052 610 1208 642 creator
1243 601 1522 655 pronuntiavit:

200 662 424 702 maledictus
451 662 571 700 omnis
596 662 632 700 in
650 662 753 713 ligno
769 660 1032 713 suspensus‚³)
1059 660 1146 699 ideo
1161 659 1354 699 videbitur
1366 659 1525 698 alterius

202 720 266 759 dei
297 732 381 758 esse
409 719 580 758 Christus
618 726 657 757 et
693 718 840 756 idcireo
874 732 896 756 a
928 725 1106 757 creatore
1139 719 1212 756 iam
1244 725 1334 756 tune
1366 718 1405 756 in
1437 716 1524 767 lege

202 776 439 816 maledictus.
512 776 562 813 Et
604 775 793 826 quomodo
831 775 1188 826 praemaledixisset
1231 787 1316 813 eum
1355 779 1524 819 creator,

204 847 314 886 quem
351 834 527 885 ignorat?
576 832 654 870 Cur
690 839 815 871 autem
854 845 926 869 non
966 834 1086 882 magis
1125 838 1318 883 competat
1355 830 1526 869 creatori

205 893 321 930 filium
359 904 463 929 suum
502 889 653 927 dedisse
686 888 946 927 maledictioni
979 902 1090 935 suae,
1131 902 1238 940 quam
1272 888 1327 926 illi
1359 887 1433 926 deo
1459 893 1526 925 tuo

206 948 419 988 subdidisse
447 946 720 992 maledictioni‚
748 953 788 983 et
814 945 964 997 quidem
991 959 1060 997 pro
1088 946 1240 983 bomine
1267 945 1420 983 alieno?
1450 944 1528 983 De-

205 1007 318 1058 nique
344 1006 375 1044 si
401 1012 514 1043 atrox
537 1003 689 1042 videtur
714 1004 786 1041 hoc
814 1004 850 1040 in
878 1010 1056 1041 creatore
1079 1004 1183 1041 circa
1210 1003 1337 1049 filium,
1364 1000 1527 1054 proinde

206 1071 271 1101 tuo
298 1064 335 1101 in
362 1062 454 1109 deog
482 1062 512 1099 si
537 1074 630 1099 vero
657 1061 844 1098 rationale
872 1067 911 1098 et
935 1062 973 1098 in
999 1067 1078 1107 tuo,
1110 1059 1272 1112 proinde
1299 1066 1338 1098 et
1362 1060 1400 1097 in
1426 1068 1527 1105 meo,

207 1128 246 1159 et
271 1121 390 1170 magis
416 1120 453 1157 in
479 1131 578 1157 meo.
628 1118 792 1155 Facilius
818 1118 916 1155 enim
950 1117 1179 1156 crederetur
1209 1118 1290 1156 eius
1316 1129 1421 1164 esse,
1459 1127 1531 1168 per

206 1176 522 1215 maledictionem·
552 1175 693 1214 Christi
734 1174 1044 1213 benedictionem
1088 1175 1332 1226 prospexisse
1372 1173 1529 1219 homini,

207 1235 269 1287 qui
300 1240 339 1272 et
374 1231 683 1272 maledictionem
721 1230 925 1283 aliquando
964 1239 1003 1270 et
1039 1231 1349 1270 benedictionem
1387 1243 1531 1283 propo-

207 1292 327 1330 suerit
375 1298 463 1329 ante
515 1290 729 1335 hominem,
781 1302 889 1340 quam
941 1290 1003 1340 qui
1048 1296 1222 1328 neutrum
1271 1301 1435 1341 unquam
1482 1287 1534 1326 sit

207 1348 306 1401 apud
338 1355 374 1387 te
406 1348 612 1399 professuS.
673 1345 905 1398 Accepimus
947 1348 1066 1397 igitur
1107 1345 1418 1384 benedictionem
1455 1345 1534 1398 spi-

208 1407 356 1444 ritalem
387 1418 457 1456 per
489 1404 671 1452 fidem‚4)
710 1405 853 1454 inquit,
892 1417 942 1442 ex
974 1417 1045 1455 qua
1077 1405 1228 1442 scilicet
1257 1405 1363 1442 vivet
1398 1404 1532 1448 iustus,

210 1461 416 1501 secundum
455 1467 685 1499 creatorem.
748 1460 830 1498 Hoc
863 1467 922 1498 est
959 1473 1073 1510 ergo,
1113 1460 1213 1511 quod
1245 1460 1335 1499 dico
1361 1461 1443 1499 eius
1469 1458 1534 1500 dei

211 1519 323 1558 fidem
361 1531 470 1564 esse,
510 1519 616 1556 cuius
653 1524 712 1556 est
748 1518 869 1555 forma
907 1518 1056 1567 gratiae
1096 1516 1197 1555 fidei.
1261 1516 1340 1562 Sed
1377 1524 1416 1557 et
1449 1530 1533 1556 cum

211 1576 362 1615 adiicit:
390 1588 521 1614 omnes
547 1575 645 1613 enim
671 1574 738 1613 filii
765 1574 856 1612 estis
883 1573 1031 1621 fidei‚⁵)
1060 1573 1286 1621 ostenditur,
1315 1574 1404 1625 quid
1419 1587 1536 1627 supra

210 1634 408 1673 haeretica
433 1631 619 1670 industria
644 1632 818 1677 eraserit,
858 1633 1088 1670 mentionem
1116 1632 1268 1670 scilicet
1291 1630 1533 1681 Abrahae‚⁶)

212 1705 285 1743 qua
309 1704 378 1728 nos
409 1689 604 1741 apostolus
636 1688 733 1727 filios
759 1687 939 1727 Abrabae
966 1702 1035 1740 per
1060 1688 1172 1727 fidem
1199 1688 1370 1735 affirmat,
1397 1701 1535 1728 secun-

211 1748 297 1786 dum
325 1761 433 1799 quam
465 1747 696 1785 mentionem
721 1745 782 1784 hic
810 1759 958 1797 quoque
992 1746 1090 1784 filios
1122 1745 1210 1784 fidei
1237 1746 1396 1784 notavit.
1459 1745 1535 1784 Ce-

210 1813 333 1844 terum
360 1803 549 1856 quomodo
576 1803 643 1841 filii
669 1802 783 1841 fidei?
831 1810 870 1841 et
895 1804 1001 1841 cuius
1028 1803 1136 1848 fidei,
1169 1804 1200 1841 si
1227 1817 1302 1841 non
1329 1801 1538 1843 Abrahae?

213 1862 254 1901 Si
287 1865 386 1901 enim
410 1861 603 1900 Abraham
631 1859 705 1899 deo
732 1859 916 1908 credidit,
955 1867 994 1899 et
1020 1860 1240 1912 deputatum
1267 1867 1326 1900 est
1353 1861 1535 1908 iustitiae,

213 1927 326 1970 atque
359 1918 497 1957 exinde
530 1925 640 1968 pater
677 1918 874 1956 multarum
909 1919 1102 1956 nationum
1136 1919 1273 1957 meruit
1309 1919 1535 1970 nuncupari,

214 1989 284 2013 nos
310 1983 434 2013 autem
462 1974 656 2013 credendo
691 1974 764 2012 deo
797 1976 916 2026 magis
944 1975 1104 2027 proinde
1130 1975 1398 2022 iustificamur‚
1437 1976 1539 2015 sieut

215 2033 427 2078 Abraham,
467 2039 506 2070 et
540 2034 653 2069 vitam
692 2031 852 2083 proinde
891 2035 1175 2085 consequimur,
1213 2034 1313 2075 sicut
1343 2034 1463 2071 iustus
1489 2045 1540 2071 ex

216 2089 291 2128 fide
315 2090 426 2127 vivit:
454 2089 508 2127 sic
534 2089 588 2135 fit,
619 2096 660 2127 ut
685 2095 723 2127 et
742 2102 855 2140 supra
876 2090 974 2129 filios
989 2105 1058 2130 nos
1071 2090 1252 2130 Abrahae
1266 2090 1536 2142 pronuntiarit,

218 2160 290 2199 qua
314 2147 432 2197 patris
457 2144 559 2192 fidei,
586 2153 625 2184 et
649 2146 710 2184 hic
737 2146 835 2185 filios
861 2147 963 2196 fidei,
990 2162 1060 2200 per
1085 2162 1192 2201 quam
1205 2141 1411 2186 Abraham‘
1426 2154 1540 2200 pater

216 2205 410 2243 nationum
435 2203 561 2242 fuerat
585 2204 849 2255 repromissus·
910 2205 1033 2258 Ipsum
1061 2205 1159 2259 quod
1188 2204 1298 2244 fidem
1325 2218 1347 2243 a
1375 2206 1539 2247 circum-

218 2263 363 2300 cisione
389 2261 610 2307 revocabat‚
638 2274 762 2300 nonne
782 2261 961 2302 Abrahae
991 2265 1087 2302 lilios
1113 2263 1349 2302 constituere
1376 2274 1540 2315 quaere-

216 2319 300 2366 bat,
341 2319 403 2370 qui
428 2320 466 2356 in
494 2318 619 2356 carnis
645 2319 866 2370 integritate
899 2320 1145 2360 crediderat?
1180 2320 1353 2372 Denique
1378 2318 1539 2358 alterius

218 2375 281 2414 dei
306 2371 403 2414 fides
425 2375 474 2414 ad
499 2376 657 2414 formam
685 2375 747 2414 dei
773 2376 930 2416 alterius
955 2393 1031 2417 non
1056 2385 1185 2431 potest
1198 2377 1359 2424 admitti,
1385 2383 1428 2415 ut
1451 2387 1538 2414 cre-

220 2432 352 2472 dentes
377 2434 546 2472 iustitiae
573 2433 742 2486 deputet,
769 2441 809 2473 ut
833 2436 951 2475 iustos
975 2438 1107 2476 vivere
1133 2436 1270 2482 faciat,
1296 2441 1338 2472 ut
1361 2433 1538 2472 nationes

313 2570 349 2607 1)
385 2571 488 2603 Deut.
514 2573 568 2610 11,
605 2573 658 2603 26.
787 2571 825 2616 2)
863 2574 938 2606 Gal.
965 2576 997 2612 3,
1022 2576 1076 2605 13.
1198 2574 1236 2612 3)
1275 2572 1376 2604 Dent.
1402 2571 1457 2612 21,
1483 2570 1537 2601 23.

221 2614 258 2653 4)
284 2615 356 2645 Gal.
371 2617 401 2656 3,
415 2618 468 2646 14.
563 2616 598 2657 5)
624 2618 667 2649 ib.
683 2627 712 2650 v.
727 2620 780 2651 26.
876 2619 910 2659 6)
934 2621 978 2652 ib.
994 2629 1021 2651 v.
1037 2622 1079 2651 15
1094 2629 1165 2659 sqq.
1567 2634 1573 2635 ff
