1604 2800
147 205 250 243 254
584 199 711 234 ADV.
746 200 1042 258 PRAXEAQ.

149 298 198 339 ad
225 297 422 337 effectum:
470 307 552 332 cum
581 300 737 346 pararet
763 293 931 340 coelum,
969 292 1125 333 aderam
1152 294 1220 332 illi.
1238 294 1273 343 ¹)
1332 292 1484 334 Exinde

151 370 235 396 eum
273 366 404 406 parem
441 352 514 391 sibi
551 352 718 398 faciens,
757 350 806 390 de
839 364 912 404 quo
946 350 1196 403 procedendo
1230 351 1329 390 filius
1359 351 1486 391 factus

151 421 210 454 est
233 412 531 465 primogenitus,
565 417 606 448 ut
630 417 719 449 ante
747 410 874 448 omnia
899 411 1072 461 genitus,
1105 417 1146 449 et
1176 410 1419 462 unigenitus,
1446 416 1488 448 ut

151 472 255 511 solus
282 484 332 510 ex
356 468 430 509 deo
458 468 682 520 genitus32)
716 468 872 520 proprie
899 467 947 507 de
973 468 1085 507 vulva
1111 467 1241 507 cordis
1266 468 1400 520 ipsiuS,
1425 480 1488 507 se-

153 527 316 569 cundum
348 526 449 580 quod
482 534 521 566 ct
551 533 663 579 paler
693 526 776 578 ipse
809 532 990 565 testatur:
1029 527 1221 566 eructavit
1257 539 1328 565 cor
1364 538 1488 565 meum

152 599 367 626 sermonem
395 586 589 638 optimum.
606 585 643 633 ³)
687 582 750 622 Ad
777 597 887 637 quem
914 583 1098 637 deinceps
1125 583 1299 636 gaudens
1323 582 1488 636 proinde

152 644 384 697 gaudentem
411 644 448 682 in
474 656 641 695 persona
674 642 794 681 illius:
832 642 932 682 filius
962 655 1068 682 meus
1100 655 1141 682 es
1173 649 1232 691 tu,
1271 654 1347 694 ego
1373 640 1491 680 hodie

153 704 269 754 genui
301 710 359 749 te,
399 708 438 740 et
470 708 559 739 ante
593 700 793 739 luciferum
825 701 942 752 genui
974 702 1078 749 te.⁴)
1154 699 1221 739 Sic
1254 706 1294 739 et
1319 699 1418 738 filius
1443 711 1494 739 ex

153 774 220 798 sua
246 773 411 811 persona
439 759 644 810 profitetur
669 766 816 810 patrem
842 759 880 796 in
905 759 1060 798 nomine
1088 756 1278 811 Sophiae:
1318 756 1494 796 dominus

157 815 332 855 condidit
357 829 415 854 me
443 817 589 853 initium
609 817 755 854 viarum
776 816 814 853 in
836 829 955 867 opera
976 829 1062 864 sua;
1090 823 1179 855 ante
1207 828 1340 855 omnes
1366 821 1496 855 autem

157 874 278 912 colles
305 873 506 923 generavit
530 884 602 909 me.
619 873 656 919 5)
718 871 817 909 Nam
844 873 876 909 si
901 873 963 910 hic
991 872 1143 923 quidem
1171 872 1318 924 Sophia
1342 871 1496 911 videtur

157 930 289 970 dicere
325 929 519 968 conditam
552 941 593 967 se
619 941 640 966 a
667 927 820 966 domino
854 929 892 966 in
925 942 1045 981 opera
1077 936 1117 967 et
1147 930 1228 967 vias
1261 930 1363 977 eius,
1403 928 1498 968 alibi

156 995 282 1027 autem
309 1000 379 1039 per
409 998 625 1025 sermonem
660 984 896 1031 ostenditur,
936 987 1064 1026 omnia
1095 986 1199 1024 sacta
1229 998 1315 1025 esse
1349 993 1390 1026 et
1413 987 1513 1042 sine‘

155 1046 222 1084 illo
261 1045 354 1083 nihil
392 1043 599 1091 factum,⁶)
640 1043 740 1080 sicut
771 1049 812 1081 et
842 1055 1010 1081 rursum:
1055 1055 1234 1082 sermone
1273 1043 1356 1082 eius
1395 1043 1498 1082 coeli

157 1101 375 1142 confirmati
401 1107 489 1140 sunt
513 1107 553 1138 et
578 1100 713 1151 spiritu
739 1100 821 1138 eius
848 1113 981 1139 omnes
1005 1100 1108 1140 vires
1134 1101 1334 1152 eorum‚⁷)
1366 1101 1500 1153 utique

158 1174 206 1200 eo
233 1160 389 1212 spiritu,
424 1159 487 1210 qui
519 1159 688 1196 sermoni
715 1158 860 1196 inerat:
900 1165 1079 1211 apparet,
1113 1171 1227 1198 unam
1258 1157 1500 1211 eandemque

156 1220 231 1257 vim
258 1230 343 1256 esse
370 1229 470 1255 nunc
496 1217 534 1254 in
561 1215 712 1254 nomine
741 1214 911 1268 Sophiae
938 1230 1038 1255 nunc
1065 1217 1104 1255 in
1129 1217 1390 1269 appellatione
1417 1228 1501 1255 ser-

158 1276 299 1323 monis,
340 1287 436 1327 quae
467 1274 615 1313 initium
648 1275 802 1325 accepit
833 1275 977 1313 viarum
1002 1274 1044 1313 in
1070 1273 1133 1313 dei
1159 1287 1298 1326 opera,
1331 1281 1372 1314 et
1402 1286 1500 1326 quae

161 1334 310 1372 coelum
338 1332 590 1379 confirmavit,
617 1343 689 1383 per
714 1345 824 1382 quam
851 1333 978 1371 omnia
1003 1332 1107 1371 facta
1132 1339 1231 1380 sunt,
1259 1339 1300 1372 et
1323 1333 1407 1371 sine
1427 1343 1502 1384 qna

160 1391 254 1429 nihil
281 1391 423 1428 sactum
449 1391 569 1439 est.⁸)
630 1388 716 1427 Nec
744 1388 884 1428 diutius
911 1388 959 1429 de
986 1390 1076 1437 isto,
1109 1391 1216 1442 quasi
1241 1403 1318 1428 non
1342 1390 1426 1442 ipse
1451 1389 1503 1427 sit

161 1460 288 1486 sermo
315 1454 355 1485 et
380 1447 419 1484 in
446 1445 617 1498 Sophiae
644 1453 685 1484 et
709 1447 747 1498 in
773 1448 937 1486 rationis
962 1454 1003 1486 et
1026 1450 1066 1486 in
1093 1449 1214 1487 omnis
1241 1446 1360 1487 divini
1385 1446 1502 1486 animi

163 1511 204 1544 et
227 1504 384 1556 spiritus
421 1504 594 1549 nomine,
634 1504 696 1554 qui
716 1503 828 1542 —filius
864 1504 990 1543 factus
1022 1513 1082 1543 est
1113 1505 1196 1552 dei,
1235 1504 1283 1544 de
1310 1518 1384 1558 quo
1403 1500 1503 1557 'pro-

163 1560 316 1601 deundo
337 1567 545 1612 generatus
565 1566 636 1599 est.
674 1560 795 1611 Ergo,
822 1561 959 1612 inquis,
986 1560 1054 1600 das
1074 1562 1239 1613 aliquam
1252 1562 1503 1601 substantiam

164 1632 250 1659 esse
276 1631 511 1664 sermonem,
543 1618 682 1670 spiritu
706 1625 746 1656 et
772 1616 942 1670 Sophiae
974 1617 1183 1657 traditione
1216 1619 1503 1658 constructam?

163 1676 295 1717 Plane.
355 1674 446 1715 Non
476 1676 534 1715 vis
566 1676 666 1714 enim
699 1687 784 1714 eum
815 1676 1090 1715 substantivum
1122 1675 1268 1717 habere
1293 1677 1334 1715 in
1357 1688 1401 1715 re
1433 1687 1505 1728 per

164 1734 399 1774 substantiae
426 1734 723 1785 proprietatem,
755 1740 798 1771 ut
821 1746 885 1772 res
911 1740 951 1772 et
973 1745 1142 1786 persona
1168 1731 1355 1786 quaedam
1378 1731 1506 1772 videri

164 1793 300 1845 possit,
327 1798 366 1831 et
391 1792 445 1830 ita
466 1791 594 1844 capiat
614 1789 806 1829 secundus
825 1804 848 1829 a
868 1789 1196 1830 deoconstitutus
1216 1790 1313 1830 duos
1331 1790 1504 1838 efficere,

164 1856 314 1903 patrem
340 1856 381 1888 et
405 1848 536 1896 filium,
564 1848 676 1888 deum
702 1855 742 1887 et
762 1861 991 1888 sermonem.
1031 1847 1131 1897 Quid
1156 1855 1216 1888 est
1240 1850 1354 1897 enim,
1382 1847 1503 1896 dices,

166 1921 312 1954 sermo,
346 1908 419 1946 nisi
442 1920 520 1946 vox
544 1914 584 1945 et
609 1919 724 1947 sonus
751 1907 842 1953 oris,
875 1913 916 1945 et
944 1908 1044 1946 sicut
1069 1907 1311 1958 grammatici
1335 1903 1505 1953 tradunt,

167 1968 236 2005 ηδε·
267 1965 455 2012 offensus,
493 1964 748 2016 intelligibilis
780 1963 931 2011 auditu,
970 1971 1142 2004 ceterum
1178 1973 1338 2004 vacuum
1370 1963 1505 2003 neseio

169 2021 258 2075 quid
290 2030 330 2062 et
360 2023 474 2062 inane
507 2029 547 2061 et
577 2023 851 2074 incorporale?
909 2022 963 2060 At
994 2035 1070 2074 ego
1100 2021 1195 2061 nihil
1226 2021 1316 2060 dico
1348 2020 1396 2060 de
1428 2019 1504 2062 deo

168 2082 281 2120 inane
308 2087 349 2120 et
371 2093 531 2120 vacuum
559 2078 726 2131 prodire
741 2080 926 2132 potuisse,
953 2087 994 2118 ut
1019 2087 1095 2119 non
1121 2078 1168 2118 de
1194 2080 1298 2118 inani
1323 2085 1363 2118 et
1380 2090 1508 2117 vacuo

168 2139 379 2191 prolatum3
417 2151 490 2177 nec
523 2150 660 2177 carere
692 2137 922 2184 substantia,
962 2136 1064 2190 quod
1088 2136 1136 2176 de
1163 2143 1270 2176 tanta
1294 2135 1505 2175 substantia

169 2197 380 2247 processit,
419 2202 460 2234 et
497 2201 620 2234 tantas
657 2195 890 2234 substantias
926 2195 1040 2243 fecit3
1079 2195 1175 2234 fecit
1205 2195 1306 2234 enim
1337 2200 1378 2233 et
1406 2194 1504 2246 ipse,

173 2266 268 2304 quae
294 2254 399 2293 facta
424 2259 512 2292 sunt
535 2265 606 2305 per
630 2253 747 2292 illum.
798 2252 918 2301 Quale
944 2260 1016 2299 est,
1042 2260 1086 2291 ut
1108 2252 1202 2291 nihil
1227 2253 1277 2291 sit
1299 2251 1396 2304 ipse,
1421 2250 1510 2289 sine

174 2323 246 2361 quo
280 2311 372 2350 nihil
404 2312 545 2350 factum
578 2317 654 2356 est,
692 2317 735 2349 ut
763 2311 888 2350 inanis
924 2308 1049 2352 solida
1079 2317 1120 2350 et
1148 2308 1436 2361 vacuus‘plena
1465 2313 1510 2346 et

174 2367 430 2420 incorporalis
457 2368 677 2421 corporalia
702 2369 752 2407 sit
777 2370 984 2422 operatus?
1042 2367 1142 2408 Nam
1173 2368 1246 2407 etsi
1277 2370 1409 2420 potest
1432 2363 1508 2404 ali-

272 2514 307 2557 1)
327 2518 427 2550 Prov.
444 2519 475 2555 8,
490 2520 546 2548 27.
644 2518 772 2557 2)001.
794 2519 974 2558 1‚15sqq.
1071 2518 1107 2557 3)
1127 2518 1180 2548 Pa.
1195 2517 1298 2557 45‚1.
1392 2499 1529 2556 4)'P=.=

354 2564 389 2602 5)
409 2564 509 2595 Prov.
530 2566 562 2601 s,
586 2565 640 2594 22.
738 2565 774 2604 6)
794 2566 843 2598 ιο.
859 2565 890 2604 1,
906 2565 937 2595 3.
1035 2564 1262 2605 τ)ι»ι.33,σ.
1359 2556 1506 2602 8)1³rov.

179 2562 198 2590 2
227 2562 258 2593 7.

179 2582 210 2645 8:
227 2608 278 2637 22.
304 2608 357 2639 ΡΒ.
372 2610 426 2650 33,
442 2611 472 2640 6.
499 2611 545 2640 10.
562 2611 591 2651 1,
608 2612 638 2640 3.
