1566 2808
360 174 486 206 ADV.
521 174 883 206 MARCIONEM
919 175 1095 207 L113ER
1124 177 1180 208 tv.
1327 175 1435 213 149

109 263 158 303 ad
185 263 330 304 Lucam
354 278 475 318 usqne
500 268 696 321 pervenit,
737 267 844 306 cuius
872 269 1092 307 testimonio
1119 267 1331 308 adsistente
1358 268 1434 308 Lu-

109 335 176 361 cas
200 335 357 376 quoque·
374 324 497 375 possit
527 323 689 363 admitti.

188 383 287 422 ..33
324 378 404 419 Sed
429 382 528 420 enim
553 381 730 421 Marcion
757 389 907 421 nactus
919 383 1122 435 epistolam
1148 382 1255 422 Pauli
1281 382 1330 422 ad
1357 382 1435 422 Ga-

108 437 225 485 latas,
257 439 372 477 etiam
397 439 502 491 ipsos
527 440 727 491 apostolos
752 434 997 492 suggillantis
1028 448 1070 479 ut
1095 454 1170 478 ιιοιι
1197 448 1308 480 recto
1334 441 1434 494 pede

109 493 334 537 incedentes
347 495 396 534 ad
410 497 612 535 veritatem
639 498 844 548 evangelii,
872 499 1037 536 simulet
1062 499 1282 537 accusantis
1294 498 1436 554 pseud-

107 551 307 610 apostolos
333 552 516 605 quosdam
542 562 810 605 pervertentes
836 556 1076 606 evangelium
1092 555 1302 604 Christil),
1342 570 1435 595 con·

107 610 244 648 nititur
273 609 322 648 ad
354 609 627 659 destruendum
660 618 798 650 statum
831 625 964 650 eorum
996 613 1304 663 evangeliorum,
1337 626 1435 664 quae

108 666 266 719 propria
279 674 319 706 et
332 668 400 706 sub
421 669 684 723 apostolorum
699 669 852 706 nomine
873 667 1051 715 eduntur,
1071 670 1134 707 vel
1140 671 1262 713 eliam
1277 677 1435 721 aposto·

110 724 290 770 licorum,
316 732 357 762 ut
381 725 535 763 scilicet
561 724 692 771 fidem,
718 738 831 776 quam
856 725 935 763 illis
963 725 1114 772 adimit,
1141 740 1211 780 suo
1244 728 1432 768 conserat.

108 779 232 819 Porro
258 781 331 819 etsi
362 781 620 833 reprehensus
653 789 712 820 est
737 782 873 820 Petrus
905 789 945 821 et
983 783 1147 822 loannes
1185 791 1225 823 et
1255 784 1434 830 Iacobus,

108 839 174 901 qni
192 839 509 878 existimabantur
534 840 734 878 columnae
748 841 807 887 2),
830 841 1032 879 manifesta
1058 850 1194 879 caussa
1219 848 1290 880 est.
1341 842 1436 881 Per-

108 898 288 935 sonarum
311 898 424 935 -enim
454 904 636 949 respectu
666 897 896 937 videbantur
925 900 1078 950 variare
1105 901 1335 939 convictum.
1386 900 1437 938 Et

107 960 236 993 tamen
274 967 359 993 eum
390 955 472 1007 ipse
510 954 648 993 Paulus
686 955 860 993 omnibus
892 957 1019 994 omnia
1051 956 1180 1004 fieret,
1230 964 1273 995 ut
1304 971 1437 996 omnes

108 1011 399 1060 lucraretur³),
434 1013 560 1064 potuit
584 1020 624 1051 et
648 1012 766 1051 Petro
792 1013 867 1051 hoc
894 1014 931 1051 in
959 1014 1121 1052 consilio
1148 1015 1266 1053 fuisse
1292 1015 1436 1067 aliquid

109 1069 224 1107 aliter
247 1068 545 1122 agendi‚-quam
571 1068 750 1109 docebat.
813 1070 982 1109 Proinde
1015 1073 1050 1109 si
1079 1078 1120 1109 et
1144 1071 1437 1123 pseudapostoli

110 1126 367 1178 irrepserant,
400 1126 536 1164 horum
563 1140 714 1178 quoqne
741 1128 903 1178 qualitas
935 1127 1047 1166 edita·
1072 1135 1132 1166 est
1170 1130 1437 1167 circumcisio-

111 1195 199 1222 nem
222 1180 503 1221 vindicantium'
523 1191 563 1228 et
590 1183 766 1222 Iudaicos
790 1185 911 1223 fastos
924 1186 983 1233 ⁴);
1017 1184 1119 1224 adeo
1145 1199 1221 1224 non
1247 1186 1295 1225 de
1321 1200 1437 1238 prae-

113 1238 329 1294 dicatione,
379 1239 449 1279 sed
491 1239 539 1279 de
583 1238 880 1280 conversatione
922 1256 946 1281 a
982 1241 1101 1281 Paulo
1139 1242 1436 1290 denotabantur,

112 1310 237 1350 aeque
268 1296 519 1349 denotaturo,
563 1300 595 1337 si
632 1298 721 1351 quid
754 1298 801 1338 de
839 1298 915 1338 deo
948 1303 1128 1339 creatore
1170 1308 1237 1339 aut
1281 1302 1436 1340 Christo

113 1355 198 1404 eius
240 1362 448 1394 errassent.
486 1354 491 1359 “
517 1355 643 1406 Igitur
674 1355 957 1407 ,distinguenda
1000 1364 1114 1410 erunt
1156 1359 1320 1409 singula.
1394 1357 1437 1396 Si

112 1401 312 1464 apostolos
335 1413 694 1469 praevaricationis
706 1420 746 1451 et
766 1414 1019 1452 simulationis
1044 1421 1246 1467 suspectos
1258 1415 1438 1454 Marcion

111 1469 249 1509 haberi
275 1469 464 1530 queritur
472 1483 592 1522 usque
617 1469 667 1509 ad
692 1471 884 1522 evangelii
899 1471 1227 1524 depravationem,
1245 1473 1437 1512 Christum

112 1527 189 1567 iam
224 1534 402 1574 accusat,
450 1527 670 1567 accusando
709 1542 803 1580 quos
849 1529 1022 1568 Christus
1066 1530 1198 1581 elegit.
1261 1529 1304 1569 Si
1340 1544 1436 1569 vero

113 1585 281 1638 apostoli
298 1584 458 1637 quidem
490 1587 680 1638 integrum
713 1588 953 1638 evangelium
981 1588 1246 1635 contulerunt,
1279 1587 1327 1627 de
1354 1589 1438 1637 sola

115 1643 315 1680 convictus
362 1644 636 1694 inaequalitate
686 1645 931 1696 reprehensi,
981 1644 1273 1696 pseudapostoli
1309 1653 1438 1684 autem

108 1700 317 1737 >veritatem
347 1712 481 1738 eorum
512 1701 862 1752 interpolaverunt,
906 1709 947 1740 et
978 1701 1068 1739 inde
1106 1709 1351 1741 sunt.nost1·a
1380 1702 1453 1749 di·=>

118 1762 248 1807 gesta:
281 1755 380 1807 qnod
414 1757 490 1794 erit
519 1770 741 1807 germanum
781 1757 875 1796 illud
913 1759 1176 1809 apostolorum
1209 1760 1439 1798 instrumen-

116 1819 215 1860 tum,
249 1811 350 1865 quod
374 1812 574 1866 adulteros
599 1827 749 1865 passum
781 1821 858 1862 est,
887 1815 988 1867 qnod
1014 1814 1171 1854 Paulum
1197 1810 1457 1862 illuminavit,-

117 1869 240 1919 et*ab
279 1883 327 1909 eo
363 1869 534 1909 Lucam?
567 1870 648 1909 Aut
683 1873 828 1921 sitam
865 1867 1035 1910 funditus
1079 1872 1245 1913 deletum
1272 1882 1349 1921 est,
1400 1882 1441 1912 ut

118 1925 355 1983 cataclysmo
393 1927 575 1980 quodam,
607 1929 663 1966 ita
697 1928 946 1969 inundatione
977 1929 1220 1970 falsariorum
1254 1931 1439 1970 oblitera-

116 1992 209 2031 tum,
241 1986 315 2024 iam
349 1999 445 2038 ergo
477 1999 550 2024 nee
586 1985 763 2024 Marcion
793 1986 911 2026 habet
932 2000 1086 2026 ‘verum-
1142 1987 1222 2026 Aut
1253 1991 1284 2027 si
1317 1991 1439 2041 ipsum

118 2044 195 2082 erit
216 2056 368 2090 verum,
395 2042 434 2081 id
459 2050 520 2082 est
543 2044 816 2095 apostolorum,
844 2044 946 2097 qnod
969 2045 1146 2083 Marcion
1176 2046 1297 2085 habet
1321 2047 1439 2090 sotus,

119 2107 161 2142 et
184 2099 375 2153 quomodo
407 2108 540 2139 nostro
572 2109 776 2149 consonat,
815 2102 923 2154 quod.
947 2116 1023 2141 non
1049 2100 1333 2154 apostolorum,
1366 2103 1440 2142 sed

119 2157 264 2196 Lucae·
276 2158 472 2200 refertur?
510 2158 590 2197 Aut
613 2159 646 2197 si
670 2172 747 2197 ιιοιι
772 2161 899 2199 statim
924 2160 1056 2199 Lucae
1083 2159 1339 2212 deputandum
1368 2168 1440 2206 est,

121 2228 196 2266 quo
220 2211 410 2254 Marcion
422 2216 552 2262 utitur,
579 2217 667 2268 qnia
680 2223 812 2256 nostro
828 2225 1016 2256 consonat
1041 2218 1193 2256 scilieet
1206 2217 1440 2263 adulterato,

120 2273 236 2311 etiam
269 2273 376 2311 circa
399 2273 570 2320 titulum3
605 2280 775 2312 ceterum
790 2276 827 2323 ⁵)
855 2276 1118 2327 apostolorum
1145 2282 1225 2321 est,
1244 2276 1318 2313 iam
1344 2288 1440 2326 ergo

120 2336 162 2369 et
185 2336 368 2376 nostrum,
396 2329 497 2382 quod
523 2331 578 2374 illi
603 2339 808 2384 consonat,
835 2341 958 2385 aeque
984 2332 1247 2389 apostolorum
1273 2339 1345 2379 est,
1372 2331 1442 2405 scd

121 2386 375 2429 adulteratum
402 2387 457 2426 de
477 2389 587 2426 titulo
613 2402 762 2442 quoque
774 2390 824 2439 6).

133 2493 142 2497 ’
192 2494 228 2533 1)
248 2494 323 2524 Gal.
339 2494 423 2531 2,ss
443 2502 515 2539 sqq.
530 2494 613 2532 4sq.
668 2491 707 2535 2)
722 2493 796 2524 Gal.
810 2494 891 2531 2‚9.
947 2491 986 2536 3)
1002 2493 1113 2524 scor.
1128 2496 1161 2533 9,
1177 2495 1232 2526 19.
1284 2493 1323 2534 4)
1337 2494 1444 2524 Rhen.

121 2539 215 2574 etl-1
223 2534 696 2571 etcod.1²ith0ei‘:fa⁸tu=.
769 2538 804 2580 5)
828 2540 922 2571 Sic-L
925 2543 1008 2572 utin.
1023 2543 1057 2570 et
1072 2541 1163 2580 Rigq
1178 2537 1297 2570 Rhen.
1311 2543 1345 2571 et
1359 2540 1442 2571 reli-

122 2586 196 2624 qni:
221 2585 406 2616 titulum
422 2589 663 2616 ceterorum
688 2594 748 2625 ap.
837 2586 874 2625 6)
899 2585 960 2616 Vv.
986 2586 1034 2616 de
1058 2586 1124 2618 tit.
1151 2595 1334 2627 quoque,
1356 2596 1444 2626 quae
