1604 2800
524 151 595 183 DE
632 151 828 185 CARNE
866 153 1121 185 cunis'ri,
1419 155 1489 194 91

102 259 105 261 ’
157 244 397 284 conveniret.
458 243 618 297 Peperit
641 246 761 292 enim,
794 258 891 297 quae
917 258 967 284 ex
991 259 1059 285 sua
1085 259 1221 294 carne,
1253 255 1294 287 et
1318 262 1394 288 non
1413 265 1489 304 pe-

156 304 277 355 perit,
304 315 401 355 qnae
427 316 503 341 non
529 315 578 341 ex
602 303 704 342 virili
729 304 893 352 semine3
921 310 961 343 et
983 305 1109 355 virgo,
1136 312 1315 357 quantum
1341 320 1364 346 a
1387 310 1486 357 viro,

156 373 233 399 non
257 361 388 412 virgo,
416 367 595 413 quantum
621 374 644 399 a
668 367 800 413 partu3
832 375 910 400 non
935 369 1063 401 tamen
1088 369 1129 401 et
1153 362 1243 402 ideo
1268 367 1423 418 peperit
1447 374 1489 406 et

156 431 232 456 non
257 419 428 471 peperit,
466 425 505 458 et
535 417 625 458 ideo
656 419 787 470 virgo,
826 432 924 471 quae
949 433 1025 458 non
1051 421 1182 472 virgo,
1221 423 1310 474 quia
1334 437 1412 462 non
1437 423 1486 464 de

154 476 369 516 visceribus
393 477 470 515 suis
495 483 634 516 mater.
687 475 766 516 Sed
792 476 891 529 apud
916 491 988 516 nos
1012 478 1106 517 nihil
1132 477 1298 528 dubium,
1324 494 1397 520 nec
1424 495 1487 522 re-

153 540 296 573 tortum
321 535 361 573 in
386 535 592 587 ancipitem
618 533 896 574 defensionem.
959 534 1061 583 Lux,
1100 536 1182 584 lux,
1215 545 1255 576 et
1284 539 1485 587 tenebrae,

153 592 360 639 tenebrae,
398 599 439 631 et
463 599 541 639 est,
579 599 657 640 est,
684 600 724 631 et
749 606 844 640 non,
883 606 978 641 non3
1018 593 1119 645 quod
1145 596 1324 647 amplius,
1361 597 1437 636 hoc
1463 611 1486 636 a

152 650 253 688 malo
279 651 403 699 est.¹)
465 649 641 702 Peperit,
681 663 778 702 quae
815 651 979 702 peperit.
1040 650 1124 690 Etsi
1149 653 1261 704 virgo
1289 657 1484 707 concepit,

151 707 190 745 in
215 714 328 759 partu
353 720 422 746 suo
448 709 587 759 nupsit.
649 707 737 759 Ipsa
767 709 952 759 patefacti
985 710 1162 760 corporis
1193 710 1301 761 lege,
1338 712 1378 749 in
1410 726 1484 763 quo

151 764 245 803 nihil
270 764 464 811 interfuit,
492 763 540 803 de
564 765 603 803 vi
629 765 787 803 masculi
813 764 987 811 admissi,
1014 778 1062 803 an
1088 767 1235 813 emissi,
1262 766 1364 806 idem
1390 768 1484 807 illud

149 834 271 860 sexus·
288 822 513 873 resignavit.
574 820 682 860 Haec
714 821 879 874 denique
910 822 1022 860 vulva
1058 830 1136 870 est,
1174 831 1336 876 propter
1373 839 1483 878 quam

149 886 191 918 et
214 878 263 919 de
288 880 375 918 aliis
399 880 583 932 scriptum
609 886 686 918 est:
720 892 832 918 omne
863 880 1113 919 masculinum
1144 879 1376 934 adaperiens
1400 884 1484 923 vul-

147 949 232 976 vam
258 944 431 976 sanctum
455 937 661 977 vocabitur
685 936 899 987 domin0.2)
939 937 1032 986 Quis
1056 951 1148 978 vere
1173 947 1342 988 sanctus,
1370 955 1480 993 quam

89 1013 94 1020 =
148 993 212 1034 dei
238 995 362 1034 filius?
422 995 514 1044 Quis
539 997 697 1048 proprie
721 996 870 1034 vulvam
896 994 1118 1047 adaperuit,
1147 1010 1256 1049 quam
1284 1000 1347 1050 qui
1375 1000 1481 1038 clau-

148 1065 227 1092 sam
252 1054 465 1106 patefecit?
513 1054 694 1093 Ceterum
721 1053 1075 1105 omnibus.nuptiae
1100 1055 1351 1106 patefaciunt.
1402 1056 1480 1095 Ita-

147 1123 220 1162 que
246 1113 367 1162 magis
392 1111 590 1162 patefacta
621 1118 699 1157 est,
739 1112 825 1162 quia
857 1111 979 1161 magis
1010 1118 1096 1150 erat
1133 1113 1275 1151 clausa.
1339 1112 1477 1165 Utique

146 1170 268 1219 magis
293 1181 369 1206 non
402 1170 512 1219 virgo
546 1167 711 1207 dicenda
743 1175 821 1215 est,
861 1181 971 1219 quam
1007 1170 1138 1220 virgo,
1177 1170 1276 1208 saltu
1314 1170 1476 1222 quodam

146 1232 288 1272 mater,
326 1233 529 1278 antequam
555 1233 685 1278 nupta.
746 1225 797 1264 Et
828 1225 916 1277 quid
950 1226 1049 1265 ultra
1080 1225 1128 1264 de
1159 1227 1234 1266 hoc
1260 1234 1477 1267 retractan-

147 1281 234 1321 dum
260 1285 344 1322 est?
403 1283 497 1322 Cum
523 1283 595 1322 hac
622 1284 774 1322 ratione
799 1283 997 1335 apostolus
1022 1297 1099 1322 11011
1125 1297 1175 1323 ex
1203 1286 1375 1337 virgine,
1408 1284 1478 1325 sed

146 1352 196 1379 ex
220 1341 380 1380 muliere
406 1340 548 1380 editum
575 1341 691 1380 filium
717 1340 781 1380 dei
806 1342 1085 1392 pronuntiavit,
1123 1344 1282 1393 agnovit
1312 1342 1477 1395 adaper-

145 1404 208 1436 tae
243 1398 380 1438 vulvae
418 1399 625 1450 nuptialem
662 1399 893 1449 passionem.
965 1397 1149 1449 Legimus
1186 1398 1338 1450 quidem
1376 1399 1477 1452 apud

143 1454 392 1494 Ezechielem
431 1454 479 1494 de
506 1468 625 1495 vacca
651 1456 735 1502 illa,
774 1467 871 1507 quae
908 1456 1079 1507 peperit,
1119 1463 1160 1494 et
1195 1469 1273 1494 non
1309 1459 1475 1510 peperit.

143 1509 222 1550 Sed
253 1511 403 1560 videte,
442 1525 490 1551 ne
521 1525 591 1551 nos
621 1514 696 1551 iam
729 1513 880 1560 nunc³)
908 1511 1115 1564 providens
1140 1514 1296 1566 spiritus
1321 1521 1476 1553 sanctus

141 1571 287 1609 notarit
310 1570 383 1610 hac
407 1583 525 1617 voce,
552 1569 836 1622 disceptaturos
861 1583 978 1621 super
1001 1578 1150 1609 uterum
1175 1571 1337 1611 Mariae.
1400 1572 1476 1611 Ce-

140 1633 265 1667 terum
295 1640 373 1666 nnn
411 1635 549 1666 contra
585 1628 689 1665 illam
725 1640 831 1665 suam
867 1628 1150 1678 simplicitatem
1188 1630 1476 1680 pronuntiasset

142 1683 367 1731 dubitative,
394 1684 511 1722 Esaia
536 1684 710 1722 dicente:
738 1684 936 1735 concipiet
961 1691 1002 1722 et
1024 1688 1164 1736 pariet.
1178 1686 1218 1738 4)

255 1745 325 1783 24.
376 1740 486 1788 Quod
512 1742 612 1779 enim
637 1741 773 1778 Esaias
798 1741 989 1778 iaculatur
1018 1742 1058 1779 in
1082 1743 1355 1793 suggillatione
1382 1743 1475 1782 hae-

141 1799 352 1837 reticorum
372 1799 557 1850 ipsorum,
585 1799 682 1835 etin
707 1797 857 1849 primis:
882 1810 954 1836 vae
982 1799 1045 1850 qui
1069 1799 1218 1837 faciunt
1237 1799 1349 1838 dulce
1370 1813 1474 1839 ama-

140 1869 222 1895 rum
247 1863 288 1895 et
312 1855 495 1895 tenebras
521 1855 715 1903 lucem,⁵)
749 1856 843 1893 istos
875 1855 1029 1894 scilicet
1053 1863 1179 1903 notat,
1219 1855 1282 1909 qui
1307 1870 1380 1896 nec
1405 1871 1474 1896 vo-

141 1914 279 1953 cabula
303 1915 377 1953 ista
402 1914 441 1951 in
467 1913 554 1951 luce
579 1913 858 1965 proprietatum
882 1926 1034 1952 suarum
1055 1922 1300 1961 conservant,
1329 1923 1368 1953 ut
1388 1916 1472 1954 ani-

141 1984 202 2010 ma
238 1985 314 2010 non
350 1972 428 2010 alia
464 1972 530 2016 sit,
569 1983 679 2022 quam
717 1983 814 2022 quae
850 1977 1031 2018 vocatur,
1070 1978 1111 2010 et
1147 1985 1239 2011 caro
1271 1985 1347 2010 11011
1380 1972 1470 2019 alia,

140 2042 251 2081 quam
277 2042 374 2082 quae
398 2027 569 2075 videtur,
601 2035 642 2067 et
665 2027 759 2067 deus
785 2042 861 2067 non
886 2024 1001 2076 alius,
1040 2042 1151 2081 quam
1176 2030 1240 2082 qui
1265 2028 1470 2082 praedica-

141 2092 216 2125 tur.
279 2086 373 2126 Ideo
399 2087 516 2125 etiam
541 2085 778 2125 Marcionem
803 2087 1065 2139 prospiciens,
1092 2100 1167 2139 ego
1194 2101 1293 2133 sum,
1334 2088 1468 2140 inquit,

141 2142 254 2191 deus3
281 2151 322 2183 et
345 2145 444 2182 alius
468 2144 611 2195 absque
637 2156 696 2182 me
722 2157 798 2182 non
824 2144 942 2194 est.⁶)
991 2145 1043 2183 Et
1068 2158 1153 2184 cum
1178 2145 1255 2184 alio
1281 2143 1321 2184 id
1345 2146 1467 2197 ipsum

139 2200 277 2240 eodem
309 2201 423 2240 modo
457 2200 570 2239 dicit:
609 2209 697 2239 ante
728 2214 788 2240 me
821 2200 915 2240 deus
941 2216 1016 2240 non
1042 2203 1185 2249 fuit‚⁷)
1213 2203 1347 2241 nescio
1374 2214 1467 2253 quas

138 2258 223 2297 illas
248 2258 605 2297 Valentinianorum
630 2272 792 2297 aeonum
818 2260 1068 2311 genealogias
1094 2259 1233 2311 pulsat.
1296 2258 1365 2296 Et:
1392 2272 1467 2297 non

138 2328 188 2355 ex
224 2317 409 2368 sanguine
447 2328 659 2367 nequevex
701 2317 828 2355 carnis
871 2323 912 2355 et
946 2318 1020 2355 viri
1050 2317 1270 2363 voluntate,
1315 2314 1385 2355 sed
1417 2329 1467 2354 ex

230 2467 266 2506 1)
291 2466 415 2497 Matth.
442 2468 473 2504 5,
500 2467 555 2497 37.
651 2465 689 2509 2)
710 2466 824 2499 Exod.
851 2467 905 2505 13,
930 2468 961 2496 2.
1056 2464 1093 2508 3)
1117 2466 1192 2506 Rig.
1213 2474 1263 2496 ne
1286 2474 1359 2497 vos
1385 2465 1465 2496 iam

135 2513 248 2543 tunc.
344 2511 382 2555 4)
409 2514 475 2547 1es.
503 2513 535 2553 τ,
563 2513 616 2542 14.
712 2510 748 2555 5)
774 2513 838 2542 ies.
865 2514 896 2552 5,
921 2513 975 2542 20.
1070 2512 1106 2552 0)
1131 2513 1195 2544 tes.
1220 2513 1281 2552 45,
1310 2514 1340 2544 5.
1430 2510 1465 2550 τ)

136 2559 201 2590 len.
214 2559 270 2599 46,
289 2560 321 2588 9.
