1604 2800
172 254 276 291 220
682 252 751 284 DE
784 251 983 285 ΑΝΙΜΑ.

170 347 271 387 unde
298 360 372 385 non
400 344 614 393 dimittaris,
631 346 666 395 ¹)
694 346 765 383 nisi
790 344 942 384 modico
970 356 1120 397 quoque
1146 342 1291 384 delicto
1311 358 1419 386 mora
1437 360 1501 387 re-

170 404 423 444 surrectionis
455 416 639 455 expenso.
709 402 807 451 Quid
838 403 896 441 his
927 402 1100 441 sensibus
1132 403 1282 455 aptius?
1323 402 1411 456 quid
1441 404 1501 444 his

168 461 553 515 interpretationibus
582 461 736 500 verius?
802 459 981 499 Ceterum
1013 458 1114 513 apud
1141 459 1437 513 Carpocratem,
1470 463 1502 501 si

170 521 336 559 omnium
362 520 576 558 facinorum
603 517 771 557 debitrix
795 519 919 557 anima
945 525 1021 566 est,
1054 519 1136 570 quis
1161 519 1236 557 erit
1259 519 1437 558 inimicus
1462 526 1503 559 et

169 577 413 617 adversarius
445 577 527 615 eius
558 574 858 628 intelligendus?
895 575 1034 624 credo,
1073 588 1180 615 mens
1210 576 1365 624 melior,
1404 590 1500 629 quae

168 636 272 674 illam
300 637 337 674 in
363 633 506 687 aliquid
534 635 777 673 innocentiae
809 634 1015 685 impegerit
1045 632 1275 685 adigendam
1299 647 1430 674 rursus
1454 647 1501 674 ac

169 706 300 732 rursus
326 694 363 731 in
391 705 550 744 corpus,
584 690 709 730 donec
741 693 780 730 in
811 691 914 729 nullo
941 704 1010 730 rea
1035 690 1347 744 deprehendatur
1375 691 1502 734 honae

167 752 284 789 vitae.
335 750 419 789 Hoc
446 757 507 788 est
532 763 581 788 ex
606 750 714 788 malis
739 749 927 788 fructibus
952 749 1091 788 bonam
1117 749 1294 788 arborem
1321 749 1500 802 intelligi,

169 806 208 845 id
235 814 312 854 est,
346 820 395 845 ex
425 808 600 858 pessimis
632 808 852 858 praeceptis
883 805 1098 846 doctrinam
1128 807 1303 846 veritatis
1328 808 1502 859 agnosci.

172 863 297 916 Spero
335 863 551 902 huiusmodi
594 864 815 902 haereticos
853 863 988 902 Heliae
1027 878 1177 916 quoque
1215 862 1399 904 invadere
1424 877 1505 905 rex-

172 921 336 973 emplum
368 927 545 972 tanquam
577 921 615 958 in
641 919 785 958 Ioanne
818 921 873 959 sic
905 923 1206 972 repraesentati,
1245 928 1286 960 ut
1314 932 1505 976 μετεμψυ-

170 975 285 1032 χώσει
309 979 575 1030 patrocinetur
599 978 860 1029 pronuntiatio
889 976 1050 1016 domini:
1078 977 1209 1017 Helias
1228 979 1301 1017 iam
1320 979 1438 1027 venit,
1465 986 1506 1018 et

172 1049 249 1074 non
276 1042 542 1086 cognoverunt
573 1036 732 1084 eum,2)
771 1041 811 1072 et
842 1034 952 1072 alibi:
991 1042 1032 1073 et
1053 1036 1087 1073 si
1113 1036 1226 1074 vultis
1250 1034 1404 1083 audire,
1441 1036 1503 1075 hic

173 1100 233 1132 est
247 1092 391 1138 Helias,
419 1093 482 1144 qui
506 1097 688 1130 venturus
714 1097 788 1129 est.
805 1091 844 1140 3)
893 1089 1086 1142 Numquid
1112 1105 1208 1143 ergo
1234 1098 1274 1140 et
1299 1090 1430 1131 ludaei
1456 1106 1506 1132 ex

174 1151 356 1202 opinione
377 1148 639 1201 Pythagorica
665 1147 919 1187 consulebant
939 1146 1139 1187 Ioannem:
1166 1155 1206 1187 tu
1232 1161 1274 1188 es
1294 1147 1451 1189 Helias?
1462 1151 1504 1203 ⁴)

173 1214 214 1246 et
226 1221 303 1245 non
323 1220 372 1245 ex
391 1205 684 1258 praedicatione
706 1204 920 1244 divinaret
944 1218 1039 1245 ecce
1065 1207 1210 1244 mittam
1233 1206 1342 1245 vobis
1357 1206 1505 1247 Heliam

171 1264 406 1303 Thesbiten?
419 1265 456 1314 ⁵)
496 1262 575 1302 Sed
601 1265 701 1302 enim
725 1259 1017 1317 μετεμψύχωσις
1041 1263 1192 1302 illorum
1217 1264 1418 1303 revocatio
1445 1272 1506 1304 est

172 1323 322 1361 animae
343 1323 416 1360 iam
437 1320 585 1373 pridem
606 1328 728 1360 morte
749 1322 904 1360 functae
925 1328 965 1360 et
984 1322 1022 1359 in
1042 1320 1144 1360 aliud
1166 1334 1305 1374 corpus
1325 1323 1503 1362 iteratae.

172 1379 306 1418 Helias
331 1386 458 1418 autem
484 1379 560 1417 non
582 1392 632 1417 ex
650 1376 879 1417 decessione
903 1379 1019 1426 vitae,
1046 1378 1115 1417 sed
1136 1392 1184 1418 ex
1207 1380 1503 1431 translatione⁶)

171 1444 356 1475 venturus
381 1442 453 1483 est,
479 1449 552 1474 nec
580 1437 736 1487 corpori
762 1435 1040 1484 restituendus,
1075 1436 1122 1476 de
1150 1450 1224 1490 quo
1249 1450 1324 1475 non
1352 1444 1412 1476 est
1437 1449 1505 1477 ex-

174 1500 341 1545 emptus,
374 1491 442 1531 sed
472 1491 612 1530 mundo
639 1491 877 1540 reddendus,
911 1492 958 1531 de
985 1507 1058 1545 quo
1085 1501 1145 1533 est
1169 1495 1394 1542 translatus,
1428 1508 1505 1534 non

175 1563 225 1588 ex
249 1550 483 1601 postliminio
507 1550 631 1595 vitae,
663 1548 732 1587 sed
758 1561 807 1586 ex
832 1550 1098 1600 supplemento
1124 1551 1371 1603 prophetiae,
1402 1551 1504 1591 idem

174 1613 215 1646 et
239 1608 320 1659 ipse
347 1614 386 1645 et
410 1607 468 1644 sui
494 1606 656 1644 nominis
682 1612 721 1644 et
746 1607 803 1644 sui
828 1606 1004 1644 hominis.
1051 1606 1129 1645 Sed
1156 1608 1347 1659 quomodo
1373 1609 1505 1648 Helias

174 1664 364 1703 Ioannes?
399 1662 528 1701 Habes
559 1663 687 1714 angeli
711 1676 867 1702 vocem:
908 1670 948 1702 et
978 1664 1079 1716 ipse,
1117 1665 1256 1716 inquit,
1293 1664 1506 1717 praecedet

174 1735 305 1760 coram
331 1721 473 1774 populo
500 1721 538 1759 in
562 1721 703 1759 virtute
724 1726 764 1758 et
783 1721 820 1758 in
841 1721 975 1772 spiritu
990 1720 1192 1769 Heliae‚⁷)
1225 1734 1302 1759 non
1321 1722 1360 1760 in
1379 1724 1505 1762 anima

173 1780 256 1818 eius
281 1791 353 1817 nec
380 1780 419 1817 in
445 1790 576 1816 carne.
627 1776 710 1816 Hae
737 1777 834 1816 enim
862 1777 1097 1817 substantiae
1123 1779 1181 1817 sui
1207 1778 1391 1832 cuiusque
1417 1786 1505 1819 sunt

170 1836 354 1884 hominis3
387 1836 542 1888 spiritus
571 1847 666 1874 vero
693 1841 732 1873 et
755 1835 875 1873 virtus
908 1837 1149 1875 extrinsecus
1180 1836 1506 1876 conferuntur'ex

172 1892 234 1932 dei
260 1894 404 1945 gratia,
437 1894 490 1932 ita
522 1899 562 1931 et
591 1889 795 1931 transferri
821 1893 859 1930 in
884 1893 1046 1932 alterum
1077 1900 1237 1945 possunt
1261 1906 1310 1932 ex
1341 1892 1404 1933 dei
1434 1907 1504 1933 vo-

170 1951 331 1999 luntate,
358 1957 400 1990 ut
424 1950 568 1989 factum
594 1957 654 1989 est
677 1956 784 1988 retro
811 1947 859 1988 de
884 1948 1005 1989 Mosis
1030 1951 1177 2003 spiritu.
1192 1951 1230 1999 ⁸)
1489 1983 1492 1986 Δ

287 2012 356 2051 36.
372 2009 409 2057 ⁹)
461 2008 503 2047 In
535 2007 603 2046 has
636 2008 883 2060 quaestiones
914 2006 1022 2054 inde,
1055 2008 1212 2059 opinor,
1246 2009 1494 2057 excessimus,

173 2078 246 2117 quo
272 2079 371 2109 nunc
397 2063 668 2104 revertendum
693 2071 765 2104 est.
811 2064 1141 2103 Constitueramus
1165 2065 1327 2103 animam
1353 2067 1392 2104 in
1417 2067 1500 2118 ipso

172 2129 212 2161 et
237 2135 286 2161 ex
309 2124 393 2175 ipso
426 2123 502 2162 seri
534 2123 707 2169 homine,
741 2129 781 2160 et
810 2135 922 2161 unum
954 2135 1039 2161 esse
1065 2135 1087 2160 a
1112 2121 1323 2174 primordio
1355 2135 1500 2170 semen,

171 2181 270 2218 sicut
296 2187 335 2218 et
360 2181 486 2219 carnis
517 2181 555 2218 in
586 2187 707 2218 totum
739 2181 893 2230 generis
925 2191 1104 2226 examen,
1142 2186 1304 2231 propter
1332 2180 1501 2219 aemulas

171 2237 324 2276 scilicet
355 2238 554 2290 opiniones
586 2237 900 2290 philosophorum
926 2244 966 2276 et
990 2237 1295 2283 haereticorum,
1330 2243 1370 2275 et
1393 2237 1498 2276 illum

172 2306 385 2334 sermonem
411 2294 582 2334 Platonis
606 2301 863 2334 veternosum.
925 2293 1036 2333 Nunc
1063 2293 1235 2334 ordinem
1261 2295 1497 2346 sequentium

266 2465 431 2503 1)Matth.
442 2470 472 2506 5,
483 2469 540 2501 25.
638 2469 674 2509 2)
690 2470 874 2510 Matth.17‚
885 2470 938 2500 12.
1009 2468 1046 2508 3)
1056 2467 1180 2499 Matth.
1192 2468 1246 2508 11,
1262 2468 1316 2497 14.
1399 2467 1498 2507 4)10.

174 2510 207 2546 1,
229 2510 298 2549 21»
389 2509 426 2554 5)
445 2514 595 2546 Malach.
621 2517 653 2554 4,
681 2518 712 2547 5.
827 2516 864 2555 6)
885 2516 995 2555 2Reg.
1017 2516 1050 2554 2,
1074 2516 1127 2545 11.
1240 2512 1279 2552 7)
1297 2514 1379 2543 Luc.
1395 2513 1427 2552 1,
1443 2513 1497 2542 17.

176 2554 212 2593 ⁸)
236 2554 336 2586 Num·
363 2557 417 2596 12,
444 2559 464 2587 2
485 2568 555 2598 sqq.
677 2559 715 2603 9)
741 2562 815 2592 Hoc
847 2564 952 2600 caput
982 2560 1018 2590 in
1050 2559 1158 2590 Rhen.
1182 2560 1219 2589 et
1241 2558 1315 2588 Gel.
1342 2557 1416 2588 edd.
1441 2557 1497 2588 in-

174 2598 352 2676 petibitupz
378 2602 434 2633 De
459 2613 562 2636 sexu
592 2606 757 2638 animae
782 2610 823 2638 et
849 2606 1012 2648 carnis,
1038 2605 1145 2644 quod
1168 2603 1292 2636 timul
1311 2603 1353 2633 in
1372 2605 1498 2635 utero
1542 2611 1546 2619 ¹

195 2653 312 2676 omen
341 2654 396 2678 ur.
