1604 2800
314 190 389 222 DE
423 189 937 223 RESURRECTIONE
974 189 1208 225 CARle.
1322 191 1424 229 110

101 295 266 331 corona,
315 295 426 335 quam
461 289 502 321 et
535 296 606 321 vos
642 295 773 323 coram
811 280 965 321 domino
1002 281 1128 331 deol)
1162 291 1294 322 nostro
1338 284 1426 325 Iesu

100 340 256 380 Christo
286 340 326 378 in
356 338 523 380 adventu
552 339 744 392 ipsius22)
806 339 925 379 Item&
960 353 1090 379 coram
1127 339 1202 380 deo
1240 348 1281 380 et
1315 349 1427 394 patre

99 404 235 437 nostro
259 398 299 436 in
322 395 490 437 adventu
514 396 657 436 domini
683 398 805 436 nostri
836 397 923 436 lesu
955 397 1118 444 Christi,
1157 411 1242 437 cum
1273 400 1428 438 univer-

99 456 153 494 sis
177 455 322 494 sanctis
347 455 489 503 eins-³)
543 454 602 493 De
629 468 788 507 quornm
813 453 1044 494 dormitione
1069 455 1192 494 minus
1215 455 1427 496 moerenda

101 510 266 559 docens,
302 512 413 551 simul
443 518 484 551 et
513 519 688 564 tempora
720 513 1018 551 resurrectionis
1054 513 1234 564 exponit,
1272 512 1425 552 dicens:

100 571 134 608 si
163 570 265 608 enim
301 568 512 615 credimus,
550 568 651 621 quod
685 569 790 608 Iesus
821 576 992 608 mortuus
1016 570 1067 607 sit
1090 576 1131 608 et
1154 572 1426 618 resurrexerit,

100 627 158 665 sic
183 634 225 666 et
248 625 344 666 deus
374 639 444 665 eos
475 627 538 678 qui
575 625 832 673 dormierunt,
870 639 941 678 per
976 625 1101 664 Iesum
1137 625 1306 667 adducet
1342 641 1428 667 cum

100 685 203 736 ipso.
265 683 350 723 Hoc
380 684 482 722 enim
513 682 674 722 dicimus
701 684 813 722 vobis
844 685 883 722 in
914 696 1092 722 sermone
1125 683 1286 731 domini,
1326 683 1428 737 quod

100 753 191 788 nos,
229 741 294 792 qni
316 741 495 787 vivimus,
532 742 596 791 qui
626 753 867 779 remanemus
897 741 935 778 in
960 739 1164 778 adventum
1189 739 1332 779 domini
1357 755 1428 779 no-

100 798 190 845 stri,
228 809 307 835 non
329 797 622 849 praeveniemus
647 810 729 843 eos,
756 798 819 848 qui
845 796 1101 844 dormierunt3
1141 799 1319 849 quoniam
1344 799 1427 849 ipse

99 851 276 893 dominns
299 854 340 892 in
364 854 470 893 iussu
494 860 534 892 et
557 854 597 891 in
620 867 719 892 voce
745 853 969 904 archangeli
996 860 1037 891 et
1061 853 1151 892 tuba
1176 853 1239 893 dei
1264 853 1429 894 descen-

100 909 169 950 det
191 909 241 949 de
267 910 399 958 coelo,
426 918 466 949 et
488 911 630 950 mortui
654 911 692 949 in
718 910 873 949 Christo
899 911 1011 962 primi
1036 919 1259 962 resurgent,
1287 910 1428 951 deinde

99 981 191 1016 nos,
229 969 294 1020 qui
327 969 506 1015 vivimuS‚
532 970 595 1020 qui
632 968 742 1007 simul
774 982 858 1007 cum
890 968 965 1006 illis
996 968 1176 1006 tollemur
1199 970 1238 1006 in
1264 969 1427 1007 nubibus

101 1025 252 1071 obviam
278 1025 477 1074 Christ04)
506 1026 544 1063 in
570 1038 714 1071 aerem,
742 1032 781 1063 et
806 1026 859 1062 ita
871 1037 1036 1075 ,semper
1061 1038 1144 1063 cnm
1171 1024 1326 1064 domino
1352 1027 1429 1064 eri-

99 1082 243 1131 mus-⁵)
304 1082 411 1131 Quae
440 1095 518 1121 vox
547 1082 790 1132 archangeli,
829 1094 926 1132 quae
962 1081 1054 1119 tuba
1084 1080 1148 1120 dei
1178 1082 1308 1121 audita
1338 1084 1427 1129 iam,

101 1141 176 1179 nisi
210 1139 314 1178 forte
345 1141 384 1178 in
417 1139 603 1177 cubiculis
634 1139 944 1177 haeretieorum?
1001 1137 1101 1176 Nam
1132 1140 1206 1177 etsi
1236 1139 1327 1177 tuba
1365 1138 1428 1177 dei

100 1196 350 1246 evangelicus
374 1209 501 1235 sermo
533 1194 611 1233 diei
640 1202 788 1247 potest,
826 1196 889 1246 qui
919 1195 1006 1233 illos
1037 1196 1111 1233 iam
1141 1203 1323 1243 vocaret,
1358 1195 1429 1235 sed

101 1260 168 1292 aut
202 1254 344 1292 mortui
380 1259 493 1292 erunt
528 1253 602 1291 iam
641 1252 918 1304 corporaliter,
967 1259 1009 1290 ut
1044 1254 1350 1301 resurrexerint,
1388 1260 1430 1292 et

102 1309 295 1363 quomodo
330 1311 486 1349 vivunt?
532 1316 599 1348 aut
633 1311 671 1348 in
708 1309 829 1348 nubes
865 1310 1015 1361 erepti,
1058 1317 1099 1348 et
1135 1310 1327 1362 quomodo
1364 1311 1427 1350 hic

102 1369 214 1406 sunt?
270 1366 479 1406 Miserrimi
503 1380 661 1413 revera,
698 1374 741 1405 ut
764 1367 961 1418 apostolus
986 1369 1263 1418 pronuntiavit,
1302 1369 1365 1419 qui
1389 1369 1428 1406 in

100 1427 176 1463 ista
206 1431 353 1463 tantum
388 1426 468 1463 vita
503 1430 706 1476 sperantes
741 1423 1000 1470 habebuntur,
1039 1423 1302 1471 excludendo,
1341 1424 1428 1462 dum

100 1482 358 1534 praeripiunt,
397 1481 498 1533 qnod
528 1487 616 1533 post
645 1481 747 1519 illam
778 1481 1078 1532 repromittitur,
1116 1482 1289 1520 frustrati
1322 1483 1429 1520 circa

100 1539 324 1586 veritatem,
349 1552 426 1577 nou
451 1540 574 1577 minus
600 1552 710 1589 quam
736 1538 944 1590 Phygellus
969 1545 1010 1576 et
1034 1538 1315 1590 Hermogenes.
1378 1538 1430 1577 Et

100 1594 191 1635 idco
221 1597 401 1635 maiestas
432 1596 588 1647 spiritus
619 1597 742 1633 sancti
773 1597 979 1646 perspicax
1015 1595 1201 1634 eiusmodi
1238 1609 1427 1642 sensuum,

101 1653 205 1692 etin
229 1653 313 1705 ipsa
341 1652 391 1692 ad
421 1653 789 1693 Thessalonicenses
820 1652 984 1702 epistola
1015 1653 1207 1702 suggerit:
1246 1651 1294 1691 de
1331 1660 1428 1691 tem-

101 1710 261 1762 poribus
284 1716 411 1748 autem
437 1716 478 1748 et
503 1716 714 1759 temporum
740 1709 892 1759 spatiis,
918 1709 1078 1753 fratres,
1104 1722 1182 1747 non
1207 1716 1267 1747 est
1291 1722 1428 1748 neces-

102 1767 197 1804 sitas
221 1765 417 1804 scribendi
440 1765 571 1811 vobis3
598 1765 668 1816 ipsi
696 1765 795 1802 enim
822 1765 1036 1802 certissime
1062 1766 1190 1812 scitis,
1216 1764 1317 1817 quod
1344 1765 1428 1804 dies

103 1821 247 1861 domini
274 1823 379 1873 qnasi
406 1822 467 1859 sur
491 1828 606 1859 nocte
638 1822 692 1858 ita
723 1820 919 1868 adveniet3
959 1834 1043 1859 cnm
1068 1820 1217 1860 dicent:
1254 1835 1349 1874 pax,
1387 1829 1429 1861 et

102 1886 185 1919 tuta
215 1886 302 1917 sunt
333 1879 478 1924 omnia,
518 1885 607 1916 tunc
645 1878 719 1915 illis
750 1879 972 1930 repentinus
1002 1879 1154 1917 insistet
1189 1879 1426 1927 interitus-⁶)

102 1936 154 1975 Et
183 1937 222 1974 in
252 1934 423 1974 secunda
459 1935 633 1987 pleniore
671 1934 927 1973 sollicitudine
965 1934 1015 1973 ad
1046 1935 1223 1975 eosdem:
1261 1936 1427 1976 obsecro

101 2006 191 2040 vos,
227 1993 389 2040 fratres,
426 2006 498 2044 per
534 1991 737 2031 adventum
768 1991 911 2031 domini
942 1993 1064 2031 nostri
1095 1992 1183 2032 lesu
1214 1993 1356 2032 Christi
1387 2001 1429 2032 et
1463 1992 1471 1996 ”

104 2051 447 2102 congregationem
473 2057 641 2088 nostram
672 2048 721 2087 ad
750 2050 873 2097 illum,
910 2062 958 2088 ne
996 2051 1074 2088 cito
1112 2052 1427 2091 commoveamini

103 2109 231 2146 animo
255 2120 380 2159 neque
406 2107 631 2152 turbemini,
658 2119 780 2158 neque
806 2120 877 2159 per
900 2107 1073 2159 spiritum
1099 2121 1223 2160 neque
1247 2121 1321 2160 per
1344 2122 1427 2148 ser-

104 2176 268 2211 monem,
293 2165 465 2216 (scilicet
488 2162 940 2216 pseudoprophetarum,)
966 2178 1091 2217 neque
1116 2179 1187 2217 per
1211 2166 1425 2218 epistolam,

105 2221 275 2268 (scilicet
298 2220 752 2274 pseudoapostolorum)
778 2234 824 2260 ac
855 2222 887 2260 si
917 2234 988 2274 per
1011 2229 1198 2269 nostram,
1237 2223 1343 2274 quasi
1368 2223 1427 2259 iu—

106 2279 217 2317 sistat
241 2277 324 2316 dics
350 2277 505 2316 domini.
565 2277 626 2316 Ne
653 2279 735 2330 quis
764 2291 833 2317 vos
857 2277 1018 2318 seducat
1042 2280 1120 2318 ullo
1145 2278 1279 2326 mod03
1307 2292 1427 2330 qnon—

104 2336 177 2373 iam
215 2336 287 2373 nisi
318 2336 450 2373 veniat
480 2335 677 2374 abscessio
708 2336 851 2387 primo,
889 2336 1021 2384 (huius
1051 2338 1181 2388 utique
1208 2337 1360 2387 regni‚)
1387 2343 1426 2374 et

197 2485 235 2524 1)
259 2484 323 2517 Ed.
347 2484 448 2515 Fran.
474 2486 509 2515 ct
533 2484 606 2525 Rig.
632 2485 803 2516 domino
828 2488 992 2517 nostro.
1087 2484 1125 2528 2)
1151 2486 1351 2525 1Thess.2‚
1371 2487 1425 2516 19.

106 2528 145 2572 ³)
170 2531 325 2562 1Thess.
346 2532 377 2568 3,
399 2531 452 2561 13.
546 2529 583 2570 4)
608 2531 671 2563 Ed.
689 2531 791 2564 Fran.
820 2532 1001 2564 domino.
1094 2530 1133 2574 5)
1159 2533 1178 2563 1
1193 2531 1302 2563 Thess
1330 2533 1362 2574 4,
1382 2533 1424 2562 13

105 2585 177 2614 sqq.
270 2574 310 2620 6)
335 2578 355 2607 1
369 2576 488 2607 Thess.
502 2577 534 2616 5,
549 2577 567 2606 1
583 2585 654 2615 sqq.
