1604 2800
164 236 271 274 100
380 233 453 265 DE
489 231 1006 264 RESURRECTIONE
1043 231 1270 264 cARN1s.

164 332 262 368 tiore
288 327 462 365 matrice.
523 324 584 363 Ita
608 330 649 363 et
673 322 748 362 deo
775 323 883 362 licuit
909 324 1035 362 carnis
1061 335 1193 361 aurum
1219 321 1267 360 de
1293 321 1384 370 limi,
1411 322 1494 393 qui-

163 388 230 424 bus
256 392 379 430 nutas,
407 380 584 421 sordibus
609 388 795 420 excusato
823 393 939 420 censu
965 381 1170 432 eliquasse.

277 446 317 484 7.
369 439 448 479 Sed
474 438 633 478 dilutior
656 437 834 477 videatur
864 439 1077 477 auctoritas
1109 437 1256 484 carnis,
1295 437 1384 488 quia
1419 449 1497 475 non

163 508 203 538 et
245 501 364 551 ipsam
408 498 564 550 proprie
609 509 741 534 manus
783 494 912 534 divina
948 496 1154 542 tractavit,
1204 494 1318 533 sicuti
1354 493 1496 532 limum.

164 556 326 605 Quando
353 556 391 594 in
416 555 491 593 hoc
518 554 700 593 tractavit
731 554 876 600 limum,
915 561 956 592 ut
987 551 1228 605 postmodum
1259 564 1353 590 caro
1385 551 1500 590 fieret

164 628 214 653 ex
239 615 348 660 linio,
388 613 515 651 carnis
546 613 677 663 utique
711 612 907 662 negotium
933 612 1066 662 gessit.
1128 608 1209 648 Sed
1234 607 1359 647 adhuc
1384 608 1500 647 velim

164 671 311 718 discas,
339 668 490 722 quando
518 676 557 707 et
582 667 774 720 quomodo
802 681 894 707 caro
920 668 1097 706 floruerit
1121 680 1171 706 ex
1195 667 1299 705 limo.
1360 664 1500 718 Neque

166 731 286 774 enim,
313 735 353 765 ut
378 726 530 778 quidam
555 726 700 772 volunt,
727 725 818 764 illae
843 726 1034 777 pelliceae
1061 725 1229 771 tunicae,
1257 736 1349 776 quas
1373 721 1500 763 Adam

166 793 207 824 et
238 785 318 822 Eva
349 783 568 834 paradisum
599 784 703 820 exuti
736 781 961 829 induerunt,
1000 783 1106 834 ipsae
1144 788 1257 821 erunt
1294 781 1421 820 carnis
1451 793 1503 819 ex

167 843 257 880 limo
284 841 530 886 reformatio,
570 852 655 877 cum
686 839 881 890 aliquanto
914 840 1019 890 prius
1045 847 1085 878 et
1108 838 1234 878 Adam
1265 838 1502 878 substantiae

167 912 260 938 suae
299 896 497 936 traducem
534 897 574 934 in
610 896 776 934 feminae
814 896 888 934 iam
921 908 1038 935 carne
1071 896 1364 946 recognoverit,
1406 895 1502 943 (hoc

168 969 268 995 nunc
296 969 339 994 os
365 967 415 993 ex
440 953 588 992 ossibus
614 954 727 999 meis,
755 959 795 991 et
821 966 912 991 caro
940 965 990 991 ex
1016 966 1132 991 carne
1158 956 1274 1000 mea‚)
1291 953 1327 997 1)
1355 959 1396 991 et
1421 953 1504 1004 ipsa

170 1013 356 1053 delibatio
383 1011 542 1049 masculi
567 1012 606 1048 in
632 1011 811 1048 feminam
838 1022 955 1048 carne
981 1011 1157 1061 suppleta
1182 1010 1250 1055 sit,
1277 1009 1387 1056 limo,
1420 1010 1505 1062 opi·

169 1084 243 1109 nor
268 1067 492 1121 supplenda,
519 1068 551 1105 si
575 1065 699 1105 Adam
726 1065 850 1104 adhue
878 1067 999 1104 limus.
1062 1066 1298 1104 Obliteratus
1322 1066 1441 1118 igitur
1465 1073 1506 1106 et

170 1127 378 1166 devoratus
415 1132 476 1164 est
512 1124 622 1163 limus
654 1125 692 1161 in
726 1136 899 1162 carnem.
963 1122 1149 1171 Quando?
1180 1136 1264 1162 cum
1295 1123 1421 1162 factus
1446 1130 1507 1163 est

169 1186 284 1223 homo
312 1184 350 1222 in
376 1184 538 1221 animam
563 1183 685 1220 vivam
713 1180 760 1220 de
787 1180 851 1220 dei
876 1181 988 1228 flatu,
1013 1194 1159 1233 vapore
1186 1181 1339 1219 scilicet
1362 1179 1505 1220 idoneo

170 1250 325 1280 torrere
353 1238 634 1292 quodammodo
667 1239 795 1278 limum
827 1239 866 1277 in
897 1239 1010 1277 aliam
1044 1239 1283 1291 qualitatem,
1323 1239 1430 1291 quasi
1466 1239 1506 1277 in

171 1306 328 1344 testam,
362 1299 416 1336 ita
441 1299 479 1335 in
506 1310 674 1336 carnem.
737 1295 804 1335 Sic
831 1303 871 1335 et
896 1297 1013 1348 figulo
1040 1297 1134 1335 licet
1159 1297 1334 1348 argillam
1359 1303 1507 1348 tempe-

172 1363 258 1394 rato
291 1356 392 1405 ignis
423 1354 551 1392 afflatu
581 1355 620 1392 in
652 1355 851 1393 materiam
882 1354 1142 1393 robustiorem
1171 1366 1430 1406 recorporare
1467 1360 1509 1393 et

173 1413 287 1450 aliam
314 1424 364 1449 ex
388 1411 464 1448 alia
490 1411 637 1461 fingere
663 1413 852 1462 speciem,
885 1413 1074 1463 aptiorem
1101 1413 1260 1464 pristina
1286 1418 1326 1450 et
1351 1412 1407 1450 sui
1432 1412 1508 1450 iam

174 1468 331 1519 generis
357 1480 402 1505 ac
429 1467 603 1513 nominis.
665 1467 764 1506 Nam
796 1470 869 1506 etsi
900 1470 1083 1520 scriptum
1116 1476 1194 1508 est:
1234 1467 1415 1521 numquid
1445 1481 1509 1508 ar-

176 1525 269 1576 gilla
296 1523 401 1562 dicet
426 1523 612 1576 figulo,²)
639 1523 678 1561 id
704 1531 763 1562 est
787 1524 902 1562 homo
929 1524 1030 1563 deo?
1065 1528 1138 1564 etsi
1164 1527 1362 1578 apostolus
1386 1527 1425 1565 in
1450 1533 1510 1565 te-

176 1582 319 1621 staceis
345 1582 399 1619 ait
423 1580 608 1627 vasculis,
637 1587 763 1619 tamen
788 1588 829 1619 et
853 1582 991 1631 argilla
1015 1581 1142 1628 homo,
1171 1584 1259 1633 quia
1284 1584 1393 1621 limus
1417 1590 1509 1622 ante

177 1646 217 1678 ct
253 1645 354 1677 testa
392 1651 504 1684 caro,
544 1638 631 1688 quia
668 1651 717 1676 ex
754 1638 843 1676 limo
882 1651 953 1690 per
983 1638 1131 1677 afflatus
1163 1637 1281 1677 divini
1313 1652 1507 1691 vaporem,

179 1709 288 1748 quam
327 1702 463 1747 postea
499 1694 690 1746 pelliceae
722 1695 897 1740 tunicae,
936 1694 975 1732 id
1007 1702 1066 1733 est
1098 1702 1206 1734 cutes
1237 1695 1508 1748 superductae,

175 1754 403 1793 vestierunt.
472 1751 600 1803 Usque
638 1751 758 1798 adeo,
797 1753 829 1789 si
867 1750 1085 1790 detraxeris
1122 1759 1267 1800 cutem,
1306 1751 1511 1793 nudaveris

179 1823 348 1850 carnem.
410 1809 468 1848 Ita
506 1807 607 1860 quod
645 1808 760 1847 hodie
799 1809 959 1860 spolium
991 1808 1171 1857 efficitur,
1210 1811 1242 1849 si
1272 1809 1510 1857 detrahatur,

177 1868 254 1906 hoc
280 1868 352 1905 fuit
375 1865 655 1913 indumentum,
695 1880 779 1905 cum
811 1867 1163 1918 superstruebatur.
1228 1867 1326 1907 Hinc
1352 1875 1393 1907 et
1417 1881 1512 1921 apo-

180 1926 299 1963 stolus
318 1926 356 1973 3)
397 1924 730 1962 circumcisionem
774 1922 1095 1975 despoliationem
1134 1926 1260 1963 carnis
1298 1925 1510 1978 appellans,

179 1983 348 2020 tunicam
375 1988 501 2020 cutem
527 1980 738 2019 affirmavit.
802 1980 907 2020 Haec
935 1995 1019 2020 cum
1045 1983 1099 2020 ita
1124 1982 1216 2028 sint,
1255 1982 1375 2022 habes
1400 1989 1441 2022 et
1464 1983 1512 2022 li-

179 2052 278 2077 mum
306 2038 353 2077 de
380 2051 492 2077 manu
517 2037 582 2077 dei
607 2038 818 2089 gloriosum
845 2045 886 2077 et
910 2052 1066 2078 carnem
1091 2037 1140 2077 de
1171 2038 1300 2077 afflatu
1332 2039 1395 2078 dei
1426 2040 1512 2091 glo·

180 2097 403 2142 riosiorem,
443 2109 516 2147 quo
548 2092 696 2147 pariter
728 2109 822 2134 caro
854 2103 894 2134 et
925 2096 1003 2134 limi
1028 2095 1243 2135 rudimenta
1269 2095 1448 2148 deposuit
1473 2103 1513 2136 et

181 2154 330 2191 animae
358 2159 583 2192 ornamenta
612 2154 796 2205 suscepit.
856 2153 946 2192 Non
983 2166 1026 2192 es
1062 2152 1288 2204 diligentior
1325 2152 1419 2201 deo,
1456 2155 1512 2193 uti

180 2218 222 2248 tu
249 2209 399 2262 quidem
426 2209 631 2262 Scythicas
663 2217 703 2248 ct
733 2209 886 2249 Indicas
917 2224 1086 2262 gemmas
1117 2218 1157 2249 et
1187 2210 1360 2250 rubentis
1396 2212 1513 2251 maris

182 2281 302 2318 grana
330 2266 534 2306 candentia
559 2280 635 2305 non
659 2268 832 2318 plumbo,
870 2281 947 2306 non
973 2281 1084 2315 aere,
1124 2282 1199 2307 non
1223 2269 1349 2315 ferro,
1375 2281 1424 2307 ne
1449 2281 1512 2307 ar-

183 2332 300 2374 gento
329 2337 478 2376 quoque
506 2324 786 2376 oblaquees,4)
819 2324 888 2364 sed
913 2325 1146 2365 electissimo
1173 2333 1214 2364 et
1237 2326 1394 2378 insuper
1418 2337 1512 2378 ope-

183 2382 381 2420 rosissimo
407 2381 618 2421 descrobes
644 2395 752 2430 auro,
777 2384 876 2422 vinis
900 2385 992 2422 item
1018 2390 1058 2422 et
1085 2383 1286 2435 unguentis
1310 2381 1512 2436 pretiosis-

279 2572 316 2615 1)
343 2576 426 2606 Gen.
441 2579 472 2616 2,
488 2578 543 2608 23.
639 2575 677 2619 2)
703 2578 798 2609 Rom.
812 2580 844 2618 9,
857 2580 911 2609 20
1008 2581 1044 2620 3)
1071 2580 1142 2610 Col.
1157 2580 1190 2618 2,
1207 2580 1262 2609 11.
1355 2577 1394 2618 4)
1419 2579 1511 2610 Con-

187 2616 322 2649 iectura
347 2621 517 2661 Rhenani3
544 2622 595 2653 ed.
620 2623 645 2654 1.
671 2623 993 2662 oblaquensset.
