<?xml version="1.0" encoding="UTF-8"?>
<!DOCTYPE html PUBLIC "-//W3C//DTD XHTML 1.0 Transitional//EN"
    "http://www.w3.org/TR/xhtml1/DTD/xhtml1-transitional.dtd">
<html xmlns="http://www.w3.org/1999/xhtml" xml:lang="en" lang="en">
 <head>
  <title>
</title>
<meta http-equiv="Content-Type" content="text/html;charset=utf-8" />
  <meta name='ocr-system' content='tesseract 3.04.00' />
  <meta name='ocr-capabilities' content='ocr_page ocr_carea ocr_par ocr_line ocrx_word'/>
</head>
<body>
  <div class='ocr_page' id='page_1' title='image "./operatert34tertuoft_0245.png"; bbox 0 0 1624 2826; ppageno 0'>
   <div class='ocr_carea' id='block_1_1' title="bbox 306 177 1394 228">
    <p class='ocr_par' dir='ltr' id='par_1_1' title="bbox 306 177 1394 228">
     <span class='ocr_line' id='line_1_1' title="bbox 306 177 1394 228; baseline 0.001 -14"><span class='ocrx_word' id='word_1_1' title='bbox 306 183 432 215; x_wconf 64' lang='lat' dir='ltr'><strong>anv.</strong></span> <span class='ocrx_word' id='word_1_2' title='bbox 467 181 829 214; x_wconf 69' lang='grc' dir='ltr'><strong>ιιιΑιιοιοΝΕιι</strong></span> <span class='ocrx_word' id='word_1_3' title='bbox 864 181 1043 228; x_wconf 62' lang='grc' dir='ltr'><strong>ιιΒΕιι</strong></span> <span class='ocrx_word' id='word_1_4' title='bbox 1075 182 1133 212; x_wconf 80' lang='lat' dir='ltr'><strong>rv.</strong></span> <span class='ocrx_word' id='word_1_5' title='bbox 1292 177 1394 215; x_wconf 68' lang='lat'><strong>2³5</strong></span> 
     </span>
    </p>
   </div>
   <div class='ocr_carea' id='block_1_2' title="bbox 13 273 1407 1474">
    <p class='ocr_par' dir='ltr' id='par_1_2' title="bbox 13 273 1407 1474">
     <span class='ocr_line' id='line_1_2' title="bbox 65 273 1396 325; baseline -0.006 -8"><span class='ocrx_word' id='word_1_6' title='bbox 65 281 129 318; x_wconf 85' lang='lat' dir='ltr'><strong>ior</strong></span> <span class='ocrx_word' id='word_1_7' title='bbox 157 277 228 324; x_wconf 76' lang='lat' dir='ltr'><strong>sis,</strong></span> <span class='ocrx_word' id='word_1_8' title='bbox 266 282 308 315; x_wconf 83' lang='lat' dir='ltr'><strong>et</strong></span> <span class='ocrx_word' id='word_1_9' title='bbox 338 282 490 321; x_wconf 80' lang='lat' dir='ltr'><strong>cetera,</strong></span> <span class='ocrx_word' id='word_1_10' title='bbox 530 281 570 313; x_wconf 91' lang='lat' dir='ltr'><strong>et</strong></span> <span class='ocrx_word' id='word_1_11' title='bbox 599 287 749 313; x_wconf 75' lang='lat' dir='ltr'><strong>rursus:</strong></span> <span class='ocrx_word' id='word_1_12' title='bbox 788 281 919 325; x_wconf 85' lang='lat' dir='ltr'><strong>patres</strong></span> <span class='ocrx_word' id='word_1_13' title='bbox 951 274 1073 311; x_wconf 79' lang='lat' dir='ltr'><strong>nostri</strong></span> <span class='ocrx_word' id='word_1_14' title='bbox 1103 273 1141 310; x_wconf 87' lang='grc' dir='ltr'><strong>ἰιι</strong></span> <span class='ocrx_word' id='word_1_15' title='bbox 1167 273 1241 310; x_wconf 89' lang='lat' dir='ltr'><strong>isto</strong></span> <span class='ocrx_word' id='word_1_16' title='bbox 1267 279 1396 310; x_wconf 91' lang='lat' dir='ltr'><strong>moute</strong></span> 
     </span>
     <span class='ocr_line' id='line_1_3' title="bbox 13 330 1400 396; baseline -0.005 -22"><span class='ocrx_word' id='word_1_17' title='bbox 13 356 26 361; x_wconf 90' lang='lat'><strong>-·</strong></span> <span class='ocrx_word' id='word_1_18' title='bbox 65 333 352 380; x_wconf 80' lang='lat' dir='ltr'><strong>adoraverunt,</strong></span> <span class='ocrx_word' id='word_1_19' title='bbox 402 339 443 371; x_wconf 88' lang='lat' dir='ltr'><strong>et</strong></span> <span class='ocrx_word' id='word_1_20' title='bbox 482 345 551 370; x_wconf 85' lang='lat' dir='ltr'><strong>vos</strong></span> <span class='ocrx_word' id='word_1_21' title='bbox 588 330 742 378; x_wconf 88' lang='lat' dir='ltr'><strong>dicitis,</strong></span> <span class='ocrx_word' id='word_1_22' title='bbox 793 332 882 383; x_wconf 89' lang='lat' dir='ltr'><strong>quia</strong></span> <span class='ocrx_word' id='word_1_23' title='bbox 925 330 1206 381; x_wconf 75' lang='lat' dir='ltr'><strong>Hierosolymis</strong></span> <span class='ocrx_word' id='word_1_24' title='bbox 1243 337 1400 396; x_wconf 75' lang='lat' dir='ltr'><strong>oportet</strong></span> 
     </span>
     <span class='ocr_line' id='line_1_4' title="bbox 66 386 1399 458; baseline -0.005 -26"><span class='ocrx_word' id='word_1_25' title='bbox 66 391 248 432; x_wconf 80' lang='lat' dir='ltr'><strong>adorare.</strong></span> <span class='ocrx_word' id='word_1_26' title='bbox 257 392 307 458; x_wconf 90' lang='lat'><strong>¹)</strong></span> <span class='ocrx_word' id='word_1_27' title='bbox 357 389 489 442; x_wconf 79' lang='lat' dir='ltr'><strong>Itaque</strong></span> <span class='ocrx_word' id='word_1_28' title='bbox 517 390 579 441; x_wconf 89' lang='lat' dir='ltr'><strong>qui</strong></span> <span class='ocrx_word' id='word_1_29' title='bbox 605 396 644 428; x_wconf 94' lang='lat' dir='ltr'><strong>et</strong></span> <span class='ocrx_word' id='word_1_30' title='bbox 676 402 745 441; x_wconf 88' lang='lat' dir='ltr'><strong>per</strong></span> <span class='ocrx_word' id='word_1_31' title='bbox 769 387 918 427; x_wconf 84' lang='lat' dir='ltr'><strong>Amos“</strong></span> <span class='ocrx_word' id='word_1_32' title='bbox 903 392 939 435; x_wconf 93' lang='lat'><strong>-)</strong></span> <span class='ocrx_word' id='word_1_33' title='bbox 967 401 1038 426; x_wconf 85' lang='lat' dir='ltr'><strong>vae</strong></span> <span class='ocrx_word' id='word_1_34' title='bbox 1064 386 1218 426; x_wconf 79' lang='lat' dir='ltr'>dixerit</span> <span class='ocrx_word' id='word_1_35' title='bbox 1233 388 1307 433; x_wconf 87' lang='lat' dir='ltr'><strong>eis,</strong></span> <span class='ocrx_word' id='word_1_36' title='bbox 1336 388 1399 438; x_wconf 89' lang='lat' dir='ltr'><strong>qui</strong></span> 
     </span>
     <span class='ocr_line' id='line_1_5' title="bbox 68 446 1398 498; baseline -0.005 -9"><span class='ocrx_word' id='word_1_37' title='bbox 68 448 268 490; x_wconf 86' lang='lat' dir='ltr'><strong>confident</strong></span> <span class='ocrx_word' id='word_1_38' title='bbox 296 449 335 487; x_wconf 87' lang='lat' dir='ltr'><strong>iu</strong></span> <span class='ocrx_word' id='word_1_39' title='bbox 370 454 500 486; x_wconf 91' lang='lat' dir='ltr'><strong>moute</strong></span> <span class='ocrx_word' id='word_1_40' title='bbox 538 446 762 492; x_wconf 83' lang='lat' dir='ltr'>Samariae,</span> <span class='ocrx_word' id='word_1_41' title='bbox 777 447 814 495; x_wconf 85' lang='grc'><strong>3)</strong></span> <span class='ocrx_word' id='word_1_42' title='bbox 853 447 928 484; x_wconf 88' lang='lat' dir='ltr'><strong>iam</strong></span> <span class='ocrx_word' id='word_1_43' title='bbox 966 453 1005 484; x_wconf 87' lang='lat' dir='ltr'><strong>et</strong></span> <span class='ocrx_word' id='word_1_44' title='bbox 1040 446 1160 498; x_wconf 82' lang='lat' dir='ltr'><strong>ipsam</strong></span> <span class='ocrx_word' id='word_1_45' title='bbox 1192 446 1398 483; x_wconf 76' lang='lat' dir='ltr'><strong>restituere</strong></span> 
     </span>
     <span class='ocr_line' id='line_1_6' title="bbox 68 497 1401 559; baseline -0.005 -13"><span class='ocrx_word' id='word_1_46' title='bbox 68 506 278 559; x_wconf 60' lang='lat' dir='ltr'><strong>dignum,</strong></span> <span class='ocrx_word' id='word_1_47' title='bbox 293 505 341 544; x_wconf 86' lang='lat' dir='ltr'><strong>de</strong></span> <span class='ocrx_word' id='word_1_48' title='bbox 366 504 555 544; x_wconf 85' lang='lat' dir='ltr'><strong>industria</strong></span> <span class='ocrx_word' id='word_1_49' title='bbox 578 504 685 543; x_wconf 88' lang='lat' dir='ltr'><strong>iubet</strong></span> <span class='ocrx_word' id='word_1_50' title='bbox 711 503 918 543; x_wconf 81' lang='lat' dir='ltr'><strong>ostendere</strong></span> <span class='ocrx_word' id='word_1_51' title='bbox 944 517 985 542; x_wconf 91' lang='lat' dir='ltr'><strong>se</strong></span> <span class='ocrx_word' id='word_1_52' title='bbox 1012 497 1298 549; x_wconf 84' lang='lat' dir='ltr'><strong>sacerdotibus,</strong></span> <span class='ocrx_word' id='word_1_53' title='bbox 1325 503 1401 540; x_wconf 83' lang='lat' dir='ltr'><strong>uti-</strong></span> 
     </span>
     <span class='ocr_line' id='line_1_7' title="bbox 68 558 1401 617; baseline -0.005 -13"><span class='ocrx_word' id='word_1_54' title='bbox 68 577 142 617; x_wconf 81' lang='lat' dir='ltr'><strong>que</strong></span> <span class='ocrx_word' id='word_1_55' title='bbox 168 565 232 617; x_wconf 81' lang='lat' dir='ltr'><strong>qui</strong></span> <span class='ocrx_word' id='word_1_56' title='bbox 257 577 334 602; x_wconf 88' lang='lat' dir='ltr'><strong>non</strong></span> <span class='ocrx_word' id='word_1_57' title='bbox 365 570 495 609; x_wconf 85' lang='lat' dir='ltr'><strong>eraut,</strong></span> <span class='ocrx_word' id='word_1_58' title='bbox 534 563 605 600; x_wconf 89' lang='lat' dir='ltr'><strong>nisi</strong></span> <span class='ocrx_word' id='word_1_59' title='bbox 633 562 694 600; x_wconf 88' lang='lat' dir='ltr'><strong>ubi</strong></span> <span class='ocrx_word' id='word_1_60' title='bbox 726 569 766 600; x_wconf 88' lang='lat' dir='ltr'><strong>et</strong></span> <span class='ocrx_word' id='word_1_61' title='bbox 797 561 994 617; x_wconf 79' lang='lat' dir='ltr'><strong>templum,</strong></span> <span class='ocrx_word' id='word_1_62' title='bbox 1033 560 1240 599; x_wconf 86' lang='lat' dir='ltr'><strong>subiiciens</strong></span> <span class='ocrx_word' id='word_1_63' title='bbox 1267 558 1401 599; x_wconf 88' lang='lat' dir='ltr'><strong>Sama-</strong></span> 
     </span>
     <span class='ocr_line' id='line_1_8' title="bbox 69 608 1402 671; baseline -0.005 -10"><span class='ocrx_word' id='word_1_64' title='bbox 69 623 183 661; x_wconf 83' lang='lat' dir='ltr'><strong>ritam</strong></span> <span class='ocrx_word' id='word_1_65' title='bbox 208 619 372 667; x_wconf 82' lang='lat' dir='ltr'><strong>Iudaeo,</strong></span> <span class='ocrx_word' id='word_1_66' title='bbox 412 621 590 671; x_wconf 89' lang='lat' dir='ltr'><strong>quoniam</strong></span> <span class='ocrx_word' id='word_1_67' title='bbox 616 621 665 658; x_wconf 81' lang='lat' dir='ltr'><strong>ex</strong></span> <span class='ocrx_word' id='word_1_68' title='bbox 691 619 843 658; x_wconf 90' lang='lat' dir='ltr'><strong>ludaeis</strong></span> <span class='ocrx_word' id='word_1_69' title='bbox 868 619 988 665; x_wconf 90' lang='lat' dir='ltr'><strong>salus,</strong></span> <span class='ocrx_word' id='word_1_70' title='bbox 1015 619 1108 656; x_wconf 89' lang='lat' dir='ltr'><strong>licet</strong></span> <span class='ocrx_word' id='word_1_71' title='bbox 1134 608 1335 656; x_wconf 79' lang='lat' dir='ltr'><strong>Israelitae</strong></span> <span class='ocrx_word' id='word_1_72' title='bbox 1361 624 1402 655; x_wconf 92' lang='lat' dir='ltr'><strong>et</strong></span> 
     </span>
     <span class='ocr_line' id='line_1_9' title="bbox 71 675 1399 729; baseline -0.005 -11"><span class='ocrx_word' id='word_1_73' title='bbox 71 677 308 726; x_wconf 76' lang='lat' dir='ltr'><strong>Samaritae3</strong></span> <span class='ocrx_word' id='word_1_74' title='bbox 346 684 429 716; x_wconf 88' lang='lat' dir='ltr'><strong>tota</strong></span> <span class='ocrx_word' id='word_1_75' title='bbox 453 678 553 716; x_wconf 88' lang='lat' dir='ltr'><strong>enim</strong></span> <span class='ocrx_word' id='word_1_76' title='bbox 579 678 780 729; x_wconf 82' lang='lat' dir='ltr'><strong>promissio</strong></span> <span class='ocrx_word' id='word_1_77' title='bbox 814 677 929 716; x_wconf 91' lang='lat' dir='ltr'><strong>tribui</strong></span> <span class='ocrx_word' id='word_1_78' title='bbox 962 675 1091 718; x_wconf 89' lang='lat' dir='ltr'><strong>Iudae</strong></span> <span class='ocrx_word' id='word_1_79' title='bbox 1105 675 1279 713; x_wconf 87' lang='lat' dir='ltr'><strong>Christus</strong></span> <span class='ocrx_word' id='word_1_80' title='bbox 1309 675 1399 721; x_wconf 84' lang='lat' dir='ltr'><strong>fuit·</strong></span> 
     </span>
     <span class='ocr_line' id='line_1_10' title="bbox 69 732 1402 786; baseline -0.005 -11"><span class='ocrx_word' id='word_1_81' title='bbox 69 743 114 776; x_wconf 89' lang='lat' dir='ltr'><strong>ut</strong></span> <span class='ocrx_word' id='word_1_82' title='bbox 137 737 307 782; x_wconf 80' lang='lat' dir='ltr'><strong>scirent,</strong></span> <span class='ocrx_word' id='word_1_83' title='bbox 346 735 627 786; x_wconf 75' lang='lat' dir='ltr'><strong>Hierosolymis</strong></span> <span class='ocrx_word' id='word_1_84' title='bbox 651 747 743 785; x_wconf 51' lang='lat' dir='ltr'><strong>,esse</strong></span> <span class='ocrx_word' id='word_1_85' title='bbox 775 741 816 772; x_wconf 92' lang='lat' dir='ltr'><strong>et</strong></span> <span class='ocrx_word' id='word_1_86' title='bbox 839 732 1065 772; x_wconf 81' lang='lat' dir='ltr'><strong>sacerdotes</strong></span> <span class='ocrx_word' id='word_1_87' title='bbox 1091 739 1132 770; x_wconf 91' lang='lat' dir='ltr'><strong>et</strong></span> <span class='ocrx_word' id='word_1_88' title='bbox 1156 732 1337 783; x_wconf 82' lang='lat' dir='ltr'><strong>templum</strong></span> <span class='ocrx_word' id='word_1_89' title='bbox 1363 738 1402 769; x_wconf 86' lang='lat' dir='ltr'><strong>et</strong></span> 
     </span>
     <span class='ocr_line' id='line_1_11' title="bbox 70 788 1404 842; baseline -0.005 -9"><span class='ocrx_word' id='word_1_90' title='bbox 70 794 271 834; x_wconf 79' lang='lat' dir='ltr'><strong>matricem</strong></span> <span class='ocrx_word' id='word_1_91' title='bbox 307 792 509 842; x_wconf 87' lang='lat' dir='ltr'><strong>religionis</strong></span> <span class='ocrx_word' id='word_1_92' title='bbox 546 798 586 829; x_wconf 95' lang='lat' dir='ltr'><strong>et</strong></span> <span class='ocrx_word' id='word_1_93' title='bbox 622 792 792 838; x_wconf 84' lang='lat' dir='ltr'><strong>fontem,</strong></span> <span class='ocrx_word' id='word_1_94' title='bbox 831 804 906 828; x_wconf 89' lang='lat' dir='ltr'><strong>uon</strong></span> <span class='ocrx_word' id='word_1_95' title='bbox 943 796 1097 841; x_wconf 88' lang='lat' dir='ltr'><strong>puteum</strong></span> <span class='ocrx_word' id='word_1_96' title='bbox 1141 789 1286 829; x_wconf 81' lang='lat' dir='ltr'><strong>salutis,</strong></span> <span class='ocrx_word' id='word_1_97' title='bbox 1354 788 1404 826; x_wconf 85' lang='lat' dir='ltr'><strong>Et</strong></span> 
     </span>
     <span class='ocr_line' id='line_1_12' title="bbox 71 847 1404 900; baseline -0.005 -9"><span class='ocrx_word' id='word_1_98' title='bbox 71 850 163 891; x_wconf 77' lang='lat' dir='ltr'><strong>ideo</strong></span> <span class='ocrx_word' id='word_1_99' title='bbox 187 857 230 890; x_wconf 83' lang='lat' dir='ltr'><strong>ut</strong></span> <span class='ocrx_word' id='word_1_100' title='bbox 251 848 349 888; x_wconf 88' lang='lat' dir='ltr'><strong>vidit</strong></span> <span class='ocrx_word' id='word_1_101' title='bbox 372 849 575 900; x_wconf 84' lang='lat' dir='ltr'><strong>agnovisse</strong></span> <span class='ocrx_word' id='word_1_102' title='bbox 602 849 689 886; x_wconf 90' lang='lat' dir='ltr'><strong>illos</strong></span> <span class='ocrx_word' id='word_1_103' title='bbox 721 849 858 899; x_wconf 17' lang='lat' dir='ltr'><strong>legem*</strong></span> <span class='ocrx_word' id='word_1_104' title='bbox 874 847 1154 898; x_wconf 77' lang='lat' dir='ltr'><strong>Hierosolymis</strong></span> <span class='ocrx_word' id='word_1_105' title='bbox 1180 858 1404 899; x_wconf 82' lang='lat' dir='ltr'><strong>expungen-</strong></span> 
     </span>
     <span class='ocr_line' id='line_1_13' title="bbox 73 903 1402 956; baseline -0.005 -8"><span class='ocrx_word' id='word_1_106' title='bbox 73 906 173 956; x_wconf 71' lang='lat' dir='ltr'><strong>dam,</strong></span> <span class='ocrx_word' id='word_1_107' title='bbox 200 920 251 948; x_wconf 79' lang='lat' dir='ltr'><strong>ex</strong></span> <span class='ocrx_word' id='word_1_108' title='bbox 275 905 350 946; x_wconf 83' lang='lat' dir='ltr'><strong>fide</strong></span> <span class='ocrx_word' id='word_1_109' title='bbox 375 908 448 946; x_wconf 89' lang='lat' dir='ltr'><strong>iam</strong></span> <span class='ocrx_word' id='word_1_110' title='bbox 475 905 740 944; x_wconf 84' lang='lat' dir='ltr'><strong>iustificandos</strong></span> <span class='ocrx_word' id='word_1_111' title='bbox 765 907 848 944; x_wconf 87' lang='lat' dir='ltr'><strong>siue</strong></span> <span class='ocrx_word' id='word_1_112' title='bbox 875 906 972 956; x_wconf 85' lang='lat' dir='ltr'><strong>legis</strong></span> <span class='ocrx_word' id='word_1_113' title='bbox 998 904 1135 943; x_wconf 87' lang='lat' dir='ltr'><strong>ordine</strong></span> <span class='ocrx_word' id='word_1_114' title='bbox 1161 903 1402 952; x_wconf 81' lang='lat' dir='ltr'><strong>remediavit.</strong></span> 
     </span>
     <span class='ocr_line' id='line_1_14' title="bbox 73 957 1403 1007; baseline -0.006 0"><span class='ocrx_word' id='word_1_115' title='bbox 73 963 185 1007; x_wconf 80' lang='lat' dir='ltr'><strong>Unde</strong></span> <span class='ocrx_word' id='word_1_116' title='bbox 215 971 258 1004; x_wconf 88' lang='lat' dir='ltr'><strong>et</strong></span> <span class='ocrx_word' id='word_1_117' title='bbox 286 977 400 1003; x_wconf 89' lang='lat' dir='ltr'><strong>unum</strong></span> <span class='ocrx_word' id='word_1_118' title='bbox 436 964 542 1005; x_wconf 90' lang='lat' dir='ltr'><strong>illum</strong></span> <span class='ocrx_word' id='word_1_119' title='bbox 572 964 735 1002; x_wconf 91' lang='lat' dir='ltr'><strong>solutum</strong></span> <span class='ocrx_word' id='word_1_120' title='bbox 769 957 986 1001; x_wconf 65' lang='lat' dir='ltr'><strong>ex&#39;decem</strong></span> <span class='ocrx_word' id='word_1_121' title='bbox 1017 975 1225 1001; x_wconf 85' lang='lat' dir='ltr'><strong>memorem</strong></span> <span class='ocrx_word' id='word_1_122' title='bbox 1252 960 1403 1000; x_wconf 82' lang='lat' dir='ltr'><strong>divinae</strong></span> 
     </span>
     <span class='ocr_line' id='line_1_15' title="bbox 73 1010 1405 1076; baseline -0.004 -14"><span class='ocrx_word' id='word_1_123' title='bbox 73 1024 224 1076; x_wconf 74' lang='lat' dir='ltr'><strong>gratiae</strong></span> <span class='ocrx_word' id='word_1_124' title='bbox 256 1010 473 1061; x_wconf 79' lang='lat' dir='ltr'><strong>Samariten</strong></span> <span class='ocrx_word' id='word_1_125' title='bbox 511 1022 687 1068; x_wconf 83' lang='lat' dir='ltr'><strong>miratus,</strong></span> <span class='ocrx_word' id='word_1_126' title='bbox 725 1035 801 1059; x_wconf 91' lang='lat' dir='ltr'><strong>nou</strong></span> <span class='ocrx_word' id='word_1_127' title='bbox 833 1020 987 1059; x_wconf 85' lang='lat' dir='ltr'><strong>mandat</strong></span> <span class='ocrx_word' id='word_1_128' title='bbox 1018 1020 1160 1058; x_wconf 79' lang='lat' dir='ltr'><strong>offerre</strong></span> <span class='ocrx_word' id='word_1_129' title='bbox 1192 1033 1325 1058; x_wconf 88' lang='lat' dir='ltr'><strong>munus</strong></span> <span class='ocrx_word' id='word_1_130' title='bbox 1356 1028 1405 1057; x_wconf 83' lang='lat' dir='ltr'><strong>ex</strong></span> 
     </span>
     <span class='ocr_line' id='line_1_16' title="bbox 43 1076 1406 1132; baseline -0.004 -12"><span class='ocrx_word' id='word_1_131' title='bbox 43 1111 46 1113; x_wconf 18' lang='grc' dir='ltr'><strong>Α</strong></span> <span class='ocrx_word' id='word_1_132' title='bbox 74 1080 184 1132; x_wconf 74' lang='lat' dir='ltr'><strong>lege,</strong></span> <span class='ocrx_word' id='word_1_133' title='bbox 207 1081 299 1132; x_wconf 83' lang='lat' dir='ltr'><strong>quia</strong></span> <span class='ocrx_word' id='word_1_134' title='bbox 322 1081 415 1118; x_wconf 81' lang='lat' dir='ltr'><strong>satis</strong></span> <span class='ocrx_word' id='word_1_135' title='bbox 440 1080 514 1117; x_wconf 88' lang='lat' dir='ltr'><strong>iam</strong></span> <span class='ocrx_word' id='word_1_136' title='bbox 541 1079 734 1117; x_wconf 84' lang='lat' dir='ltr'><strong>obtulerat</strong></span> <span class='ocrx_word' id='word_1_137' title='bbox 759 1079 923 1129; x_wconf 86' lang='lat' dir='ltr'><strong>gloriam</strong></span> <span class='ocrx_word' id='word_1_138' title='bbox 949 1077 1024 1116; x_wconf 89' lang='lat' dir='ltr'><strong>deo</strong></span> <span class='ocrx_word' id='word_1_139' title='bbox 1051 1076 1238 1124; x_wconf 84' lang='lat' dir='ltr'><strong>redde’ns,</strong></span> <span class='ocrx_word' id='word_1_140' title='bbox 1265 1077 1340 1115; x_wconf 87' lang='lat' dir='ltr'><strong>hoc</strong></span> <span class='ocrx_word' id='word_1_141' title='bbox 1366 1083 1406 1114; x_wconf 89' lang='lat' dir='ltr'><strong>et</strong></span> 
     </span>
     <span class='ocr_line' id='line_1_17' title="bbox 76 1127 1405 1187; baseline -0.005 -11"><span class='ocrx_word' id='word_1_142' title='bbox 76 1136 232 1185; x_wconf 84' lang='lat' dir='ltr'><strong>domino</strong></span> <span class='ocrx_word' id='word_1_143' title='bbox 262 1138 424 1178; x_wconf 74' lang='lat' dir='ltr'><strong>volente</strong></span> <span class='ocrx_word' id='word_1_144' title='bbox 458 1137 710 1187; x_wconf 82' lang='lat' dir='ltr'><strong>interpretari</strong></span> <span class='ocrx_word' id='word_1_145' title='bbox 754 1137 896 1186; x_wconf 85' lang='lat' dir='ltr'><strong>legem.</strong></span> <span class='ocrx_word' id='word_1_146' title='bbox 970 1127 1022 1172; x_wconf 86' lang='lat' dir='ltr'><strong>Et</strong></span> <span class='ocrx_word' id='word_1_147' title='bbox 1059 1142 1186 1172; x_wconf 86' lang='lat' dir='ltr'><strong>tamen</strong></span> <span class='ocrx_word' id='word_1_148' title='bbox 1231 1135 1293 1172; x_wconf 90' lang='lat' dir='ltr'><strong>cui</strong></span> <span class='ocrx_word' id='word_1_149' title='bbox 1331 1132 1405 1170; x_wconf 84' lang='lat' dir='ltr'><strong>deo</strong></span> 
     </span>
     <span class='ocr_line' id='line_1_18' title="bbox 77 1183 1405 1247; baseline -0.005 -14"><span class='ocrx_word' id='word_1_150' title='bbox 77 1195 240 1247; x_wconf 80' lang='lat' dir='ltr'><strong>gratiam</strong></span> <span class='ocrx_word' id='word_1_151' title='bbox 277 1183 447 1232; x_wconf 78' lang='lat' dir='ltr'><strong>redd&#39;idit</strong></span> <span class='ocrx_word' id='word_1_152' title='bbox 483 1192 718 1239; x_wconf 84' lang='lat' dir='ltr'><strong>Samarites,</strong></span> <span class='ocrx_word' id='word_1_153' title='bbox 758 1191 909 1244; x_wconf 88' lang='lat' dir='ltr'><strong>quando</strong></span> <span class='ocrx_word' id='word_1_154' title='bbox 948 1204 1020 1229; x_wconf 85' lang='lat' dir='ltr'><strong>nec</strong></span> <span class='ocrx_word' id='word_1_155' title='bbox 1059 1191 1256 1229; x_wconf 77' lang='lat' dir='ltr'><strong>israelites</strong></span> <span class='ocrx_word' id='word_1_156' title='bbox 1292 1190 1405 1227; x_wconf 87' lang='lat' dir='ltr'><strong>alium</strong></span> 
     </span>
     <span class='ocr_line' id='line_1_19' title="bbox 78 1248 1407 1303; baseline -0.005 -12"><span class='ocrx_word' id='word_1_157' title='bbox 78 1251 191 1291; x_wconf 89' lang='lat' dir='ltr'><strong>deum</strong></span> <span class='ocrx_word' id='word_1_158' title='bbox 227 1264 347 1303; x_wconf 83' lang='lat' dir='ltr'><strong>nsque</strong></span> <span class='ocrx_word' id='word_1_159' title='bbox 384 1249 508 1288; x_wconf 88' lang='lat' dir='ltr'><strong>adhuc</strong></span> <span class='ocrx_word' id='word_1_160' title='bbox 547 1248 776 1288; x_wconf 83' lang='lat' dir='ltr'><strong>didicisset?</strong></span> <span class='ocrx_word' id='word_1_161' title='bbox 813 1249 884 1287; x_wconf 88' lang='lat' dir='ltr'><strong>Cui</strong></span> <span class='ocrx_word' id='word_1_162' title='bbox 916 1249 1000 1295; x_wconf 88' lang='lat' dir='ltr'><strong>alii,</strong></span> <span class='ocrx_word' id='word_1_163' title='bbox 1039 1250 1148 1300; x_wconf 84' lang='lat' dir='ltr'><strong>quam</strong></span> <span class='ocrx_word' id='word_1_164' title='bbox 1182 1248 1243 1286; x_wconf 90' lang='lat' dir='ltr'><strong>cui</strong></span> <span class='ocrx_word' id='word_1_165' title='bbox 1275 1260 1407 1286; x_wconf 91' lang='lat' dir='ltr'><strong>omnes</strong></span> 
     </span>
     <span class='ocr_line' id='line_1_20' title="bbox 78 1303 1406 1350; baseline -0.005 -1"><span class='ocrx_word' id='word_1_166' title='bbox 78 1307 284 1349; x_wconf 68' lang='lat' dir='ltr'><strong>remediati</strong></span> <span class='ocrx_word' id='word_1_167' title='bbox 308 1315 415 1347; x_wconf 88' lang='lat' dir='ltr'><strong>retro</strong></span> <span class='ocrx_word' id='word_1_168' title='bbox 441 1321 464 1345; x_wconf 91' lang='lat' dir='ltr'><strong>a</strong></span> <span class='ocrx_word' id='word_1_169' title='bbox 491 1307 670 1346; x_wconf 84' lang='lat' dir='ltr'><strong>Christo?</strong></span> <span class='ocrx_word' id='word_1_170' title='bbox 717 1303 811 1346; x_wconf 88' lang='lat' dir='ltr'><strong>ldeo</strong></span> <span class='ocrx_word' id='word_1_171' title='bbox 845 1305 941 1345; x_wconf 82' lang='lat' dir='ltr'><strong>fides</strong></span> <span class='ocrx_word' id='word_1_172' title='bbox 972 1313 1035 1344; x_wconf 92' lang='lat' dir='ltr'><strong>tua</strong></span> <span class='ocrx_word' id='word_1_173' title='bbox 1066 1312 1104 1343; x_wconf 85' lang='lat' dir='ltr'><strong>te</strong></span> <span class='ocrx_word' id='word_1_174' title='bbox 1130 1305 1212 1347; x_wconf 68' lang='lat' dir='ltr'><strong>salv</strong></span> <span class='ocrx_word' id='word_1_175' title='bbox 1215 1318 1273 1343; x_wconf 89' lang='lat' dir='ltr'><strong>um</strong></span> <span class='ocrx_word' id='word_1_176' title='bbox 1300 1305 1406 1350; x_wconf 82' lang='lat' dir='ltr'><strong>fecit,</strong></span> 
     </span>
     <span class='ocr_line' id='line_1_21' title="bbox 79 1362 1407 1423; baseline -0.005 -17"><span class='ocrx_word' id='word_1_177' title='bbox 79 1365 221 1413; x_wconf 82' lang='lat' dir='ltr'><strong>audiit,</strong></span> <span class='ocrx_word' id='word_1_178' title='bbox 260 1366 369 1423; x_wconf 88' lang='lat' dir='ltr'><strong>quia</strong></span> <span class='ocrx_word' id='word_1_179' title='bbox 379 1365 643 1410; x_wconf 80' lang='lat' dir='ltr'><strong>intellexerat,</strong></span> <span class='ocrx_word' id='word_1_180' title='bbox 681 1377 812 1403; x_wconf 85' lang='lat' dir='ltr'><strong>veram</strong></span> <span class='ocrx_word' id='word_1_181' title='bbox 828 1377 884 1413; x_wconf 33' lang='lat' dir='ltr'><strong>*se</strong></span> <span class='ocrx_word' id='word_1_182' title='bbox 917 1362 991 1401; x_wconf 88' lang='lat' dir='ltr'><strong>deo</strong></span> <span class='ocrx_word' id='word_1_183' title='bbox 1018 1362 1271 1414; x_wconf 70' lang='lat' dir='ltr'><strong>omnipotenti</strong></span> <span class='ocrx_word' id='word_1_184' title='bbox 1298 1362 1407 1399; x_wconf 88' lang='lat' dir='ltr'><strong>obla-</strong></span> 
     </span>
     <span class='ocr_line' id='line_1_22' title="bbox 80 1415 1407 1474; baseline -0.006 -10"><span class='ocrx_word' id='word_1_185' title='bbox 80 1426 244 1470; x_wconf 74' lang='lat' dir='ltr'><strong>tionem,</strong></span> <span class='ocrx_word' id='word_1_186' title='bbox 282 1415 490 1474; x_wconf 69' lang='lat' dir='ltr'><strong>gratiarum</strong></span> <span class='ocrx_word' id='word_1_187' title='bbox 517 1422 669 1459; x_wconf 83' lang='lat' dir='ltr'><strong>scilicet</strong></span> <span class='ocrx_word' id='word_1_188' title='bbox 693 1423 907 1468; x_wconf 81' lang='lat' dir='ltr'><strong>actionem,</strong></span> <span class='ocrx_word' id='word_1_189' title='bbox 946 1419 1047 1472; x_wconf 88' lang='lat' dir='ltr'><strong>apud</strong></span> <span class='ocrx_word' id='word_1_190' title='bbox 1071 1432 1203 1458; x_wconf 75' lang='lat' dir='ltr'><strong>verum</strong></span> <span class='ocrx_word' id='word_1_191' title='bbox 1229 1419 1407 1471; x_wconf 87' lang='lat' dir='ltr'><strong>templum</strong></span> 
     </span>
    </p>
   </div>
   <div class='ocr_carea' id='block_1_3' title="bbox 11 1475 1408 1531">
    <p class='ocr_par' dir='ltr' id='par_1_3' title="bbox 11 1475 1408 1531">
     <span class='ocr_line' id='line_1_23' title="bbox 11 1475 1408 1531; baseline -0.006 -9"><span class='ocrx_word' id='word_1_192' title='bbox 11 1495 15 1502; x_wconf 60' lang='lat'>³</span> <span class='ocrx_word' id='word_1_193' title='bbox 81 1488 122 1523; x_wconf 89' lang='lat' dir='ltr'><strong>et</strong></span> <span class='ocrx_word' id='word_1_194' title='bbox 132 1493 275 1521; x_wconf 61' lang='lat' dir='ltr'><strong>verum</strong></span> <span class='ocrx_word' id='word_1_195' title='bbox 301 1479 521 1531; x_wconf 84' lang='lat' dir='ltr'><strong>pontificem</strong></span> <span class='ocrx_word' id='word_1_196' title='bbox 549 1479 900 1525; x_wconf 79' lang='lat' dir='ltr'><strong>eius‚·Ch1·istum‚</strong></span> <span class='ocrx_word' id='word_1_197' title='bbox 940 1475 1071 1516; x_wconf 63' lang='lat' dir='ltr'><strong>facere</strong></span> <span class='ocrx_word' id='word_1_198' title='bbox 1095 1475 1265 1519; x_wconf 85' lang='lat' dir='ltr'><strong>debere.</strong></span> <span class='ocrx_word' id='word_1_199' title='bbox 1330 1475 1408 1514; x_wconf 90' lang='lat' dir='ltr'><strong>Sed</strong></span> 
     </span>
    </p>
   </div>
   <div class='ocr_carea' id='block_1_4' title="bbox 36 1534 1412 1818">
    <p class='ocr_par' dir='ltr' id='par_1_4' title="bbox 36 1534 1412 1818">
     <span class='ocr_line' id='line_1_24' title="bbox 81 1534 1408 1590; baseline -0.004 -13"><span class='ocrx_word' id='word_1_200' title='bbox 81 1551 156 1585; x_wconf 74' lang='lat' dir='ltr'><strong>nec</strong></span> <span class='ocrx_word' id='word_1_201' title='bbox 185 1537 379 1590; x_wconf 86' lang='lat' dir='ltr'><strong>pharisaei</strong></span> <span class='ocrx_word' id='word_1_202' title='bbox 411 1543 569 1589; x_wconf 88' lang='lat' dir='ltr'><strong>possunt</strong></span> <span class='ocrx_word' id='word_1_203' title='bbox 598 1535 722 1574; x_wconf 81' lang='lat' dir='ltr'><strong>videri</strong></span> <span class='ocrx_word' id='word_1_204' title='bbox 755 1535 802 1574; x_wconf 91' lang='lat' dir='ltr'><strong>de</strong></span> <span class='ocrx_word' id='word_1_205' title='bbox 835 1536 994 1574; x_wconf 81' lang='lat' dir='ltr'><strong>alterius</strong></span> <span class='ocrx_word' id='word_1_206' title='bbox 1026 1534 1090 1572; x_wconf 87' lang='lat' dir='ltr'><strong>dei</strong></span> <span class='ocrx_word' id='word_1_207' title='bbox 1116 1548 1238 1585; x_wconf 81' lang='lat' dir='ltr'><strong>reguo</strong></span> <span class='ocrx_word' id='word_1_208' title='bbox 1272 1547 1408 1572; x_wconf 92' lang='lat' dir='ltr'><strong>consu-</strong></span> 
     </span>
     <span class='ocr_line' id='line_1_25' title="bbox 36 1591 1410 1646; baseline -0.005 -10"><span class='ocrx_word' id='word_1_209' title='bbox 36 1616 38 1618; x_wconf 96' lang='lat'>·</span> <span class='ocrx_word' id='word_1_210' title='bbox 81 1596 199 1642; x_wconf 71' lang='lat' dir='ltr'><strong>luisse</strong></span> <span class='ocrx_word' id='word_1_211' title='bbox 224 1594 428 1641; x_wconf 80' lang='lat' dir='ltr'><strong>dominum,</strong></span> <span class='ocrx_word' id='word_1_212' title='bbox 457 1593 607 1646; x_wconf 87' lang='lat' dir='ltr'><strong>quaudo</strong></span> <span class='ocrx_word' id='word_1_213' title='bbox 633 1601 831 1643; x_wconf 83' lang='lat' dir='ltr'><strong>venturum</strong></span> <span class='ocrx_word' id='word_1_214' title='bbox 858 1595 919 1640; x_wconf 86' lang='lat' dir='ltr'><strong>sit,</strong></span> <span class='ocrx_word' id='word_1_215' title='bbox 934 1591 1125 1646; x_wconf 89' lang='lat' dir='ltr'><strong>quamdiu</strong></span> <span class='ocrx_word' id='word_1_216' title='bbox 1146 1593 1279 1630; x_wconf 88' lang='lat' dir='ltr'><strong>aliusa</strong></span> <span class='ocrx_word' id='word_1_217' title='bbox 1300 1591 1410 1629; x_wconf 83' lang='lat' dir='ltr'><strong>Chri-</strong></span> 
     </span>
     <span class='ocr_line' id='line_1_26' title="bbox 81 1635 1412 1701; baseline -0.004 -9"><span class='ocrx_word' id='word_1_218' title='bbox 81 1660 144 1697; x_wconf 70' lang='lat' dir='ltr'><strong>sto</strong></span> <span class='ocrx_word' id='word_1_219' title='bbox 179 1651 311 1691; x_wconf 79' lang='lat' dir='ltr'><strong>editus</strong></span> <span class='ocrx_word' id='word_1_220' title='bbox 337 1651 431 1690; x_wconf 90' lang='lat' dir='ltr'><strong>deus</strong></span> <span class='ocrx_word' id='word_1_221' title='bbox 463 1665 538 1689; x_wconf 90' lang='lat' dir='ltr'><strong>non</strong></span> <span class='ocrx_word' id='word_1_222' title='bbox 570 1659 680 1698; x_wconf 88' lang='lat' dir='ltr'><strong>erat,</strong></span> <span class='ocrx_word' id='word_1_223' title='bbox 718 1665 791 1690; x_wconf 89' lang='lat' dir='ltr'><strong>nec</strong></span> <span class='ocrx_word' id='word_1_224' title='bbox 830 1651 893 1689; x_wconf 90' lang='lat' dir='ltr'><strong>ille</strong></span> <span class='ocrx_word' id='word_1_225' title='bbox 924 1635 972 1689; x_wconf 87' lang='lat' dir='ltr'><strong>de</strong></span> <span class='ocrx_word' id='word_1_226' title='bbox 1004 1651 1163 1689; x_wconf 88' lang='lat' dir='ltr'><strong>alterius</strong></span> <span class='ocrx_word' id='word_1_227' title='bbox 1191 1642 1315 1701; x_wconf 76' lang='lat' dir='ltr'><strong>reguo</strong></span> <span class='ocrx_word' id='word_1_228' title='bbox 1348 1662 1412 1687; x_wconf 89' lang='lat' dir='ltr'><strong>re-</strong></span> 
     </span>
     <span class='ocr_line' id='line_1_27' title="bbox 83 1704 1411 1763; baseline -0.005 -14"><span class='ocrx_word' id='word_1_229' title='bbox 83 1708 314 1763; x_wconf 79' lang='lat' dir='ltr'><strong>spondi&#39;sse,</strong></span> <span class='ocrx_word' id='word_1_230' title='bbox 330 1723 451 1761; x_wconf 85' lang='lat' dir='ltr'><strong>quam</strong></span> <span class='ocrx_word' id='word_1_231' title='bbox 465 1708 512 1747; x_wconf 91' lang='lat' dir='ltr'><strong>de</strong></span> <span class='ocrx_word' id='word_1_232' title='bbox 540 1709 646 1747; x_wconf 88' lang='lat' dir='ltr'><strong>cuius</strong></span> <span class='ocrx_word' id='word_1_233' title='bbox 672 1708 978 1754; x_wconf 53' lang='lat' dir='ltr'><strong>emsulebaturs</strong></span> <span class='ocrx_word' id='word_1_234' title='bbox 1019 1704 1108 1746; x_wconf 88' lang='lat' dir='ltr'><strong>Non</strong></span> <span class='ocrx_word' id='word_1_235' title='bbox 1133 1708 1252 1753; x_wconf 63' lang='lat' dir='ltr'><strong>teuit,</strong></span> <span class='ocrx_word' id='word_1_236' title='bbox 1276 1707 1411 1762; x_wconf 83' lang='lat' dir='ltr'><strong>inquit,</strong></span> 
     </span>
     <span class='ocr_line' id='line_1_28' title="bbox 83 1762 1411 1818; baseline -0.006 -11"><span class='ocrx_word' id='word_1_237' title='bbox 83 1780 247 1818; x_wconf 82' lang='lat' dir='ltr'><strong>reguum</strong></span> <span class='ocrx_word' id='word_1_238' title='bbox 271 1765 335 1804; x_wconf 87' lang='lat' dir='ltr'><strong>dei</strong></span> <span class='ocrx_word' id='word_1_239' title='bbox 360 1779 446 1803; x_wconf 91' lang='lat' dir='ltr'><strong>cum</strong></span> <span class='ocrx_word' id='word_1_240' title='bbox 472 1766 762 1811; x_wconf 83' lang='lat' dir='ltr'><strong>observatione,</strong></span> <span class='ocrx_word' id='word_1_241' title='bbox 790 1778 862 1818; x_wconf 88' lang='lat' dir='ltr'><strong>nec</strong></span> <span class='ocrx_word' id='word_1_242' title='bbox 889 1764 1039 1802; x_wconf 88' lang='lat' dir='ltr'><strong>dicunt:</strong></span> <span class='ocrx_word' id='word_1_243' title='bbox 1080 1777 1174 1804; x_wconf 88' lang='lat' dir='ltr'><strong>ecce</strong></span> <span class='ocrx_word' id='word_1_244' title='bbox 1202 1762 1284 1809; x_wconf 87' lang='lat' dir='ltr'><strong>lne,</strong></span> <span class='ocrx_word' id='word_1_245' title='bbox 1316 1774 1411 1800; x_wconf 87' lang='lat' dir='ltr'><strong>ecce</strong></span> 
     </span>
    </p>
   </div>
   <div class='ocr_carea' id='block_1_5' title="bbox 0 1814 1413 1879">
    <p class='ocr_par' dir='ltr' id='par_1_5' title="bbox 0 1814 1413 1879">
     <span class='ocr_line' id='line_1_29' title="bbox 0 1814 1413 1879; baseline -0.005 -15"><span class='ocrx_word' id='word_1_246' title='bbox 0 1814 9 1838; x_wconf 61' lang='lat'><strong><em>⁷</em></strong></span> <span class='ocrx_word' id='word_1_247' title='bbox 71 1825 187 1879; x_wconf 23' lang='lat' dir='ltr'><strong>‚illim</strong></span> <span class='ocrx_word' id='word_1_248' title='bbox 213 1820 312 1862; x_wconf 67' lang='lat' dir='ltr'><strong>ecce</strong></span> <span class='ocrx_word' id='word_1_249' title='bbox 342 1822 442 1861; x_wconf 87' lang='lat' dir='ltr'><strong>enim</strong></span> <span class='ocrx_word' id='word_1_250' title='bbox 467 1834 627 1872; x_wconf 84' lang='lat' dir='ltr'><strong>regnum</strong></span> <span class='ocrx_word' id='word_1_251' title='bbox 653 1821 716 1859; x_wconf 91' lang='lat' dir='ltr'><strong>dei</strong></span> <span class='ocrx_word' id='word_1_252' title='bbox 741 1822 842 1858; x_wconf 89' lang='lat' dir='ltr'><strong>intra</strong></span> <span class='ocrx_word' id='word_1_253' title='bbox 870 1833 939 1858; x_wconf 81' lang='lat' dir='ltr'><strong>vos</strong></span> <span class='ocrx_word' id='word_1_254' title='bbox 964 1827 1035 1858; x_wconf 89' lang='lat' dir='ltr'><strong>est.</strong></span> <span class='ocrx_word' id='word_1_255' title='bbox 1043 1821 1080 1868; x_wconf 76' lang='lat'><strong>4)</strong></span> <span class='ocrx_word' id='word_1_256' title='bbox 1143 1820 1233 1867; x_wconf 86' lang='lat' dir='ltr'><strong>Quis</strong></span> <span class='ocrx_word' id='word_1_257' title='bbox 1259 1832 1334 1857; x_wconf 91' lang='lat' dir='ltr'><strong>non</strong></span> <span class='ocrx_word' id='word_1_258' title='bbox 1360 1819 1413 1857; x_wconf 85' lang='lat' dir='ltr'><strong>ita</strong></span> 
     </span>
    </p>
   </div>
   <div class='ocr_carea' id='block_1_6' title="bbox 86 1876 1412 1933">
    <p class='ocr_par' dir='ltr' id='par_1_6' title="bbox 86 1876 1412 1933">
     <span class='ocr_line' id='line_1_30' title="bbox 86 1876 1412 1933; baseline -0.005 -12"><span class='ocrx_word' id='word_1_259' title='bbox 86 1877 422 1933; x_wconf 64' lang='lat' dir='ltr'><strong>interpretabitur:</strong></span> <span class='ocrx_word' id='word_1_260' title='bbox 454 1879 556 1917; x_wconf 89' lang='lat' dir='ltr'><strong>intra</strong></span> <span class='ocrx_word' id='word_1_261' title='bbox 579 1891 649 1916; x_wconf 79' lang='lat' dir='ltr'><strong>vos</strong></span> <span class='ocrx_word' id='word_1_262' title='bbox 674 1885 744 1924; x_wconf 80' lang='lat' dir='ltr'><strong>est,</strong></span> <span class='ocrx_word' id='word_1_263' title='bbox 772 1876 810 1916; x_wconf 90' lang='lat' dir='ltr'><strong>id</strong></span> <span class='ocrx_word' id='word_1_264' title='bbox 836 1884 915 1924; x_wconf 87' lang='lat' dir='ltr'><strong>est,</strong></span> <span class='ocrx_word' id='word_1_265' title='bbox 941 1877 979 1915; x_wconf 91' lang='lat' dir='ltr'><strong>iu</strong></span> <span class='ocrx_word' id='word_1_266' title='bbox 1005 1890 1129 1924; x_wconf 85' lang='lat' dir='ltr'><strong>manu,</strong></span> <span class='ocrx_word' id='word_1_267' title='bbox 1156 1877 1194 1915; x_wconf 91' lang='lat' dir='ltr'><strong>iu</strong></span> <span class='ocrx_word' id='word_1_268' title='bbox 1218 1883 1412 1928; x_wconf 79' lang='lat' dir='ltr'><strong>potestate</strong></span> 
     </span>
    </p>
   </div>
   <div class='ocr_carea' id='block_1_7' title="bbox 85 1933 1412 2050">
    <p class='ocr_par' dir='ltr' id='par_1_7' title="bbox 6 1933 1412 2050">
     <span class='ocr_line' id='line_1_31' title="bbox 85 1933 1412 1989; baseline -0.004 -11.321"><span class='ocrx_word' id='word_1_269' title='bbox 85 1945 236 1989; x_wconf 73' lang='lat' dir='ltr'><strong>yestra,</strong></span> <span class='ocrx_word' id='word_1_270' title='bbox 274 1938 307 1976; x_wconf 86' lang='lat' dir='ltr'><strong>si</strong></span> <span class='ocrx_word' id='word_1_271' title='bbox 330 1935 515 1982; x_wconf 81' lang='lat' dir='ltr'><strong>audiatis,</strong></span> <span class='ocrx_word' id='word_1_272' title='bbox 553 1936 594 1974; x_wconf 90' lang='lat' dir='ltr'><strong>si</strong></span> <span class='ocrx_word' id='word_1_273' title='bbox 616 1936 768 1974; x_wconf 82' lang='lat' dir='ltr'><strong>faciatis</strong></span> <span class='ocrx_word' id='word_1_274' title='bbox 794 1934 856 1974; x_wconf 88' lang='lat' dir='ltr'><strong>dei</strong></span> <span class='ocrx_word' id='word_1_275' title='bbox 882 1934 1157 1987; x_wconf 73' lang='lat' dir='ltr'><strong>praeceptum?</strong></span> <span class='ocrx_word' id='word_1_276' title='bbox 1205 1933 1352 1982; x_wconf 82' lang='lat' dir='ltr'><strong>Quodsi</strong></span> <span class='ocrx_word' id='word_1_277' title='bbox 1375 1935 1412 1972; x_wconf 84' lang='lat' dir='ltr'><strong>in</strong></span> 
     </span>
     <span class='ocr_line' id='line_1_32' title="bbox 85 1990 1412 2050; baseline -0.004 -15.281"><span class='ocrx_word' id='word_1_278' title='bbox 85 2001 301 2050; x_wconf 72' lang='lat' dir='ltr'><strong>&#39;praecepto</strong></span> <span class='ocrx_word' id='word_1_279' title='bbox 328 2001 388 2033; x_wconf 89' lang='lat' dir='ltr'><strong>est</strong></span> <span class='ocrx_word' id='word_1_280' title='bbox 413 1993 475 2032; x_wconf 90' lang='lat' dir='ltr'><strong>dei</strong></span> <span class='ocrx_word' id='word_1_281' title='bbox 500 2006 686 2044; x_wconf 84' lang='lat' dir='ltr'><strong>reguum,</strong></span> <span class='ocrx_word' id='word_1_282' title='bbox 699 2005 871 2045; x_wconf 88' lang='lat' dir='ltr'><strong>propone</strong></span> <span class='ocrx_word' id='word_1_283' title='bbox 892 1993 1011 2044; x_wconf 85' lang='lat' dir='ltr'><strong>igitur</strong></span> <span class='ocrx_word' id='word_1_284' title='bbox 1030 1999 1177 2038; x_wconf 82' lang='lat' dir='ltr'><strong>contra,</strong></span> <span class='ocrx_word' id='word_1_285' title='bbox 1205 1990 1412 2031; x_wconf 86' lang='lat' dir='ltr'><strong>secundum</strong></span> 
     </span>
    </p>
   </div>
   <div class='ocr_carea' id='block_1_8' title="bbox 89 2048 1414 2102">
    <p class='ocr_par' dir='ltr' id='par_1_8' title="bbox 89 2048 1414 2102">
     <span class='ocr_line' id='line_1_33' title="bbox 89 2048 1414 2102; baseline -0.005 -9"><span class='ocrx_word' id='word_1_286' title='bbox 89 2060 242 2093; x_wconf 80' lang='lat' dir='ltr'><strong>nostras</strong></span> <span class='ocrx_word' id='word_1_287' title='bbox 266 2052 502 2098; x_wconf 79' lang='lat' dir='ltr'><strong>antitheses,</strong></span> <span class='ocrx_word' id='word_1_288' title='bbox 539 2051 727 2102; x_wconf 85' lang='lat' dir='ltr'><strong>Mo3sen,</strong></span> <span class='ocrx_word' id='word_1_289' title='bbox 764 2057 804 2088; x_wconf 85' lang='lat' dir='ltr'><strong>et</strong></span> <span class='ocrx_word' id='word_1_290' title='bbox 832 2063 906 2092; x_wconf 84' lang='lat' dir='ltr'><strong>una</strong></span> <span class='ocrx_word' id='word_1_291' title='bbox 938 2051 1138 2099; x_wconf 59' lang='lat' dir='ltr'><strong>sententiah</strong></span> <span class='ocrx_word' id='word_1_292' title='bbox 1160 2056 1232 2088; x_wconf 87' lang='lat' dir='ltr'><strong>est.</strong></span> <span class='ocrx_word' id='word_1_293' title='bbox 1293 2048 1414 2088; x_wconf 71' lang='lat' dir='ltr'><strong>Prae·</strong></span> 
     </span>
    </p>
   </div>
   <div class='ocr_carea' id='block_1_9' title="bbox 19 2100 1412 2162">
    <p class='ocr_par' dir='ltr' id='par_1_9' title="bbox 19 2100 1412 2162">
     <span class='ocr_line' id='line_1_34' title="bbox 19 2100 1412 2162; baseline -0.004 -11"><span class='ocrx_word' id='word_1_294' title='bbox 19 2119 26 2122; x_wconf 71' lang='grc'><strong>“’</strong></span> <span class='ocrx_word' id='word_1_295' title='bbox 88 2100 257 2162; x_wconf 80' lang='lat' dir='ltr'><strong>ceptum,</strong></span> <span class='ocrx_word' id='word_1_296' title='bbox 282 2111 415 2161; x_wconf 82' lang='lat' dir='ltr'><strong>inquit,</strong></span> <span class='ocrx_word' id='word_1_297' title='bbox 443 2109 638 2147; x_wconf 84' lang='lat' dir='ltr'><strong>excelsum</strong></span> <span class='ocrx_word' id='word_1_298' title='bbox 663 2121 740 2146; x_wconf 87' lang='lat' dir='ltr'><strong>nou</strong></span> <span class='ocrx_word' id='word_1_299' title='bbox 764 2115 834 2155; x_wconf 89' lang='lat' dir='ltr'><strong>est,</strong></span> <span class='ocrx_word' id='word_1_300' title='bbox 861 2121 932 2146; x_wconf 86' lang='lat' dir='ltr'><strong>uec</strong></span> <span class='ocrx_word' id='word_1_301' title='bbox 959 2108 1184 2159; x_wconf 80' lang='lat' dir='ltr'><strong>longeate3</strong></span> <span class='ocrx_word' id='word_1_302' title='bbox 1214 2121 1291 2145; x_wconf 89' lang='lat' dir='ltr'><strong>uon</strong></span> <span class='ocrx_word' id='word_1_303' title='bbox 1304 2108 1412 2146; x_wconf 85' lang='lat' dir='ltr'><strong>estin</strong></span> 
     </span>
    </p>
   </div>
   <div class='ocr_carea' id='block_1_10' title="bbox 92 2164 1415 2282">
    <p class='ocr_par' dir='ltr' id='par_1_10' title="bbox 92 2164 1415 2273">
     <span class='ocr_line' id='line_1_35' title="bbox 92 2164 1413 2218; baseline -0.004 -11"><span class='ocrx_word' id='word_1_304' title='bbox 92 2168 220 2214; x_wconf 86' lang='lat' dir='ltr'><strong>coelo,</strong></span> <span class='ocrx_word' id='word_1_305' title='bbox 245 2166 419 2205; x_wconf 82' lang='lat' dir='ltr'><strong>utdicas:</strong></span> <span class='ocrx_word' id='word_1_306' title='bbox 447 2167 529 2218; x_wconf 86' lang='lat' dir='ltr'><strong>quis</strong></span> <span class='ocrx_word' id='word_1_307' title='bbox 543 2164 752 2204; x_wconf 89' lang='lat' dir='ltr'><strong>ascendet</strong></span> <span class='ocrx_word' id='word_1_308' title='bbox 741 2179 780 2203; x_wconf 89' lang='grc' dir='ltr'><strong>ιιι</strong></span> <span class='ocrx_word' id='word_1_309' title='bbox 794 2166 943 2208; x_wconf 81' lang='lat' dir='ltr'><strong>coelum</strong></span> <span class='ocrx_word' id='word_1_310' title='bbox 954 2165 1171 2218; x_wconf 83' lang='lat' dir='ltr'><strong>etdeponet</strong></span> <span class='ocrx_word' id='word_1_311' title='bbox 1184 2165 1294 2205; x_wconf 83' lang='lat' dir='ltr'><strong>nobis</strong></span> <span class='ocrx_word' id='word_1_312' title='bbox 1307 2164 1413 2209; x_wconf 90' lang='lat' dir='ltr'><strong>illud,</strong></span> 
     </span>
     <span class='ocr_line' id='line_1_36' title="bbox 92 2222 1415 2282; baseline -0.005 -18"><span class='ocrx_word' id='word_1_313' title='bbox 92 2232 135 2265; x_wconf 87' lang='lat' dir='ltr'><strong>et</strong></span> <span class='ocrx_word' id='word_1_314' title='bbox 157 2222 326 2263; x_wconf 79' lang='lat' dir='ltr'><strong>auditum</strong></span> <span class='ocrx_word' id='word_1_315' title='bbox 350 2222 443 2262; x_wconf 86' lang='lat' dir='ltr'><strong>illud</strong></span> <span class='ocrx_word' id='word_1_316' title='bbox 458 2225 666 2262; x_wconf 80' lang='lat' dir='ltr'><strong>faciemus?</strong></span> <span class='ocrx_word' id='word_1_317' title='bbox 690 2236 762 2273; x_wconf 74' lang='lat' dir='ltr'><strong>nec</strong></span> <span class='ocrx_word' id='word_1_318' title='bbox 775 2222 876 2262; x_wconf 85' lang='lat' dir='ltr'><strong>ultra</strong></span> <span class='ocrx_word' id='word_1_319' title='bbox 894 2237 999 2282; x_wconf 82' lang='lat' dir='ltr'><strong>mare</strong></span> <span class='ocrx_word' id='word_1_320' title='bbox 1019 2230 1090 2269; x_wconf 84' lang='lat' dir='ltr'><strong>est,</strong></span> <span class='ocrx_word' id='word_1_321' title='bbox 1116 2230 1158 2261; x_wconf 93' lang='lat' dir='ltr'><strong>ut</strong></span> <span class='ocrx_word' id='word_1_322' title='bbox 1178 2222 1304 2261; x_wconf 89' lang='lat' dir='ltr'><strong>dicas:</strong></span> <span class='ocrx_word' id='word_1_323' title='bbox 1332 2222 1415 2272; x_wconf 88' lang='lat' dir='ltr'><strong>quis</strong></span> 
     </span>
    </p>
   </div>
   <div class='ocr_carea' id='block_1_11' title="bbox 94 2275 1416 2330">
    <p class='ocr_par' dir='ltr' id='par_1_11' title="bbox 94 2275 1416 2330">
     <span class='ocr_line' id='line_1_37' title="bbox 94 2275 1416 2330; baseline -0.005 -8"><span class='ocrx_word' id='word_1_324' title='bbox 94 2281 362 2323; x_wconf 82' lang='lat' dir='ltr'><strong>transfretabit</strong></span> <span class='ocrx_word' id='word_1_325' title='bbox 393 2288 433 2319; x_wconf 89' lang='lat' dir='ltr'><strong>et</strong></span> <span class='ocrx_word' id='word_1_326' title='bbox 462 2287 586 2319; x_wconf 89' lang='lat' dir='ltr'><strong>sumet</strong></span> <span class='ocrx_word' id='word_1_327' title='bbox 616 2280 733 2319; x_wconf 90' lang='lat' dir='ltr'><strong>illud</strong></span> <span class='ocrx_word' id='word_1_328' title='bbox 727 2281 874 2330; x_wconf 87' lang='lat' dir='ltr'><strong>nobis,</strong></span> <span class='ocrx_word' id='word_1_329' title='bbox 911 2289 966 2320; x_wconf 91' lang='lat' dir='ltr'><strong>et</strong></span> <span class='ocrx_word' id='word_1_330' title='bbox 962 2275 1150 2320; x_wconf 81' lang='lat' dir='ltr'><strong>auditum</strong></span> <span class='ocrx_word' id='word_1_331' title='bbox 1175 2279 1269 2317; x_wconf 89' lang='lat' dir='ltr'><strong>illud</strong></span> <span class='ocrx_word' id='word_1_332' title='bbox 1294 2279 1416 2316; x_wconf 88' lang='lat' dir='ltr'><strong>facie-</strong></span> 
     </span>
    </p>
   </div>
   <div class='ocr_carea' id='block_1_12' title="bbox 19 2336 1414 2391">
    <p class='ocr_par' dir='ltr' id='par_1_12' title="bbox 19 2336 1414 2391">
     <span class='ocr_line' id='line_1_38' title="bbox 19 2336 1414 2391; baseline -0.005 -12"><span class='ocrx_word' id='word_1_333' title='bbox 19 2338 26 2350; x_wconf 74' lang='grc'><strong>’</strong></span> <span class='ocrx_word' id='word_1_334' title='bbox 48 2359 51 2362; x_wconf 55' lang='lat'><strong>&gt;</strong></span> <span class='ocrx_word' id='word_1_335' title='bbox 93 2342 201 2379; x_wconf 77' lang='lat' dir='ltr'><strong>mus?</strong></span> <span class='ocrx_word' id='word_1_336' title='bbox 225 2352 344 2391; x_wconf 89' lang='lat' dir='ltr'><strong>prope</strong></span> <span class='ocrx_word' id='word_1_337' title='bbox 371 2345 408 2376; x_wconf 91' lang='lat' dir='ltr'><strong>te</strong></span> <span class='ocrx_word' id='word_1_338' title='bbox 433 2343 494 2384; x_wconf 85' lang='lat' dir='ltr'><strong>est</strong></span> <span class='ocrx_word' id='word_1_339' title='bbox 511 2338 680 2385; x_wconf 83' lang='lat' dir='ltr'><strong>verbum,</strong></span> <span class='ocrx_word' id='word_1_340' title='bbox 707 2339 746 2377; x_wconf 90' lang='grc' dir='ltr'><strong>ἰιι</strong></span> <span class='ocrx_word' id='word_1_341' title='bbox 766 2351 834 2378; x_wconf 92' lang='lat' dir='ltr'><strong>ore</strong></span> <span class='ocrx_word' id='word_1_342' title='bbox 854 2346 934 2386; x_wconf 88' lang='lat' dir='ltr'><strong>tuo,</strong></span> <span class='ocrx_word' id='word_1_343' title='bbox 960 2340 1058 2377; x_wconf 90' lang='lat' dir='ltr'><strong>etin</strong></span> <span class='ocrx_word' id='word_1_344' title='bbox 1080 2336 1198 2381; x_wconf 70' lang='lat' dir='ltr'><strong>corde</strong></span> <span class='ocrx_word' id='word_1_345' title='bbox 1221 2344 1298 2382; x_wconf 88' lang='lat' dir='ltr'><strong>tuo,</strong></span> <span class='ocrx_word' id='word_1_346' title='bbox 1316 2342 1364 2373; x_wconf 51' lang='lat' dir='ltr'><strong>¹et</strong></span> <span class='ocrx_word' id='word_1_347' title='bbox 1378 2348 1414 2373; x_wconf 86' lang='grc' dir='ltr'><strong>ιιι</strong></span> 
     </span>
    </p>
   </div>
   <div class='ocr_carea' id='block_1_13' title="bbox 0 1904 42 2826">
    <p class='ocr_par' dir='ltr' id='par_1_13' title="bbox 0 1904 42 2826">
     <span class='ocr_line' id='line_1_39' title="bbox 0 1904 42 2826; baseline 0 0"><span class='ocrx_word' id='word_1_348' title='bbox 0 1904 42 2826; x_wconf 95' lang='lat' dir='ltr'><strong> </strong></span> 
     </span>
    </p>
   </div>
   <div class='ocr_carea' id='block_1_14' title="bbox 95 2393 1415 2457">
    <p class='ocr_par' dir='ltr' id='par_1_14' title="bbox 95 2393 1415 2457">
     <span class='ocr_line' id='line_1_40' title="bbox 95 2393 1415 2457; baseline -0.005 -21"><span class='ocrx_word' id='word_1_349' title='bbox 95 2397 267 2457; x_wconf 81' lang='lat' dir='ltr'><strong>manibus</strong></span> <span class='ocrx_word' id='word_1_350' title='bbox 298 2397 373 2434; x_wconf 85' lang='lat' dir='ltr'><strong>tuis</strong></span> <span class='ocrx_word' id='word_1_351' title='bbox 397 2396 529 2434; x_wconf 85' lang='lat' dir='ltr'><strong>faeere</strong></span> <span class='ocrx_word' id='word_1_352' title='bbox 561 2394 719 2448; x_wconf 87' lang='lat' dir='ltr'><strong>illud.⁵)</strong></span> <span class='ocrx_word' id='word_1_353' title='bbox 781 2395 865 2434; x_wconf 83' lang='lat' dir='ltr'><strong>floc</strong></span> <span class='ocrx_word' id='word_1_354' title='bbox 891 2397 984 2435; x_wconf 88' lang='lat' dir='ltr'><strong>erit:</strong></span> <span class='ocrx_word' id='word_1_355' title='bbox 1011 2409 1089 2434; x_wconf 85' lang='lat' dir='ltr'><strong>non</strong></span> <span class='ocrx_word' id='word_1_356' title='bbox 1113 2395 1190 2441; x_wconf 81' lang='lat' dir='ltr'><strong>hic,</strong></span> <span class='ocrx_word' id='word_1_357' title='bbox 1217 2407 1288 2432; x_wconf 89' lang='lat' dir='ltr'><strong>nec</strong></span> <span class='ocrx_word' id='word_1_358' title='bbox 1314 2393 1415 2449; x_wconf 72' lang='lat' dir='ltr'><strong>illic,</strong></span> 
     </span>
    </p>
   </div>
   <div class='ocr_carea' id='block_1_15' title="bbox 98 2531 1417 2622">
    <p class='ocr_par' dir='ltr' id='par_1_15' title="bbox 98 2531 1417 2622">
     <span class='ocr_line' id='line_1_41' title="bbox 191 2531 1417 2577; baseline -0.002 -13"><span class='ocrx_word' id='word_1_359' title='bbox 191 2534 227 2572; x_wconf 84' lang='lat'><strong>1)</strong></span> <span class='ocrx_word' id='word_1_360' title='bbox 252 2535 300 2565; x_wconf 90' lang='lat' dir='ltr'><strong>Io.</strong></span> <span class='ocrx_word' id='word_1_361' title='bbox 311 2535 344 2572; x_wconf 80' lang='lat'><strong>4,</strong></span> <span class='ocrx_word' id='word_1_362' title='bbox 360 2535 414 2577; x_wconf 74' lang='lat'>¹.2·</span> <span class='ocrx_word' id='word_1_363' title='bbox 430 2536 472 2564; x_wconf 81' lang='lat'><strong>2⁰</strong></span> <span class='ocrx_word' id='word_1_364' title='bbox 579 2535 615 2574; x_wconf 85' lang='lat'><strong>2)</strong></span> <span class='ocrx_word' id='word_1_365' title='bbox 644 2534 749 2565; x_wconf 89' lang='lat' dir='ltr'><strong>Rhen.</strong></span> <span class='ocrx_word' id='word_1_366' title='bbox 765 2535 817 2567; x_wconf 80' lang='lat' dir='ltr'><strong>ed.</strong></span> <span class='ocrx_word' id='word_1_367' title='bbox 833 2535 856 2564; x_wconf 90' lang='lat'><strong>1.</strong></span> <span class='ocrx_word' id='word_1_368' title='bbox 869 2534 1050 2565; x_wconf 73' lang='lat' dir='ltr'><strong>Esaiam.</strong></span> <span class='ocrx_word' id='word_1_369' title='bbox 1154 2531 1190 2572; x_wconf 89' lang='grc'><strong>3)</strong></span> <span class='ocrx_word' id='word_1_370' title='bbox 1219 2534 1323 2564; x_wconf 72' lang='lat' dir='ltr'><strong>Amos</strong></span> <span class='ocrx_word' id='word_1_371' title='bbox 1337 2533 1370 2571; x_wconf 80' lang='lat'><strong>6,</strong></span> <span class='ocrx_word' id='word_1_372' title='bbox 1386 2533 1417 2561; x_wconf 89' lang='lat'><strong>1.</strong></span> 
     </span>
     <span class='ocr_line' id='line_1_42' title="bbox 98 2580 922 2622; baseline 0.001 -12"><span class='ocrx_word' id='word_1_373' title='bbox 98 2580 136 2621; x_wconf 74' lang='lat'><strong>4)</strong></span> <span class='ocrx_word' id='word_1_374' title='bbox 153 2581 239 2615; x_wconf 74' lang='lat' dir='ltr'><strong>Luc.</strong></span> <span class='ocrx_word' id='word_1_375' title='bbox 254 2581 309 2621; x_wconf 77' lang='lat'><strong>1⁶1,</strong></span> <span class='ocrx_word' id='word_1_376' title='bbox 325 2581 378 2611; x_wconf 87' lang='lat'><strong>20.</strong></span> <span class='ocrx_word' id='word_1_377' title='bbox 393 2582 449 2612; x_wconf 86' lang='lat'><strong>21.</strong></span> <span class='ocrx_word' id='word_1_378' title='bbox 545 2583 581 2622; x_wconf 84' lang='grc'><strong>5)</strong></span> <span class='ocrx_word' id='word_1_379' title='bbox 606 2582 707 2611; x_wconf 83' lang='lat' dir='ltr'><strong>Deut.</strong></span> <span class='ocrx_word' id='word_1_380' title='bbox 723 2582 777 2622; x_wconf 83' lang='lat'><strong>30,</strong></span> <span class='ocrx_word' id='word_1_381' title='bbox 794 2582 834 2611; x_wconf 87' lang='lat'><strong>11</strong></span> <span class='ocrx_word' id='word_1_382' title='bbox 848 2590 922 2619; x_wconf 75' lang='lat' dir='ltr'><strong>sqq.</strong></span> 
     </span>
    </p>
   </div>
  </div>
 </body>
</html>
