1624 2826
262 204 284 253 ‘¹
339 204 463 237 ADv.
499 203 866 235 MARCIONEM
900 204 1077 235 LIBER
1114 205 1169 235 IV.
1338 203 1434 240 222

104 298 255 352 pidi,¹)
296 296 397 351 quod
427 297 711 336 intellexissent
741 298 895 336 scilicet
925 311 1175 336 mammonam
1207 296 1256 336 de
1282 310 1432 336 nummo

105 355 271 396 dictum.'
323 354 385 394 Ne
417 356 500 407 quis
532 355 726 393 existimet
756 355 794 392 in
827 369 1040 394 mammona
1071 362 1289 395 creatorem
1319 356 1434 394 intel-

106 412 303 466 ligendum
326 419 367 452 et
392 412 585 451 Christum
618 426 641 451 a
667 413 859 450 creatoris
883 413 971 453 illos
1002 414 1186 457 servitute
1213 425 1434 452 revocasse.

108 472 207 521 Quin
243 475 344 520 nnn'c
382 471 511 522 potius
550 483 599 508 ex
643 470 718 508 hoc
763 468 869 509 disce
910 485 1020 510 unum
1063 485 1087 510 a
1130 471 1283 510 Christo
1323 469 1436 509 deum

107 534 316 577 osoensum.
376 527 483 566 Duos
509 529 609 573 enim
637 526 813 566 dominos
838 530 1072 576 nominavit,
1112 527 1223 568 deum
1255 535 1295 567 et
1320 533 1436 567 mam-

106 599 271 634 monam,
298 593 516 626 creatorem
542 593 583 623 ct
608 599 809 624 nummum.
871 586 1046 639 Denique
1072 587 1335 638 non‘potestis
1361 585 1436 624 deo

108 645 275 691 servire,
319 645 449 695 utique
476 644 531 689 ei,
572 645 633 682 cui
659 644 805 682 servire
830 643 1077 691 videbantur,
1116 651 1156 683 et
1186 656 1437 690 mammonae,

109 703 172 743 cui
208 702 330 753 magis
368 700 671 746 destinabantur.
735 701 879 748 Quodsi
922 703 1005 754 ipse
1049 702 1163 740 alium
1207 715 1248 739 se
1287 708 1437 752 ageret,

108 774 185 799 non
223 757 320 798 duos
357 757 557 809 dominos,
594 757 664 796 sed
704 765 780 796 tres
818 758 1132 806 demonstrasset.
1195 757 1245 795 Et
1283 765 1441 796 creator

108 818 208 856 enim
235 815 430 862 dominus,
463 816 550 867 quia
576 814 688 861 deu's,
722 822 762 854 et
791 817 922 868 utique
949 817 1070 867 magis
1096 815 1289 863 dominus,
1329 828 1440 867 quam

107 886 368 920 mammonas,
416 874 612 925 magisque
651 873 935 920 observandus,
962 887 1054 926 -qua
1091 875 1213 925 magis
1251 872 1437 911 dominus.

62 979 72 990 ο
109 932 231 981 Quale
264 938 324 970 est
354 932 479 977 enim,
517 938 559 969 ut
590 932 652 982 qui
685 944 934 970 mammonam
967 931 1158 970 dominum
1187 930 1361 977 dixerat,
1401 937 1441 968 ct

111 1003 196 1030 cum
222 988 297 1028 deo
323 989 526 1034 iunxerat,
564 1001 657 1027 vere
684 990 851 1040 ipsorum
883 989 1077 1028 dominum
1103 995 1277 1035 taceret,
1316 987 1356 1026 id
1382 995 1442 1026 est

84 1042 358 1087 ‘creatoremz
385 1046 463 1084 Aut
489 1045 669 1098 numquid
695 1045 861 1091 tacendo
886 1058 941 1086 eo'
963 1046 1169 1094 concessit,
1197 1044 1442 1085 serviendum

112 1105 151 1144 ei
178 1117 297 1159 esse,
334 1105 367 1142 si
403 1103 642 1143 solummodo
679 1104 751 1142 sibi
783 1112 823 1143 ct
858 1118 1095 1143 mammonae
1133 1106 1290 1156 negavit
1326 1116 1441 1155 posse

113 1163 277 1203 serviri?
336 1161 400 1202 Ita,
419 1175 504 1200 cum
530 1175 643 1200 unum
675 1161 786 1200 deum
818 1164 944 1213 ponit,
978 1164 1239 1211 nominaturus
1265 1168 1304 1199 ct
1330 1173 1441 1199 crea-

116 1226 260 1266 torem,
298 1219 331 1256 si
355 1219 453 1256 alius
478 1225 582 1257 esset
606 1219 708 1273 ipse,
735 1226 953 1257 creatorem
980 1220 1206 1264 nominavit,
1235 1231 1344 1271 quem
1372 1215 1442 1255 do·

115 1278 256 1318 minum
281 1277 363 1314 sine
389 1276 465 1314 alio
493 1274 568 1313 deo
594 1289 670 1314 non
695 1278 836 1327 posuit.
886 1276 938 1314 Et
962 1275 1055 1314 illud
1080 1277 1208 1328 itaque
1235 1275 1441 1320 relucebit,

115 1332 308 1387 quomodo
341 1332 503 1382 dictum:
541 1334 574 1378 si
605 1334 643 1371 in
669 1347 880 1371 mammona
916 1335 1056 1372 iniusto
1090 1333 1224 1372 fideles
1262 1346 1337 1371 non
1375 1345 1443 1371 ex-

116 1392 286 1438 stitistis,
325 1389 428 1442 quod
452 1403 583 1429 verum
610 1397 688 1436 est,
727 1392 810 1442 quis
825 1391 944 1429 vobis
970 1390 1181 1438 endem)
1226 1391 1264 1427 in
1288 1392 1442 1427 nummo

116 1450 273 1498 scilicet
293 1449 456 1513 iniusto,
474 1461 570 1492 -ιιοιι
597 1449 634 1485 in
661 1455 861 1495 creatore,
901 1461 1011 1501 quem
1038 1455 1078 1486 et
1100 1447 1279 1500 Marcion
1305 1448 1445 1495 iuaem

114 1507 223 1547 facit.
281 1505 336 1544 Et
370 1506 403 1544 si
441 1506 479 1542 in
516 1506 666 1544 alieno
683 1505 817 1544 fideles
855 1507 1014 1549 inventi
1025 1519 1100 1544 non
1126 1507 1232 1552 estis,
1260 1505 1442 1550 meum3)

117 1566 202 1625 quis
233 1562 340 1613 dabit
368 1563 556 1611 νοὴίεἱΗ)
595 1563 759 1602 alienum
786 1565 885 1603 enim
913 1563 1030 1602 debet
1055 1575 1140 1602 esse
1172 1577 1194 1602 a
1219 1563 1340 1604 servis
1366 1560 1443 1607 dei,

78 1652 81 1654 >
117 1615 221 1676 quod
251 1622 430 1660 iniustum
462 1628 533 1666 est.
595 1620 762 1659 Creator
792 1626 919 1660 autem
956 1620 1148 1674 quomodo
1182 1621 1329 1659 alicnus
1362 1626 1447 1658 erat

116 1679 351 1733 pharisaeis,
389 1680 567 1744 proprius
598 1678 693 1717 deus
721 1678 918 1718 Iudaicae
935 1680 1086 1730 gentis?
1139 1677 1182 1716 Si
1214 1691 1309 1729 ergo
1348 1677 1445 1715 baec

121 1750 198 1776 non
223 1735 367 1787 cadunt
396 1737 435 1773 in
461 1743 705 1783 creatorem,
748 1735 854 1775 sed
843 1751 882 1774 ιιι
915 1749 1188 1782 mammonam,
1228 1736 1311 1787 quis
1336 1734 1446 1772 vobis

121 1790 277 1839 credet,
316 1791 419 1844 quod
443 1795 571 1831 verius
596 1795 681 1831 est?
710 1800 774 1831 et:
801 1795 884 1844 quis
908 1794 1018 1831 vobis
1043 1792 1167 1838 dabit,
1196 1791 1297 1843 quod
1322 1799 1447 1828 meum

123 1853 208 1892 est?
242 1863 319 1889 ιιοιι
350 1856 480 1901 potest
511 1851 618 1901 quasi
649 1848 921 1888 alius-dixisse
953 1849 1002 1898 de
1033 1850 1192 1887 alterius
1218 1848 1281 1887 dei
1307 1848 1446 1899 gratia.

121 1909 230 1949 Tunc
255 1907 356 1946 enim
387 1906 586 1945 videretur
615 1908 668 1945 ita
694 1897 866 1953 dixisse,-
873 1908 915 1950 si
941 1920 1010 1946 eos
1036 1908 1073 1945 in
1100 1913 1337 1952 creatorem,
1371 1918 1448 1942 non

123 1967 163 2006 in
187 1978 459 2011 mammonam,
497 1964 674 2003 infideles
706 1964 876 2011 notando
901 1978 977 2017 per
998 1966 1188 2003 creatoris
1212 1964 1449 2002 mentionem

116 2010 414 2065 distinctiones
431 2022 591 2061 fecisset
627 2021 691 2060 dei
727 2023 911 2069 alterius,
952 2035 1028 2065 non
1066 2022 1306 2061 commissuri
1343 2033 1449 2058 suam

125 2082 327 2133 veritatem
370 2079 588 2121 infidelibus
630 2081 849 2127 creatoris.
913 2077 1113 2128 Quomodo
1156 2087 1246 2131 tunc
1280 2064 1450 2117 alterius

125 2129 428 2190 videri·potest,
465 2139 497 2176 si
529 2152 605 2176 non
637 2136 687 2176 ad
718 2138 792 2176 boc
824 2145 1092 2190 proponatur,
1121 2144 1160 2175 ut
1185 2151 1207 2175 a
1232 2125 1275 2175 re
1303 2136 1350 2175 de
1375 2148 1452 2187 qua

127 2197 256 2248 agitur
279 2198 511 2247 separetur?
542 2195 585 2234 Si
611 2203 737 2234 autem
763 2202 803 2234 et
825 2196 1078 2234 iustificantes
1103 2208 1145 2234 se
1172 2208 1302 2233 coram
1327 2193 1451 2231 homi-

128 2253 239 2292 nibus
275 2253 467 2304 pharisaei
499 2266 602 2305 spem
636 2252 828 2298 mercedis
861 2254 923 2295 in
933 2253 1085 2292 bomine
1122 2252 1343 2305 ponebant,
1383 2249 1450 2287 illo

129 2307 199 2350 eos
229 2322 355 2357 sensu·
376 2311 620 2362 increpabat,
661 2323 754 2363 quo
766 2317 806 2350 et
837 2310 1027 2365 propbeta
1060 2310 1293 2348 Hieremias·
1307 2308 1310 2311 ’
1337 2307 1453 2344 miser

124 2369 270 2417 Ιιοιιιο,
308 2367 372 2419 qui
408 2380 514 2418 spem
550 2369 669 2407 babet
703 2370 743 2406 in
779 2368 947 2424 bomine.
956 2369 994 2415 ⁵)
1057 2366 1099 2404 Si
1125 2373 1165 2404 et
1189 2364 1341 2408 adiicit:
1381 2365 1455 2402 scit

130 2433 258 2465 antem
284 2424 378 2463 deus
406 2423 525 2463 corda
548 2432 690 2471 vestra,
716 2424 818 2462 illius
835 2422 927 2467 ,ἀεὶ
931 2425 1005 2463 vim
1026 2422 1364 2484 commemorabat,
1391 2422 1455 2472 qui

226 2565 263 2605 1)
289 2552 369 2597 ιιιιιι,
382 2573 413 2595 v.
427 2564 482 2596 14.
576 2560 618 2606 α)
643 2562 722 2594 ibid.
736 2570 767 2592 v.
782 2564 836 2593 11.
929 2563 967 2603 3)
991 2536 1227 2606 E‹1.Fran.¹et
1250 2561 1323 2602 mg.
1350 2561 1457 2600 quoa

133 2620 264 2643 meum
288 2612 370 2651 eat,
396 2610 485 2649 quis
509 2611 576 2642 etc.
610 2606 613 2609 ”
670 2609 708 2650 4)
732 2609 816 2640 Luc.
830 2610 953 2651 16‚12.
1049 2610 1085 2650 5)
1110 2611 1175 2640 ler.
1189 2609 1244 2649 17,
1260 2610 1293 2640 5.

1087 2653 1172 2696 15*
