1604 2800
636 188 712 220 ΒΕ
742 189 939 220 ANniA.
1361 186 1469 226 ’θ’

131 280 339 320 nisinnetio
362 279 472 319 simul
497 281 649 332 utrique
674 281 911 320 substantiae
937 277 1081 319 accidit
1099 292 1171 332 per
1189 286 1363 330 mortem,
1388 283 1464 323 hoc

132 337 253 378 debet
276 338 559 378 coniunctionis
583 338 709 378 forma
733 337 933 377 mandasse
958 339 1107 390 pariter
1130 338 1370 378 obvenientis
1393 353 1466 393 per

130 396 247 435 vitan
276 396 429 448 utrique
459 395 710 435 substantiae.
777 396 899 435 Porro
932 397 1047 434 vitam
1072 409 1094 434 a
1120 404 1312 449 conceptu
1342 410 1464 449 agno·

131 454 291 500 scimus,
323 454 412 506 quia
442 455 606 492 animam
630 467 655 493 a
680 461 872 506 conceptu
902 453 1158 501 vindicamus3
1197 453 1337 493 exinde
1363 457 1464 494 enim

130 512 223 558 vita,
248 524 324 563 quo
349 513 488 551 anima.
528 510 680 551 Pariter
704 525 799 563 ergo
826 512 864 550 in
889 513 1004 550 vitam
1031 513 1338 563 compinguntur,
1366 525 1463 564 quac

130 569 279 622 pariter
308 569 349 607 in
378 576 541 608 mortem
577 576 819 621 separantur.
890 569 997 609 Tunc
1041 571 1073 608 si
1110 570 1224 608 alteri
1262 571 1463 622 primatum

131 625 277 674 damus,
303 627 417 665 alteri
443 626 706 674 secundatum,
738 628 893 666 seminis
918 640 1070 679 qnoque
1096 625 1353 666 discernenda
1377 635 1464 667 sunt

130 691 308 736 tempora
332 697 402 736 pro
427 692 528 723 statu
555 684 714 723 ordinis.
751 684 803 723 Et
827 684 978 736 quando
1005 680 1263 723 'collocabitur
1287 687 1463 737 corporis

129 754 275 788 semen,
301 741 453 793 quando
479 743 655 781 animae?
678 743 753 780 imo
779 743 811 780 si
832 749 1006 794 tempora
1025 743 1210 781 seminum
1231 741 1461 788 dividentur,

129 805 171 838 et
207 800 393 837 materiae
430 798 607 837 diversae
645 799 887 837 habebuntur
931 812 981 838 ex
1017 799 1198 837 distantia
1233 806 1461 851 temporum.

127 854 229 894 Nam
253 857 327 894 etsi
352 854 446 893 duas
471 857 624 906 species
650 856 920 894 confitebimur
949 857 1121 902 seminis,
1156 857 1398 909 corporalem
1424 864 1465 895 et

129 913 346 960 animalem,
378 912 608 952 indiscretas
630 920 761 952 tamen
785 910 1035 960 vindicamus,
1063 921 1103 952 et
1128 914 1202 953 boc
1228 913 1342 952 modo
1370 927 1463 953 con-

127 970 363 1023 temporales
395 969 644 1022 eiusdemqne
679 972 875 1009 momenti.
947 970 1008 1009 Ne
1047 972 1179 1022 itaque
1216 970 1359 1023 pudeat
1395 984 1463 1010 nc-

128 1029 324 1068 cessariae
349 1028 694 1079 interpretationis.
755 1027 904 1066 Natura
928 1027 1150 1066 veneranda
1175 1035 1247 1075 est,
1273 1042 1349 1066 non
1374 1041 1462 1068 eru-

103 1083 339 1134 ἱΙκεειτεειιείει.
399 1084 653 1123 Concubitum
686 1083 825 1130 libido,
857 1098 934 1123 non
968 1084 1141 1123 conditio
1170 1084 1360 1132 foedavit3
1394 1098 1463 1124 ex-

129 1154 276 1188 cessus,
302 1154 379 1180 non
403 1148 525 1180 status
549 1149 609 1180 est
634 1141 859 1193 impudicus,
886 1140 1073 1193 siquidem
1095 1141 1323 1180 benedictus
1342 1149 1462 1181 status

129 1197 232 1251 apud
247 1197 380 1237 deum:
407 1200 574 1237 crescite
588 1200 680 1237 etin
694 1198 972 1237 multitudinem
997 1199 1190 1251 proficite.
1206 1198 1244 1250 ¹)
1268 1199 1462 1238 Excessus

127 1268 223 1296 vero
254 1254 501 1303 maledictus,
533 1255 724 1295 adulteria
749 1263 791 1294 et
814 1264 946 1308 stupra
977 1264 1014 1295 et
1047 1257 1256 1308 lupanaria.
1319 1256 1360 1295 ln
1385 1257 1461 1296 boc

128 1315 260 1366 itaque
296 1314 471 1352 sollemni
508 1327 664 1352 sexuum
705 1313 848 1360 officio,
887 1313 988 1366 quod
1025 1327 1168 1353 marem
1205 1327 1252 1352 ac
1282 1314 1462 1353 seminam

127 1372 285 1418 miscet,
322 1371 362 1409 in
393 1371 600 1410 concubitu
632 1370 720 1410 dico
753 1373 962 1418 communi,
982 1372 1140 1409 'scimus
1171 1378 1211 1410 et
1234 1373 1396 1410 animam
1422 1379 1464 1411 et

128 1441 285 1468 carnem
310 1429 422 1467 simul
446 1428 567 1480 fungi,
593 1429 755 1466 animam
782 1429 1112 1479 concupiscentia,
1145 1442 1300 1467 carnem
1327 1442 1460 1480 opera,

127 1487 291 1526 animam
316 1487 511 1533 instinctu,
539 1499 695 1524 carnem
721 1492 823 1524 actu.
863 1484 987 1524 Unico
1012 1486 1131 1537 igitur
1154 1486 1297 1538 impetu
1324 1488 1462 1525 utrius-

127 1556 216 1596 que,
241 1549 326 1582 toto
345 1543 500 1582 bomine
521 1557 710 1582 concusso
730 1542 979 1595 despumatur
996 1556 1127 1582 semen
1147 1545 1265 1582 totius
1285 1544 1460 1591 hominis,

126 1601 274 1641 babens
292 1613 350 1640 ex·
361 1601 558 1654 corporali
576 1601 788 1640 substantia
809 1601 1019 1648 humorem,
1039 1614 1090 1639 ex
1108 1601 1260 1639 animali
1276 1602 1459 1640 calorem.

127 1657 179 1696 Et
201 1659 236 1697 si
258 1657 441 1709 frigidum
471 1672 610 1697 nomen
642 1666 702 1697 est
732 1660 857 1696 anima
883 1657 1143 1704 Graecorum,
1176 1671 1293 1709 quare
1321 1671 1461 1710 corpus

127 1722 307 1766 exempta
342 1727 390 1753 ea
426 1715 569 1765 friget?
621 1715 795 1766 Denique
833 1721 874 1752 ut
909 1713 1034 1752 adhuc
1071 1714 1304 1752 verecundia
1340 1716 1461 1765 magis

127 1772 331 1824 pericliter
360 1784 470 1822 quam
502 1771 750 1822 probatione,
790 1772 829 1808 in
860 1771 926 1808 illo
964 1772 1048 1822 ipso
1083 1772 1290 1822 voluptatis
1326 1772 1459 1809 ultimo

127 1835 252 1875 aestu,
278 1841 353 1879 quo
379 1828 549 1878 genitale
580 1828 683 1865 virus
707 1828 925 1878 expellitur,
951 1839 1078 1865 nonne
1101 1827 1245 1878 aliquid
1266 1826 1315 1866 de
1334 1829 1460 1866 anima

129 1897 281 1938 quoque
305 1885 489 1923 sentimus
514 1885 650 1923 exire?
685 1891 799 1935 atque
824 1883 923 1923 adeo
949 1885 1221 1923 marcescimus
1240 1891 1279 1923 et
1299 1884 1459 1937 devige-

130 1944 270 1982 scimus
283 1955 368 1982 cum
383 1943 479 1981 lucis
493 1940 751 1981 detrimento?
776 1942 860 1981 Hoc
874 1942 951 1980 crit
964 1955 1095 1981 semen
1109 1943 1271 1981 animale
1286 1943 1460 1994 protinus

129 2013 182 2040 ex
203 2001 354 2039 animae
379 1998 652 2046 destillatione,
678 2000 778 2038 sicut
803 2006 843 2039 et
866 2001 970 2038 virus
989 1999 1081 2038 illud
1101 2000 1306 2052 corporale
1326 2013 1458 2039 semen

129 2071 181 2098 ex
205 2058 333 2097 carnis
357 2056 666 2096 defaecatione..
700 2056 939 2096 Fidelissima
962 2056 1162 2110 primordii
1188 2058 1382 2110 exempla3
1410 2057 1458 2096 de

130 2115 222 2154 limo
247 2127 340 2154 earo
366 2115 404 2152 in
423 2113 561 2153 Adam.
600 2113 698 2162 Quid
723 2114 824 2153 alind
852 2115 974 2161 limus,
1001 2128 1111 2168 quam
1138 2116 1264 2167 liquor
1288 2117 1460 2167 opimus?

131 2171 226 2211 Inde
251 2173 327 2210 erit
356 2172 526 2222 genitale
556 2172 678 2219 virus,
710 2184 760 2210 ex
790 2172 918 2210 afflatu
942 2171 1006 2211 dei
1031 2173 1170 2211 anima.
1231 2171 1328 2219 Quid
1354 2170 1459 2209 aliud

131 2229 279 2268 afflatus
303 2227 380 2276 dei,
406 2242 517 2280 quam
539 2241 663 2281 vapor
685 2230 865 2280 spiritns?
900 2228 994 2268 Inde
1024 2231 1100 2268 erit
1131 2227 1231 2280 quod
1262 2242 1333 2279 per
1354 2229 1458 2266 virus

132 2285 430 2325 illud-efflamus.
482 2285 602 2334 Quum
627 2287 744 2337 igitur
769 2287 805 2325 in
830 2286 1040 2338 primordio
1066 2286 1140 2324 duo
1167 2285 1317 2324 diversa
1343 2291 1458 2336 atquc

133 2343 267 2390 divisa,
294 2344 402 2381 limus
428 2350 467 2381 ct
493 2345 615 2390 ssatus,
647 2356 759 2382 unum
785 2344 975 2383 hominem
1002 2344 1240 2393 coegissent,
1274 2342 1458 2380 confusae

132 2400 367 2440 substantiae
388 2400 522 2440 ambae
542 2402 616 2440 iam
636 2402 674 2439 in
694 2414 769 2439 uno
790 2401 933 2439 semina
954 2413 1102 2452 qnoque
1123 2413 1190 2437 sua
1209 2400 1455 2445 miscuerunt,

133 2466 247 2511 atque
273 2457 412 2496 exinde
437 2459 573 2510 generi
604 2456 853 2511 propagando
879 2458 1038 2496 formam
1066 2456 1321 2504 tradiderunt,
1352 2463 1395 2495 ut
1418 2463 1459 2495 et

227 2587 264 2625 1)
277 2585 360 2616 Gen.
375 2586 406 2622 1,
422 2586 475 2615 27.
