1566 2808
354 217 479 248 ADv.
512 216 879 248 MARCIONEM
914 216 1092 248 LIBER
1120 217 1177 248 111.
1339 216 1433 252 112

107 316 172 348 cet
201 307 528 348 nou‘iudicaturi.
577 308 700 347 Tanto
725 308 854 355 abest,
893 316 936 346 ut
965 309 1130 347 alienum
1157 308 1348 347 Christum
1373 311 1432 348 in-

105 366 305 407 tellen'sse
327 365 543 413 videantur,
571 367 634 418 qui
659 379 731 404 nec
757 366 949 404 hominem
975 366 1076 413 eius,
1102 373 1145 404 ut
1169 367 1348 413 alienum,
1373 367 1432 406 iu-

106 422 346 464 dicaverunt.

219 484 261 523 7.
309 480 446 520 Discat
482 494 582 519 nunc
612 480 833 519 haereticus
870 493 920 519 ex
951 479 1178 527 abundanti,
1224 494 1309 519 cum
1347 482 1430 533 ipso

105 537 242 577 licebit
270 537 436 583 Iudaeo,
468 538 658 576 rationem
690 550 841 589 quoque
874 550 1049 576 errorum
1074 539 1176 585 eius,
1208 551 1231 576 a
1256 551 1331 590 quo
1362 538 1432 577 du-

106 601 234 634 catum
258 601 450 634 mutuatus
476 596 515 633 in
539 594 613 633 hac
638 596 990 646 argumentatione,
1030 608 1365 634 caecus‘axcaeco
1392 597 1430 634 in

105 651 269 691 eandem
300 651 498 700 decidit1)
539 652 703 690 foveam.
759 651 865 694 Duos
904 651 1065 690 dicimus
1104 652 1248 690 Christi
1278 652 1430 690 habitus

103 722 128 748 a
165 709 365 762 prophetis
402 704 686 748 demonstratos
722 708 883 748 totidem
919 707 1107 746 adventus
1145 709 1228 747 eius
1263 721 1429 760 praeno-

105 773 231 805 tasse:
262 779 378 805 unum
407 767 447 804 in
477 766 708 812 humilitate,
746 767 877 817 utique
908 766 1089 817 primum,
1129 770 1214 804 'cum
1250 773 1429 818 tanquam

103 824 187 862 ovis
209 821 261 862 ad
288 824 483 862 victimam
515 822 655 861 deduci
686 822 872 869 habebat,
905 829 946 860 et
972 829 1153 875 tanquam
1184 836 1305 875 agnus
1337 823 1427 862 a'nte

103 877 330 919 tondentem
366 881 449 919 sine
486 894 603 927 voce,
642 881 698 918 ita
728 893 805 918 non
836 881 1016 932 aperiens
1049 893 1111 926 os,
1154 893 1203 919 ne
1240 880 1428 933 adspectu

103 936 256 990 quidem
280 938 482 985 honestum,
510 937 952 983 adnuntiavimus-enim,
979 938 1114 989 inquit,
1141 937 1189 976 de
1214 939 1301 977 illo:
1329 939 1429 976 sicut

100 995 302 1047 puerulus,
334 996 435 1034 sicut
464 994 576 1033 radix
606 996 646 1033 in
676 1002 783 1033 terra
813 996 978 1041 sitienti,
1011 1002 1051 1033 et
1082 1009 1159 1033 non
1191 1003 1251 1034 est
1275 997 1428 1047 species

102 1052 186 1092 eius
210 1065 335 1105 neque
355 1052 493 1103 gloria,
520 1060 560 1091 et
582 1052 745 1091 vidimus
770 1066 869 1099 eum,
897 1060 938 1091 et
962 1066 1039 1091 non
1063 1052 1233 1091 habebat
1257 1055 1427 1105 speciem

101 1122 228 1162 neque
251 1108 449 1157 decorem,
476 1109 544 1148 sed
571 1111 723 1162 species
749 1111 831 1148 eius
852 1110 1094 1156 inhonorata,
1122 1109 1308 1149 deficiens
1329 1112 1428 1148 cina

102 1165 204 1205 filios
231 1166 455 1213 hominum,
482 1167 596 1205 homo
629 1169 674 1205 in»
698 1167 831 1218 plaga,
863 1174 904 1205 et
933 1168 1061 1205 sciens
1091 1167 1196 1205 ferre
1227 1167 1426 1205 infirmita-

101 1224 254 1271 tem2)‚
278 1231 322 1262 ut
344 1225 491 1276 positus
516 1237 539 1262 a
565 1231 674 1276 patre
700 1225 739 1261 in
764 1223 929 1275 lapidem
956 1223 1183 1281 offensionis
1213 1231 1254 1262 et
1276 1231 1427 1276 petram

101 1279 276 1341 scandali
288 1282 342 1331 ³),
368 1282 578 1319 minoratus
602 1281 650 1320 ab
677 1294 725 1319 eo
751 1274 962 1319 modicum
968 1282 1067 1319 citra
1086 1281 1247 1332 angelos
1258 1283 1312 1330 ⁴),
1337 1295 1427 1321 ver-

100 1351 200 1378 mem
223 1351 267 1377 se
290 1340 556 1390 pronuntians,
582 1345 624 1377 et
648 1352 724 1376 non
749 1338 954 1384 hominem,
981 1339 1229 1389 ignominiam
1261 1338 1425 1377 hominis

101 1403 143 1434 et
165 1394 423 1434 nullificamen
448 1396 580 1447 populi
593 1396 643 1445 ⁵)
695 1395 801 1442 Quae
826 1395 1081 1446 ignobilitatis
1106 1402 1331 1445 argumenta
1346 1398 1425 1448 pri-

102 1465 167 1491 mo
186 1450 369 1492 adventui
394 1459 629 1504 competunt,
655 1453 756 1491 sicut
780 1452 1022 1490 sublimitatis
1037 1451 1221 1499 seeundo,
1248 1466 1332 1491 cum
1358 1453 1427 1492 fiet

98 1511 174 1549 iam
191 1523 270 1548 non
280 1509 386 1563 ‚lapis
406 1509 630 1549 offensionis
656 1522 729 1548 nec
754 1514 870 1561 petra
890 1508 1076 1556 scandali,
1102 1509 1171 1548 sed
1197 1510 1294 1562 lapis
1324 1524 1425 1549 sum-

98 1580 182 1607 mus
204 1567 400 1619 angularis
429 1574 518 1619 post
548 1567 864 1619 reprobationem
890 1566 1112 1618 adsumptus
1137 1574 1178 1606 et
1202 1568 1424 1610 sublimatus

98 1625 140 1664 in
163 1625 530 1669 consummationem
545 1625 691 1677 templi,
718 1625 914 1663 ecclesiae
939 1625 1104 1672 scilicet,
1131 1632 1172 1664 et
1194 1632 1307 1677 petra
1331 1639 1423 1664 sane

97 1682 167 1721 illa
190 1681 292 1734 apud
315 1682 531 1729 Danielem,
557 1681 604 1721 de
630 1689 759 1720 monte
785 1683 981 1734 praecisa,
1008 1695 1105 1734 quae
1131 1683 1337 1733 imaginem
1362 1696 1424 1721 se-

100 1739 286 1778 cularium
310 1753 519 1791 regnorum
545 1740 779 1778 comminuet
811 1746 851 1777 et
876 1746 1057 1778 conteret
1067 1740 1121 1788 ⁶)
1171 1739 1230 1777 De
1256 1753 1330 1791 quo
1356 1739 1425 1778 ad-

97 1803 215 1835 ventu
239 1788 341 1835 idem
367 1796 594 1847 prophetes·
621 1803 662 1834 et
686 1808 782 1834 ecce
808 1809 894 1834 cum
914 1796 1076 1834 nubibus
1102 1796 1217 1842 coeli,
1243 1803 1425 1849 tanquan

99 1853 199 1892 filius
229 1853 395 1892 bominis
426 1853 605 1899 veniens,
635 1853 742 1890 venit
771 1865 890 1904 usque
922 1851 972 1891 ad
1001 1859 1173 1892 veterem
1205 1852 1354 1892 dierum
1385 1861 1426 1893 et

99 1909 237 1950 aderat
266 1911 307 1949 in
338 1917 551 1962 conspectu
582 1910 683 1956 eius,
727 1916 769 1948 et
798 1910 861 1961 qui
892 1909 1149 1964 adsistebant,
1181 1909 1424 1950 adduxerunt

97 1969 215 2015 illum,
242 1975 283 2010 et
306 1967 398 2007 data
421 1974 481 2006 est
506 1968 542 2006 ei
555 1973 728 2019 potestas
752 1967 875 2018 regia,
901 1974 942 2006 et
954 1980 1087 2006 omnes
1100 1968 1277 2007 nationes
1290 1975 1422 2007 terrae

98 2024 307 2066 secundum
333 2038 494 2077 genera,
520 2031 561 2063 et
586 2025 707 2063 omnis
732 2024 859 2075 gloria
881 2023 1164 2072 famulabunda,
1190 2032 1232 2064 et
1249 2033 1423 2078 potestas

97 2085 183 2123 eius
216 2096 336 2135 usque
372 2084 412 2122 in
449 2095 583 2121 aevum
595 2083 656 2130 Ἰ),
694 2094 791 2134 quae
828 2084 904 2120 ιιοιι
940 2082 1158 2129 auferetur,
1197 2090 1238 2122 et
1261 2096 1422 2135 regnum

98 2141 202 2188 eius,
227 2139 331 2193 quod
355 2149 432 2178 non
456 2139 657 2178 vitiabitur
667 2140 725 2188 ⁸),
751 2146 843 2178 tunc
868 2140 1022 2179 scilicet
1044 2139 1244 2179 habiturus
1269 2148 1310 2180 et
1333 2154 1423 2192 spe-

99 2199 199 2237 ciem
235 2198 503 2237 honorabilem
547 2203 588 2236 et
622 2195 806 2236 decorem
842 2196 1130 2237 indeficientem
1167 2211 1285 2249 super
1321 2198 1422 2236 filios

97 2255 307 2294 homiuum.
356 2249 622 2307 Tempestivus
658 2254 778 2300 enim,
820 2255 962 2306 inquit,
1000 2254 1147 2294 decore
1186 2256 1285 2293 citra
1322 2254 1422 2293 filios

97 2312 309 2360 hominum,
343 2312 464 2351 effusa
494 2318 554 2351 est
578 2312 704 2363 gratia
734 2313 773 2350 in
803 2311 916 2350 labiis
940 2313 1034 2359 tuis,
1066 2318 1277 2364 propterea
1300 2310 1422 2350 bene-

97 2368 196 2409 dixit
217 2376 258 2408 te
285 2369 380 2408 deus
404 2371 443 2408 in
468 2382 616 2417 aevum,
643 2370 851 2421 accingere
878 2382 1011 2409 ensem
1036 2381 1153 2421 super
1164 2369 1291 2407 femur
1302 2375 1419 2417 tuum,

167 2520 319 2560 '1)Pro
343 2521 508 2553 decidit
540 2521 592 2553 eil.
616 2520 721 2552 Fran.
752 2493 974 2552 deductus.
1080 2519 1118 2557 2)
1142 2519 1207 2550 les.
1228 2519 1282 2559 53,
1305 2520 1326 2549 2
1348 2528 1421 2558 sqq.

97 2566 136 2605 ι)
156 2567 222 2598 ιω.
235 2567 269 2607 8,
284 2568 338 2599 ιι.
386 2566 424 2605 4)
442 2568 497 2599 Ρ..
511 2569 589 2608 ss.
644 2564 682 2609 5)
695 2567 750 2597 Ρ..
764 2567 820 2606 22,
835 2567 867 2597 ι.
915 2565 950 2606 6)
968 2566 1057 2597 nan.
1073 2566 1107 2606 2,
1121 2565 1165 2596 34
1177 2574 1230 2604 sq.
1279 2563 1319 2609 τ)
1336 2565 1420 2597 aui:

96 2611 140 2643 in
162 2615 395 2649 aeternum.
489 2612 524 2653 8)
550 2614 636 2645 Dan.
651 2614 683 2653 7,
700 2614 743 2644 13
757 2622 808 2652 sq.
