1566 2808
142 204 209 241 28
297 205 370 236 DE
407 203 1041 236 PRAESCRIPTIONIBUS
1078 203 1326 235 HAERET.

143 298 340 350 explicuit.
405 296 761 335 Homerocentonas
798 297 914 335 etiam
950 309 1092 335 vocare
1131 296 1275 342 solent,
1320 295 1383 347 qui
1419 293 1467 333 de

144 355 374 394 carminibus
402 354 559 392 Homeri
585 355 742 405 propria
768 366 886 405 opera
913 367 1019 392 more
1048 354 1274 392 centonario
1301 365 1351 391 ex
1373 351 1469 391 mul·
1518 366 1523 374 ¹

142 414 191 452 tis
217 413 304 449 hinc
332 411 420 449 inde
455 412 678 462 compositis
709 412 747 449 in
772 424 884 449 unum
911 413 1083 449 sarciunt
1109 423 1260 461 corpus.
1322 409 1372 448 Et
1396 410 1470 448 uti-

144 482 216 521 que
249 467 454 506 fecundior
485 467 615 507 divina
647 469 848 506 literatura
879 467 928 506 ad
959 469 1182 507 facultatem
1210 468 1469 518 cuiuscunque

142 527 341 564 materiae.
405 524 490 563 Nec
517 525 720 577 periclitor
751 524 904 572 dicere,
943 526 1044 579 ipsas
1078 538 1227 576 quoque
1260 525 1471 576 scripturas

143 585 198 621 sic
227 596 311 622 esse
338 596 388 622 ex
413 582 475 621 dei
501 583 697 621 voluntate
726 581 949 634 dispositas,
982 590 1024 620 ut
1055 582 1265 620 haereticis
1290 582 1471 620 materias

144 641 495 686 subministiQarent
537 653 619 678 cum
653 641 777 691 legam
805 647 987 691 opoltere
1014 639 1197 677 haereses
1230 651 1335 686 esse,
1374 651 1471 691 quae

144 699 226 735 sine
253 699 453 749 scripturis
479 710 564 736 esse
591 711 666 735 non
694 704 863 749 possent.

262 758 334 796 40.
388 754 467 793 Sed
501 756 701 806 quaentur
712 756 763 803 1),
797 768 819 793 a
846 768 919 806 quo
947 755 1168 793 intellectus
1194 755 1474 806 interpretetur

145 825 421 863 coru1n‚quae
449 811 496 850 ad
524 813 706 851 haereses
732 812 890 850 faciant.
927 810 964 850 A
990 811 1145 849 diabolo
1173 812 1336 858 scilicet,
1365 812 1472 850 cuius

144 877 231 908 sunt
256 876 387 921 partes
419 869 701 908 intervertendi
731 870 954 915 veritatem,
995 869 1057 920 qui
1089 870 1191 920 ipsas
1223 881 1375 920 quoque
1408 881 1472 907 res

144 934 471 965 sacramentorum
498 926 712 965 divinorum
744 928 782 964 in
807 926 997 965 idolorum
1026 926 1220 978 mysteriis
1245 925 1471 964 aemulatur.

142 984 274 1035 Tingit
305 991 344 1022 et
376 985 457 1035 ipse
492 983 694 1035 quosdam,
732 985 862 1036 utique
897 983 1103 1022 credentes
1133 990 1173 1021 et
1203 982 1338 1021 fideles
1363 996 1471 1031 suos3

143 1042 448 1092 expiationem2)
477 1040 706 1080 delictorum
733 1040 780 1080 de
808 1042 962 1079 lavacro
977 1041 1223 1092 repromittit,
1251 1047 1290 1079 et
1304 1041 1335 1078 si
1350 1038 1474 1079 adhuc

142 1099 296 1136 memini
327 1098 514 1145 Mithrae,
549 1100 675 1150 signat
706 1099 786 1137 illic
820 1101 858 1137 in
884 1099 1074 1136 frontibus
1106 1098 1245 1136 milites
1272 1111 1380 1146 suos3
1409 1110 1474 1136 ce-

142 1155 271 1192 lebrat
296 1163 335 1193 et
359 1157 467 1206 panis
494 1156 747 1202 oblationem,
787 1163 826 1194 et
857 1157 1060 1206 imaginem
1092 1155 1390 1194 resurrectionis
1416 1156 1475 1193 in-

144 1210 268 1258 ducit,
296 1219 336 1250 et
361 1212 429 1250 sub
457 1211 587 1263 gladio
614 1212 770 1251 redimit
796 1227 992 1251 coronam.
1045 1208 1156 1260 Quid,
1184 1211 1284 1264 quod
1310 1219 1350 1251 et
1374 1226 1474 1251 sum-

142 1283 241 1306 mum
267 1270 490 1320 pontificem
517 1270 555 1307 in
581 1271 691 1308 unius
718 1271 858 1322 nuptiis
885 1271 1042 1308 statuit?
1074 1270 1200 1308 Habet
1225 1276 1265 1308 et
1288 1270 1473 1321 virgines,

141 1326 326 1364 habetet
358 1328 615 1365 continentes.
679 1327 860 1366 Ceterum
892 1329 923 1365 si
949 1327 1098 1366 Numae
1132 1325 1309 1379 Pompilii
1341 1340 1475 1380 super—

143 1384 322 1421 stitiones
360 1384 620 1431 revolvamus,
667 1386 697 1422 si
741 1384 1002 1423 sacerdotalia
1041 1385 1187 1430 officia,
1232 1385 1405 1435 insignia¹
1435 1391 1476 1424 et

141 1441 365 1491 privilegia,
393 1442 424 1478 si
451 1441 802 1490 sacrificantium-⁹²)
831 1443 1063 1487 ministeria,
1091 1448 1131 1479 et
1155 1442 1408 1480 instrumenta
1433 1448 1475 1480 et

142 1510 234 1535 vasa
260 1499 429 1549 ipsmum
457 1498 755 1545 saciificioium‚
795 1512 841 1536 ac
873 1499 1111 1550 piaculorum
1139 1505 1179 1536 et
1202 1505 1388 1537 votorum
1407 1512 1473 1538 cu-

142 1556 338 1593 riositates
367 1554 675 1593 considerzemus
716 1569 841 1594 nonne
869 1557 1072 1594 manifeste
1106 1555 1279 1594 diabolus
1310 1557 1475 1596 morosi-

142 1618 260 1650 tatem
286 1613 389 1651 illam
417 1611 584 1651 Iudaeae
612 1614 779 1651 imitatus
812 1616 895 1651 est?
956 1613 1027 1660 Qui
1054 1626 1148 1664 ergo
1177 1614 1279 1665 ipsas
1304 1626 1389 1661 res,
1425 1613 1474 1653 de

143 1669 279 1720 quibus
310 1677 554 1708 sacramenta
581 1670 723 1710 Christi
756 1670 1087 1718 administrantur,
1128 1678 1202 1709 tam
1235 1671 1476 1710 aemulanter

142 1726 340 1765 affectavit
366 1729 582 1779 exprimere
609 1730 647 1766 in
674 1729 840 1779 negotiis
866 1728 1084 1767 idolatriae.
1142 1727 1281 1780 Utique
1308 1735 1348 1767 et
1371 1727 1475 1768 idem‘

142 1791 182 1821 et
208 1783 344 1822 eodem
371 1785 528 1835 ingenio
562 1786 695 1836 gestiit
726 1793 765 1824 et
795 1787 922 1837 potuit
953 1787 1205 1824 instrumenta
1238 1799 1389 1837 quoque
1416 1785 1474 1824 di-

139 1842 310 1879 vinarum
339 1854 466 1888 rerum
494 1850 534 1881 et
553 1849 772 1881 sanctorum
789 1839 1107 1890 Christianorum,
1134 1842 1360 1885 sensum'de
1385 1856 1475 1882 sen·

139 1898 264 1943 sibus,
302 1899 422 1936 verba
460 1898 507 1937 de
532 1901 679 1946 verbis,
720 1901 926 1951 parabolas
953 1900 1000 1939 de
1033 1901 1247 1952 parabolis,
1285 1901 1472 1952 profanae

141 1961 182 1992 et
208 1955 381 1992 aemulae
409 1954 498 1994 fidei
525 1959 783 2008 attemperare
797 1959 849 2006 4).
915 1958 966 1995 Et
997 1957 1085 1996 ideo
1118 1970 1241 2009 neque
1268 1971 1291 1996 a
1316 1956 1472 1997 diabolo

139 2013 308 2050 immissa
333 2024 417 2050 esse
445 2014 631 2063 spiritalia
657 2015 869 2064 nequitiae,
904 2027 953 2052 ex
986 2015 1120 2066 quibus
1148 2016 1261 2054 etiam
1288 2015 1473 2054 haereses

139 2070 315 2116 veniunt,
356 2068 532 2107 dubitare
565 2071 647 2122 quis
674 2070 807 2117 debet,
848 2084 970 2122 neque
1004 2072 1050 2109 ab
1079 2071 1300 2110 idololatria
1327 2071 1471 2112 distare
1518 2080 1538 2105 >¹

138 2126 341 2172 haereses,
382 2140 466 2164 cum
493 2134 532 2165 et
557 2129 726 2171 auctoris
753 2135 792 2166 et
818 2130 946 2179 operis
973 2128 1141 2167 eiusdem
1168 2130 1261 2176 sint,
1301 2131 1408 2168 cuius
1433 2138 1474 2169 et

138 2182 374 2222 idololatria.
443 2184 564 2223 Deum
590 2192 656 2223 aut
687 2186 834 2236 fingunt
872 2186 986 2224 alium
1017 2185 1200 2225 adversus
1239 2194 1470 2235 creatorem,

138 2248 204 2279 aut
228 2242 261 2279 si
286 2242 436 2280 unicum
465 2250 682 2281 creatorem
710 2243 960 2290 confitentur,
1001 2244 1118 2282 aliter
1149 2257 1234 2282 eum
1261 2243 1467 2292 disserunt,

139 2311 249 2349 quam
275 2300 314 2337 in
340 2312 432 2338 vero
460 2307 530 2338 est.
593 2300 724 2351 Itaque
752 2294 862 2339 omne
890 2300 1149 2348 mendacium,
1191 2301 1293 2355 quod
1319 2301 1367 2341 de
1393 2301 1468 2343 deo

138 2355 288 2403 dicunt,
316 2356 594 2408 quodammodo
622 2370 743 2408 genus
770 2365 829 2397 est
854 2357 1098 2405 idololatriae
1114 2361 1165 2409 5).

229 2460 263 2500 1)
287 2461 598 2501 Rig.Sequetur.
674 2464 709 2502 2)
737 2463 936 2504 Cod.Ag0b.
959 2464 1292 2504 expositionem.
1365 2464 1470 2503 3)1ta

137 2507 213 2536 cod.
242 2508 354 2538 Ursin.
391 2508 510 2538 Rhen.-
531 2508 853 2541 sacrificantia.
892 2511 984 2541 Pam.
1011 2514 1045 2541 et
1069 2511 1142 2550 Rig.
1169 2509 1466 2541 sacrificalia.

136 2551 174 2593 4)
201 2552 308 2582 Rhen.
329 2555 561 2585 attentare.
660 2555 694 2593 5)
720 2555 828 2586 Rhen.
845 2557 1031 2588 ed.l.,1ta
1057 2565 1175 2587 oni'ne
1195 2555 1465 2587 mendacium

136 2599 183 2628 de
204 2599 278 2630 deo
305 2600 373 2630 vel
398 2601 518 2632 natio
545 2601 847 2639 quodammodo
873 2612 1003 2634 sexus
1030 2605 1095 2634 est
1120 2601 1421 2633 idololatriae.
