<?xml version="1.0" encoding="UTF-8"?>
<!DOCTYPE html PUBLIC "-//W3C//DTD XHTML 1.0 Transitional//EN"
    "http://www.w3.org/TR/xhtml1/DTD/xhtml1-transitional.dtd">
<html xmlns="http://www.w3.org/1999/xhtml" xml:lang="en" lang="en">
 <head>
  <title>
</title>
<meta http-equiv="Content-Type" content="text/html;charset=utf-8" />
  <meta name='ocr-system' content='tesseract 3.04.00' />
  <meta name='ocr-capabilities' content='ocr_page ocr_carea ocr_par ocr_line ocrx_word'/>
</head>
<body>
  <div class='ocr_page' id='page_1' title='image "./operatert34tertuoft_0558.png"; bbox 0 0 1604 2800; ppageno 0'>
   <div class='ocr_carea' id='block_1_1' title="bbox 148 179 968 222">
    <p class='ocr_par' dir='ltr' id='par_1_1' title="bbox 148 179 968 222">
     <span class='ocr_line' id='line_1_1' title="bbox 148 179 968 222; baseline 0.002 -12"><span class='ocrx_word' id='word_1_1' title='bbox 148 183 252 222; x_wconf 66' lang='lat'><strong>220</strong></span> <span class='ocrx_word' id='word_1_2' title='bbox 664 179 737 210; x_wconf 82' lang='lat' dir='ltr'><strong>DE</strong></span> <span class='ocrx_word' id='word_1_3' title='bbox 769 180 968 213; x_wconf 77' lang='lat' dir='ltr'><strong>AN1MA.</strong></span> 
     </span>
    </p>
   </div>
   <div class='ocr_carea' id='block_1_2' title="bbox 149 270 1542 2273">
    <p class='ocr_par' dir='ltr' id='par_1_2' title="bbox 149 270 1490 1237">
     <span class='ocr_line' id='line_1_2' title="bbox 149 270 1481 325; baseline -0.002 -10"><span class='ocrx_word' id='word_1_4' title='bbox 149 278 239 316; x_wconf 87' lang='lat' dir='ltr'><strong>sitas</strong></span> <span class='ocrx_word' id='word_1_5' title='bbox 267 273 454 313; x_wconf 81' lang='lat' dir='ltr'><strong>obstaculi</strong></span> <span class='ocrx_word' id='word_1_6' title='bbox 480 272 608 318; x_wconf 87' lang='lat' dir='ltr'><strong>fuerit,</strong></span> <span class='ocrx_word' id='word_1_7' title='bbox 635 273 688 310; x_wconf 90' lang='lat' dir='ltr'><strong>ita</strong></span> <span class='ocrx_word' id='word_1_8' title='bbox 714 279 755 310; x_wconf 90' lang='lat' dir='ltr'><strong>et</strong></span> <span class='ocrx_word' id='word_1_9' title='bbox 778 272 919 310; x_wconf 86' lang='lat' dir='ltr'><strong>bonum</strong></span> <span class='ocrx_word' id='word_1_10' title='bbox 944 273 982 310; x_wconf 93' lang='lat' dir='ltr'><strong>in</strong></span> <span class='ocrx_word' id='word_1_11' title='bbox 1007 272 1134 310; x_wconf 89' lang='lat' dir='ltr'><strong>anima</strong></span> <span class='ocrx_word' id='word_1_12' title='bbox 1153 283 1175 309; x_wconf 90' lang='lat' dir='ltr'><strong>a</strong></span> <span class='ocrx_word' id='word_1_13' title='bbox 1196 270 1296 310; x_wconf 88' lang='lat' dir='ltr'><strong>malo</strong></span> <span class='ocrx_word' id='word_1_14' title='bbox 1319 284 1481 325; x_wconf 83' lang='lat' dir='ltr'><strong>oppres-</strong></span> 
     </span>
     <span class='ocr_line' id='line_1_3' title="bbox 149 328 1479 384; baseline -0.002 -12"><span class='ocrx_word' id='word_1_15' title='bbox 149 348 228 372; x_wconf 91' lang='lat' dir='ltr'><strong>sum</strong></span> <span class='ocrx_word' id='word_1_16' title='bbox 254 345 325 384; x_wconf 89' lang='lat' dir='ltr'><strong>pro</strong></span> <span class='ocrx_word' id='word_1_17' title='bbox 352 331 534 383; x_wconf 80' lang='lat' dir='ltr'>qualitate</span> <span class='ocrx_word' id='word_1_18' title='bbox 563 331 644 368; x_wconf 89' lang='lat' dir='ltr'><strong>eius</strong></span> <span class='ocrx_word' id='word_1_19' title='bbox 669 336 734 368; x_wconf 84' lang='lat' dir='ltr'><strong>aut</strong></span> <span class='ocrx_word' id='word_1_20' title='bbox 758 330 797 368; x_wconf 90' lang='lat' dir='ltr'><strong>in</strong></span> <span class='ocrx_word' id='word_1_21' title='bbox 823 336 943 368; x_wconf 90' lang='lat' dir='ltr'><strong>totum</strong></span> <span class='ocrx_word' id='word_1_22' title='bbox 974 336 1087 368; x_wconf 87' lang='lat' dir='ltr'><strong>vacat</strong></span> <span class='ocrx_word' id='word_1_23' title='bbox 1119 328 1274 368; x_wconf 84' lang='lat' dir='ltr'><strong>occulta</strong></span> <span class='ocrx_word' id='word_1_24' title='bbox 1304 329 1426 371; x_wconf 77' lang='lat' dir='ltr'><strong>salute</strong></span> <span class='ocrx_word' id='word_1_25' title='bbox 1441 331 1479 379; x_wconf 86' lang='lat'><strong>¹)</strong></span> 
     </span>
     <span class='ocr_line' id='line_1_4' title="bbox 149 385 1483 442; baseline -0.001 -13"><span class='ocrx_word' id='word_1_26' title='bbox 149 398 212 430; x_wconf 86' lang='lat' dir='ltr'><strong>aut</strong></span> <span class='ocrx_word' id='word_1_27' title='bbox 234 403 307 442; x_wconf 88' lang='lat' dir='ltr'><strong>qua</strong></span> <span class='ocrx_word' id='word_1_28' title='bbox 327 388 438 428; x_wconf 89' lang='lat' dir='ltr'><strong>datur</strong></span> <span class='ocrx_word' id='word_1_29' title='bbox 458 387 585 427; x_wconf 80' lang='lat' dir='ltr'>radiat</span> <span class='ocrx_word' id='word_1_30' title='bbox 603 389 759 426; x_wconf 85' lang='lat' dir='ltr'><strong>inventa</strong></span> <span class='ocrx_word' id='word_1_31' title='bbox 779 387 971 427; x_wconf 87' lang='lat' dir='ltr'><strong>libertate.</strong></span> <span class='ocrx_word' id='word_1_32' title='bbox 1012 385 1078 426; x_wconf 89' lang='lat' dir='ltr'><strong>Sic</strong></span> <span class='ocrx_word' id='word_1_33' title='bbox 1103 386 1259 439; x_wconf 81' lang='lat' dir='ltr'>pessimi</span> <span class='ocrx_word' id='word_1_34' title='bbox 1284 392 1326 426; x_wconf 93' lang='lat' dir='ltr'><strong>et</strong></span> <span class='ocrx_word' id='word_1_35' title='bbox 1349 387 1483 440; x_wconf 88' lang='lat' dir='ltr'><strong>optimi</strong></span> 
     </span>
     <span class='ocr_line' id='line_1_5' title="bbox 150 445 1484 501; baseline -0.002 -14"><span class='ocrx_word' id='word_1_36' title='bbox 150 447 313 501; x_wconf 85' lang='lat' dir='ltr'><strong>quidam,</strong></span> <span class='ocrx_word' id='word_1_37' title='bbox 341 455 381 486; x_wconf 86' lang='lat' dir='ltr'><strong>et</strong></span> <span class='ocrx_word' id='word_1_38' title='bbox 405 446 648 485; x_wconf 89' lang='lat' dir='ltr'><strong>nihilominus</strong></span> <span class='ocrx_word' id='word_1_39' title='bbox 667 459 780 484; x_wconf 92' lang='lat' dir='ltr'><strong>unum</strong></span> <span class='ocrx_word' id='word_1_40' title='bbox 807 459 939 485; x_wconf 89' lang='lat' dir='ltr'><strong>omnes</strong></span> <span class='ocrx_word' id='word_1_41' title='bbox 965 445 1114 484; x_wconf 88' lang='lat' dir='ltr'><strong>animae</strong></span> <span class='ocrx_word' id='word_1_42' title='bbox 1140 457 1282 495; x_wconf 80' lang='lat' dir='ltr'><strong>genus3</strong></span> <span class='ocrx_word' id='word_1_43' title='bbox 1308 445 1364 484; x_wconf 90' lang='lat' dir='ltr'><strong>sic</strong></span> <span class='ocrx_word' id='word_1_44' title='bbox 1386 451 1427 484; x_wconf 85' lang='lat' dir='ltr'><strong>et</strong></span> <span class='ocrx_word' id='word_1_45' title='bbox 1444 445 1484 484; x_wconf 86' lang='lat' dir='ltr'><strong>in</strong></span> 
     </span>
     <span class='ocr_line' id='line_1_6' title="bbox 150 499 1481 559; baseline -0.002 -14"><span class='ocrx_word' id='word_1_46' title='bbox 150 506 328 559; x_wconf 89' lang='lat' dir='ltr'><strong>pessimis</strong></span> <span class='ocrx_word' id='word_1_47' title='bbox 354 503 497 556; x_wconf 88' lang='lat' dir='ltr'><strong>aliquid</strong></span> <span class='ocrx_word' id='word_1_48' title='bbox 521 504 626 552; x_wconf 87' lang='lat' dir='ltr'><strong>boni,</strong></span> <span class='ocrx_word' id='word_1_49' title='bbox 653 510 693 543; x_wconf 91' lang='lat' dir='ltr'><strong>et</strong></span> <span class='ocrx_word' id='word_1_50' title='bbox 717 504 754 542; x_wconf 92' lang='lat' dir='ltr'><strong>in</strong></span> <span class='ocrx_word' id='word_1_51' title='bbox 782 504 932 556; x_wconf 90' lang='lat' dir='ltr'><strong>optimis</strong></span> <span class='ocrx_word' id='word_1_52' title='bbox 959 502 1131 542; x_wconf 91' lang='lat' dir='ltr'><strong>nonnihil</strong></span> <span class='ocrx_word' id='word_1_53' title='bbox 1156 502 1326 555; x_wconf 85' lang='lat' dir='ltr'><strong>pessimi.</strong></span> <span class='ocrx_word' id='word_1_54' title='bbox 1365 499 1481 543; x_wconf 84' lang='lat' dir='ltr'><strong>Solus</strong></span> 
     </span>
     <span class='ocr_line' id='line_1_7' title="bbox 150 559 1484 613; baseline -0.001 -11"><span class='ocrx_word' id='word_1_55' title='bbox 150 565 249 603; x_wconf 90' lang='lat' dir='ltr'><strong>enim</strong></span> <span class='ocrx_word' id='word_1_56' title='bbox 269 562 363 602; x_wconf 88' lang='lat' dir='ltr'><strong>deus</strong></span> <span class='ocrx_word' id='word_1_57' title='bbox 383 563 464 601; x_wconf 92' lang='lat' dir='ltr'><strong>sine</strong></span> <span class='ocrx_word' id='word_1_58' title='bbox 485 569 664 613; x_wconf 88' lang='lat' dir='ltr'><strong>peccato,</strong></span> <span class='ocrx_word' id='word_1_59' title='bbox 691 569 731 600; x_wconf 92' lang='lat' dir='ltr'><strong>et</strong></span> <span class='ocrx_word' id='word_1_60' title='bbox 756 562 858 600; x_wconf 91' lang='lat' dir='ltr'><strong>solus</strong></span> <span class='ocrx_word' id='word_1_61' title='bbox 878 561 991 600; x_wconf 90' lang='lat' dir='ltr'><strong>homo</strong></span> <span class='ocrx_word' id='word_1_62' title='bbox 1012 562 1094 600; x_wconf 91' lang='lat' dir='ltr'><strong>sine</strong></span> <span class='ocrx_word' id='word_1_63' title='bbox 1115 567 1280 612; x_wconf 87' lang='lat' dir='ltr'><strong>peccato</strong></span> <span class='ocrx_word' id='word_1_64' title='bbox 1296 559 1484 607; x_wconf 83' lang='lat' dir='ltr'><strong>Christus,</strong></span> 
     </span>
     <span class='ocr_line' id='line_1_8' title="bbox 150 617 1483 674; baseline -0.003 -14"><span class='ocrx_word' id='word_1_65' title='bbox 150 623 237 674; x_wconf 89' lang='lat' dir='ltr'><strong>quia</strong></span> <span class='ocrx_word' id='word_1_66' title='bbox 257 628 297 659; x_wconf 87' lang='lat' dir='ltr'><strong>et</strong></span> <span class='ocrx_word' id='word_1_67' title='bbox 317 619 411 659; x_wconf 87' lang='lat' dir='ltr'><strong>deus</strong></span> <span class='ocrx_word' id='word_1_68' title='bbox 427 620 612 658; x_wconf 88' lang='lat' dir='ltr'><strong>Christus.</strong></span> <span class='ocrx_word' id='word_1_69' title='bbox 653 617 718 658; x_wconf 89' lang='lat' dir='ltr'><strong>Sic</strong></span> <span class='ocrx_word' id='word_1_70' title='bbox 741 626 780 658; x_wconf 89' lang='lat' dir='ltr'><strong>et</strong></span> <span class='ocrx_word' id='word_1_71' title='bbox 801 618 978 658; x_wconf 88' lang='lat' dir='ltr'><strong>divinitas</strong></span> <span class='ocrx_word' id='word_1_72' title='bbox 1004 619 1153 658; x_wconf 86' lang='lat' dir='ltr'><strong>animae</strong></span> <span class='ocrx_word' id='word_1_73' title='bbox 1175 619 1212 657; x_wconf 91' lang='lat' dir='ltr'><strong>in</strong></span> <span class='ocrx_word' id='word_1_74' title='bbox 1231 617 1483 671; x_wconf 79' lang='lat' dir='ltr'><strong>praesagia2)</strong></span> 
     </span>
     <span class='ocr_line' id='line_1_9' title="bbox 151 674 1485 730; baseline -0.003 -13"><span class='ocrx_word' id='word_1_75' title='bbox 151 679 315 730; x_wconf 79' lang='lat' dir='ltr'><strong>erumpit</strong></span> <span class='ocrx_word' id='word_1_76' title='bbox 341 691 388 716; x_wconf 82' lang='lat' dir='ltr'><strong>ex</strong></span> <span class='ocrx_word' id='word_1_77' title='bbox 414 678 516 717; x_wconf 90' lang='lat' dir='ltr'><strong>bono</strong></span> <span class='ocrx_word' id='word_1_78' title='bbox 543 678 694 729; x_wconf 85' lang='lat' dir='ltr'><strong>priore,</strong></span> <span class='ocrx_word' id='word_1_79' title='bbox 727 684 767 716; x_wconf 83' lang='lat' dir='ltr'><strong>et.</strong></span> <span class='ocrx_word' id='word_1_80' title='bbox 799 677 1041 716; x_wconf 87' lang='lat' dir='ltr'><strong>conscientia</strong></span> <span class='ocrx_word' id='word_1_81' title='bbox 1072 674 1136 715; x_wconf 83' lang='lat' dir='ltr'><strong>dei</strong></span> <span class='ocrx_word' id='word_1_82' title='bbox 1161 677 1200 714; x_wconf 91' lang='lat' dir='ltr'><strong>in</strong></span> <span class='ocrx_word' id='word_1_83' title='bbox 1225 675 1485 715; x_wconf 85' lang='lat' dir='ltr'><strong>testimonium</strong></span> 
     </span>
     <span class='ocr_line' id='line_1_10' title="bbox 150 731 1486 789; baseline -0.002 -15"><span class='ocrx_word' id='word_1_84' title='bbox 150 735 297 789; x_wconf 80' lang='lat' dir='ltr'><strong>prodit:</strong></span> <span class='ocrx_word' id='word_1_85' title='bbox 326 734 420 774; x_wconf 89' lang='lat' dir='ltr'><strong>deus</strong></span> <span class='ocrx_word' id='word_1_86' title='bbox 444 735 568 773; x_wconf 85' lang='lat' dir='ltr'><strong>bonus</strong></span> <span class='ocrx_word' id='word_1_87' title='bbox 594 742 665 781; x_wconf 89' lang='lat' dir='ltr'><strong>est,</strong></span> <span class='ocrx_word' id='word_1_88' title='bbox 693 733 789 774; x_wconf 91' lang='lat' dir='ltr'><strong>deus</strong></span> <span class='ocrx_word' id='word_1_89' title='bbox 808 733 926 782; x_wconf 89' lang='lat' dir='ltr'><strong>videt,</strong></span> <span class='ocrx_word' id='word_1_90' title='bbox 954 741 994 774; x_wconf 89' lang='lat' dir='ltr'><strong>et</strong></span> <span class='ocrx_word' id='word_1_91' title='bbox 1013 732 1088 773; x_wconf 90' lang='lat' dir='ltr'><strong>deo</strong></span> <span class='ocrx_word' id='word_1_92' title='bbox 1110 731 1351 772; x_wconf 88' lang='lat' dir='ltr'><strong>commendo.</strong></span> <span class='ocrx_word' id='word_1_93' title='bbox 1389 731 1486 773; x_wconf 90' lang='lat' dir='ltr'><strong>Pro-</strong></span> 
     </span>
     <span class='ocr_line' id='line_1_11' title="bbox 149 790 1484 845; baseline -0.001 -15"><span class='ocrx_word' id='word_1_94' title='bbox 149 801 286 845; x_wconf 84' lang='lat' dir='ltr'><strong>pterea</strong></span> <span class='ocrx_word' id='word_1_95' title='bbox 305 793 406 830; x_wconf 90' lang='lat' dir='ltr'><strong>nulla</strong></span> <span class='ocrx_word' id='word_1_96' title='bbox 428 793 553 829; x_wconf 86' lang='lat' dir='ltr'><strong>anima</strong></span> <span class='ocrx_word' id='word_1_97' title='bbox 573 793 654 830; x_wconf 87' lang='lat' dir='ltr'><strong>sine</strong></span> <span class='ocrx_word' id='word_1_98' title='bbox 677 792 850 839; x_wconf 89' lang='lat' dir='ltr'><strong>crimine,</strong></span> <span class='ocrx_word' id='word_1_99' title='bbox 878 792 965 843; x_wconf 90' lang='lat' dir='ltr'><strong>quia</strong></span> <span class='ocrx_word' id='word_1_100' title='bbox 986 791 1089 830; x_wconf 88' lang='lat' dir='ltr'><strong>nulla</strong></span> <span class='ocrx_word' id='word_1_101' title='bbox 1109 792 1192 830; x_wconf 90' lang='lat' dir='ltr'><strong>siue</strong></span> <span class='ocrx_word' id='word_1_102' title='bbox 1211 790 1304 830; x_wconf 87' lang='lat' dir='ltr'><strong>boni</strong></span> <span class='ocrx_word' id='word_1_103' title='bbox 1323 790 1484 830; x_wconf 80' lang='lat' dir='ltr'><strong>semine.</strong></span> 
     </span>
     <span class='ocr_line' id='line_1_12' title="bbox 150 845 1487 900; baseline -0.001 -12"><span class='ocrx_word' id='word_1_104' title='bbox 150 848 318 888; x_wconf 87' lang='lat' dir='ltr'><strong>Proinde</strong></span> <span class='ocrx_word' id='word_1_105' title='bbox 358 862 441 886; x_wconf 90' lang='lat' dir='ltr'><strong>cum</strong></span> <span class='ocrx_word' id='word_1_106' title='bbox 474 847 523 886; x_wconf 86' lang='lat' dir='ltr'><strong>ad</strong></span> <span class='ocrx_word' id='word_1_107' title='bbox 561 847 674 886; x_wconf 87' lang='lat' dir='ltr'><strong>fidem</strong></span> <span class='ocrx_word' id='word_1_108' title='bbox 710 849 887 899; x_wconf 90' lang='lat' dir='ltr'><strong>pervenit</strong></span> <span class='ocrx_word' id='word_1_109' title='bbox 923 849 1135 887; x_wconf 80' lang='lat' dir='ltr'><strong>reformata</strong></span> <span class='ocrx_word' id='word_1_110' title='bbox 1170 861 1242 900; x_wconf 92' lang='lat' dir='ltr'><strong>per</strong></span> <span class='ocrx_word' id='word_1_111' title='bbox 1278 845 1487 890; x_wconf 80' lang='lat' dir='ltr'><strong>secundam</strong></span> 
     </span>
     <span class='ocr_line' id='line_1_13' title="bbox 151 903 1488 957; baseline -0.003 -12"><span class='ocrx_word' id='word_1_112' title='bbox 151 906 388 945; x_wconf 77' lang='lat' dir='ltr'><strong>nativitatem</strong></span> <span class='ocrx_word' id='word_1_113' title='bbox 410 917 459 943; x_wconf 82' lang='lat' dir='ltr'><strong>ex</strong></span> <span class='ocrx_word' id='word_1_114' title='bbox 478 917 576 956; x_wconf 87' lang='lat' dir='ltr'><strong>aqua</strong></span> <span class='ocrx_word' id='word_1_115' title='bbox 597 911 636 942; x_wconf 90' lang='lat' dir='ltr'><strong>et</strong></span> <span class='ocrx_word' id='word_1_116' title='bbox 656 916 821 955; x_wconf 85' lang='lat' dir='ltr'><strong>superna</strong></span> <span class='ocrx_word' id='word_1_117' title='bbox 840 905 994 952; x_wconf 88' lang='lat' dir='ltr'><strong>virtute,</strong></span> <span class='ocrx_word' id='word_1_118' title='bbox 1021 903 1200 942; x_wconf 90' lang='lat' dir='ltr'><strong>detracto</strong></span> <span class='ocrx_word' id='word_1_119' title='bbox 1228 903 1488 957; x_wconf 84' lang='lat' dir='ltr'><strong>corruptionis</strong></span> 
     </span>
     <span class='ocr_line' id='line_1_14' title="bbox 151 960 1490 1016; baseline -0.002 -14"><span class='ocrx_word' id='word_1_120' title='bbox 151 964 337 1016; x_wconf 86' lang='lat' dir='ltr'><strong>pristinae</strong></span> <span class='ocrx_word' id='word_1_121' title='bbox 369 962 526 1009; x_wconf 85' lang='lat' dir='ltr'><strong>aulaeo,</strong></span> <span class='ocrx_word' id='word_1_122' title='bbox 565 967 684 999; x_wconf 87' lang='lat' dir='ltr'><strong>totam</strong></span> <span class='ocrx_word' id='word_1_123' title='bbox 716 961 841 1000; x_wconf 91' lang='lat' dir='ltr'><strong>lucem</strong></span> <span class='ocrx_word' id='word_1_124' title='bbox 872 974 978 999; x_wconf 92' lang='lat' dir='ltr'><strong>suam</strong></span> <span class='ocrx_word' id='word_1_125' title='bbox 1010 961 1212 1013; x_wconf 85' lang='lat' dir='ltr'><strong>conspicit.</strong></span> <span class='ocrx_word' id='word_1_126' title='bbox 1285 960 1490 1013; x_wconf 82' lang='lat' dir='ltr'><strong>Excipitur</strong></span> 
     </span>
     <span class='ocr_line' id='line_1_15' title="bbox 152 1017 1489 1071; baseline -0.003 -12"><span class='ocrx_word' id='word_1_127' title='bbox 152 1022 268 1059; x_wconf 88' lang='lat' dir='ltr'><strong>etiam</strong></span> <span class='ocrx_word' id='word_1_128' title='bbox 294 1034 317 1058; x_wconf 89' lang='lat' dir='ltr'><strong>a</strong></span> <span class='ocrx_word' id='word_1_129' title='bbox 342 1020 478 1071; x_wconf 92' lang='lat' dir='ltr'><strong>spiritu</strong></span> <span class='ocrx_word' id='word_1_130' title='bbox 510 1025 664 1066; x_wconf 86' lang='lat' dir='ltr'><strong>sancto,</strong></span> <span class='ocrx_word' id='word_1_131' title='bbox 698 1019 797 1056; x_wconf 90' lang='lat' dir='ltr'><strong>sicut</strong></span> <span class='ocrx_word' id='word_1_132' title='bbox 822 1019 860 1056; x_wconf 90' lang='lat' dir='ltr'><strong>in</strong></span> <span class='ocrx_word' id='word_1_133' title='bbox 885 1019 1045 1070; x_wconf 90' lang='lat' dir='ltr'><strong>pristina</strong></span> <span class='ocrx_word' id='word_1_134' title='bbox 1078 1018 1278 1057; x_wconf 87' lang='lat' dir='ltr'><strong>nativitate</strong></span> <span class='ocrx_word' id='word_1_135' title='bbox 1303 1031 1328 1056; x_wconf 83' lang='lat' dir='ltr'><strong>a</strong></span> <span class='ocrx_word' id='word_1_136' title='bbox 1352 1017 1489 1068; x_wconf 87' lang='lat' dir='ltr'><strong>spiritu</strong></span> 
     </span>
     <span class='ocr_line' id='line_1_16' title="bbox 151 1072 1488 1130; baseline -0.001 -14"><span class='ocrx_word' id='word_1_137' title='bbox 151 1078 330 1130; x_wconf 86' lang='lat' dir='ltr'><strong>profano.</strong></span> <span class='ocrx_word' id='word_1_138' title='bbox 370 1075 554 1128; x_wconf 87' lang='lat' dir='ltr'><strong>Sequitur</strong></span> <span class='ocrx_word' id='word_1_139' title='bbox 578 1076 740 1114; x_wconf 89' lang='lat' dir='ltr'><strong>animam</strong></span> <span class='ocrx_word' id='word_1_140' title='bbox 766 1075 971 1115; x_wconf 88' lang='lat' dir='ltr'><strong>nubentem</strong></span> <span class='ocrx_word' id='word_1_141' title='bbox 991 1075 1141 1126; x_wconf 89' lang='lat' dir='ltr'><strong>spiritui</strong></span> <span class='ocrx_word' id='word_1_142' title='bbox 1163 1087 1269 1122; x_wconf 87' lang='lat' dir='ltr'><strong>caro,</strong></span> <span class='ocrx_word' id='word_1_143' title='bbox 1295 1081 1338 1113; x_wconf 91' lang='lat' dir='ltr'><strong>ut</strong></span> <span class='ocrx_word' id='word_1_144' title='bbox 1357 1072 1488 1114; x_wconf 79' lang='lat' dir='ltr'><strong>dotale</strong></span> 
     </span>
     <span class='ocr_line' id='line_1_17' title="bbox 150 1129 1488 1186; baseline -0.002 -13"><span class='ocrx_word' id='word_1_145' title='bbox 150 1135 401 1186; x_wconf 82' lang='lat' dir='ltr'><strong>mancipium,</strong></span> <span class='ocrx_word' id='word_1_146' title='bbox 440 1140 479 1171; x_wconf 92' lang='lat' dir='ltr'><strong>et</strong></span> <span class='ocrx_word' id='word_1_147' title='bbox 510 1133 583 1172; x_wconf 86' lang='lat' dir='ltr'><strong>iam</strong></span> <span class='ocrx_word' id='word_1_148' title='bbox 620 1146 697 1171; x_wconf 90' lang='lat' dir='ltr'><strong>non</strong></span> <span class='ocrx_word' id='word_1_149' title='bbox 734 1133 884 1171; x_wconf 88' lang='lat' dir='ltr'><strong>animae</strong></span> <span class='ocrx_word' id='word_1_150' title='bbox 922 1132 1082 1179; x_wconf 80' lang='lat' dir='ltr'><strong>famula,</strong></span> <span class='ocrx_word' id='word_1_151' title='bbox 1120 1130 1189 1172; x_wconf 88' lang='lat' dir='ltr'><strong>sed</strong></span> <span class='ocrx_word' id='word_1_152' title='bbox 1226 1132 1396 1185; x_wconf 77' lang='lat' dir='ltr'><strong>spiritus.</strong></span> <span class='ocrx_word' id='word_1_153' title='bbox 1457 1129 1488 1170; x_wconf 86' lang='grc'>0</span> 
     </span>
     <span class='ocr_line' id='line_1_18' title="bbox 150 1188 1236 1237; baseline -0.003 -6"><span class='ocrx_word' id='word_1_154' title='bbox 150 1192 305 1231; x_wconf 83' lang='lat' dir='ltr'><strong>beatum</strong></span> <span class='ocrx_word' id='word_1_155' title='bbox 332 1189 578 1237; x_wconf 84' lang='lat' dir='ltr'><strong>connubium,</strong></span> <span class='ocrx_word' id='word_1_156' title='bbox 608 1191 639 1228; x_wconf 90' lang='lat' dir='ltr'><strong>si</strong></span> <span class='ocrx_word' id='word_1_157' title='bbox 665 1203 742 1228; x_wconf 89' lang='lat' dir='ltr'><strong>non</strong></span> <span class='ocrx_word' id='word_1_158' title='bbox 768 1189 968 1230; x_wconf 86' lang='lat' dir='ltr'><strong>admiserit</strong></span> <span class='ocrx_word' id='word_1_159' title='bbox 992 1188 1236 1229; x_wconf 88' lang='lat' dir='ltr'><strong>adulterium.</strong></span> 
     </span>
    </p>

    <p class='ocr_par' dir='ltr' id='par_1_3' title="bbox 152 1247 1542 2273">
     <span class='ocr_line' id='line_1_19' title="bbox 270 1247 1489 1300; baseline 0 -14"><span class='ocrx_word' id='word_1_160' title='bbox 270 1249 386 1297; x_wconf 81' lang='lat'><strong>42.³)</strong></span> <span class='ocrx_word' id='word_1_161' title='bbox 449 1247 507 1287; x_wconf 92' lang='lat' dir='ltr'><strong>De</strong></span> <span class='ocrx_word' id='word_1_162' title='bbox 534 1254 657 1286; x_wconf 88' lang='lat' dir='ltr'><strong>morte</strong></span> <span class='ocrx_word' id='word_1_163' title='bbox 683 1249 757 1287; x_wconf 89' lang='lat' dir='ltr'><strong>iam</strong></span> <span class='ocrx_word' id='word_1_164' title='bbox 785 1255 973 1300; x_wconf 82' lang='lat' dir='ltr'><strong>superest,</strong></span> <span class='ocrx_word' id='word_1_165' title='bbox 1000 1254 1041 1286; x_wconf 90' lang='lat' dir='ltr'><strong>ut</strong></span> <span class='ocrx_word' id='word_1_166' title='bbox 1065 1247 1146 1286; x_wconf 90' lang='lat' dir='ltr'><strong>illic</strong></span> <span class='ocrx_word' id='word_1_167' title='bbox 1172 1247 1333 1287; x_wconf 86' lang='lat' dir='ltr'><strong>materia</strong></span> <span class='ocrx_word' id='word_1_168' title='bbox 1358 1252 1489 1299; x_wconf 83' lang='lat' dir='ltr'><strong>ponat,</strong></span> 
     </span>
     <span class='ocr_line' id='line_1_20' title="bbox 152 1303 1491 1358; baseline -0.002 -13"><span class='ocrx_word' id='word_1_169' title='bbox 152 1306 217 1345; x_wconf 92' lang='lat' dir='ltr'><strong>ubi</strong></span> <span class='ocrx_word' id='word_1_170' title='bbox 250 1307 334 1358; x_wconf 86' lang='lat' dir='ltr'><strong>ipsa</strong></span> <span class='ocrx_word' id='word_1_171' title='bbox 364 1306 490 1344; x_wconf 88' lang='lat' dir='ltr'><strong>anima</strong></span> <span class='ocrx_word' id='word_1_172' title='bbox 522 1312 778 1354; x_wconf 86' lang='lat' dir='ltr'><strong>consummat;</strong></span> <span class='ocrx_word' id='word_1_173' title='bbox 818 1318 1041 1357; x_wconf 81' lang='lat' dir='ltr'><strong>quamquam</strong></span> <span class='ocrx_word' id='word_1_174' title='bbox 1067 1303 1257 1357; x_wconf 88' lang='lat' dir='ltr'><strong>Epicurus</strong></span> <span class='ocrx_word' id='word_1_175' title='bbox 1269 1306 1307 1353; x_wconf 80' lang='lat'><strong>⁴)</strong></span> <span class='ocrx_word' id='word_1_176' title='bbox 1340 1303 1491 1355; x_wconf 83' lang='lat' dir='ltr'><strong>vulgari</strong></span> 
     </span>
     <span class='ocr_line' id='line_1_21' title="bbox 155 1359 1542 1415; baseline -0.001 -14"><span class='ocrx_word' id='word_1_177' title='bbox 155 1364 247 1401; x_wconf 86' lang='lat' dir='ltr'><strong>satis</strong></span> <span class='ocrx_word' id='word_1_178' title='bbox 274 1363 456 1415; x_wconf 90' lang='lat' dir='ltr'><strong>opinione</strong></span> <span class='ocrx_word' id='word_1_179' title='bbox 482 1364 636 1414; x_wconf 86' lang='lat' dir='ltr'><strong>negarit</strong></span> <span class='ocrx_word' id='word_1_180' title='bbox 661 1370 821 1401; x_wconf 88' lang='lat' dir='ltr'><strong>mortem</strong></span> <span class='ocrx_word' id='word_1_181' title='bbox 843 1362 892 1401; x_wconf 88' lang='lat' dir='ltr'><strong>ad</strong></span> <span class='ocrx_word' id='word_1_182' title='bbox 913 1376 982 1402; x_wconf 91' lang='lat' dir='ltr'><strong>nos</strong></span> <span class='ocrx_word' id='word_1_183' title='bbox 1007 1363 1217 1415; x_wconf 83' lang='lat' dir='ltr'><strong>pertinere.</strong></span> <span class='ocrx_word' id='word_1_184' title='bbox 1258 1360 1370 1411; x_wconf 79' lang='lat' dir='ltr'><strong>Quod</strong></span> <span class='ocrx_word' id='word_1_185' title='bbox 1389 1362 1490 1401; x_wconf 84' lang='lat' dir='ltr'><strong>enim</strong></span> <span class='ocrx_word' id='word_1_186' title='bbox 1539 1359 1542 1360; x_wconf 45' lang='lat'><em>⁷</em></span> 
     </span>
     <span class='ocr_line' id='line_1_22' title="bbox 156 1418 1492 1472; baseline 0.001 -14"><span class='ocrx_word' id='word_1_187' title='bbox 156 1420 394 1465; x_wconf 79' lang='lat' dir='ltr'><strong>dissolvitur,</strong></span> <span class='ocrx_word' id='word_1_188' title='bbox 428 1421 567 1471; x_wconf 91' lang='lat' dir='ltr'><strong>inquit,</strong></span> <span class='ocrx_word' id='word_1_189' title='bbox 601 1433 715 1458; x_wconf 90' lang='lat' dir='ltr'><strong>sensu</strong></span> <span class='ocrx_word' id='word_1_190' title='bbox 747 1427 873 1467; x_wconf 88' lang='lat' dir='ltr'><strong>caret,</strong></span> <span class='ocrx_word' id='word_1_191' title='bbox 907 1427 947 1458; x_wconf 90' lang='lat' dir='ltr'><strong>et</strong></span> <span class='ocrx_word' id='word_1_192' title='bbox 972 1419 1074 1472; x_wconf 89' lang='lat' dir='ltr'><strong>quod</strong></span> <span class='ocrx_word' id='word_1_193' title='bbox 1099 1433 1214 1460; x_wconf 92' lang='lat' dir='ltr'><strong>sensu</strong></span> <span class='ocrx_word' id='word_1_194' title='bbox 1240 1426 1366 1467; x_wconf 85' lang='lat' dir='ltr'><strong>earet,</strong></span> <span class='ocrx_word' id='word_1_195' title='bbox 1398 1418 1492 1460; x_wconf 83' lang='lat' dir='ltr'><strong>nihil</strong></span> 
     </span>
     <span class='ocr_line' id='line_1_23' title="bbox 155 1475 1492 1529; baseline 0 -14"><span class='ocrx_word' id='word_1_196' title='bbox 155 1476 204 1515; x_wconf 89' lang='lat' dir='ltr'><strong>ad</strong></span> <span class='ocrx_word' id='word_1_197' title='bbox 230 1489 311 1515; x_wconf 91' lang='lat' dir='ltr'><strong>nos.</strong></span> <span class='ocrx_word' id='word_1_198' title='bbox 373 1475 605 1514; x_wconf 88' lang='lat' dir='ltr'><strong>Dissolvitur</strong></span> <span class='ocrx_word' id='word_1_199' title='bbox 634 1483 760 1514; x_wconf 89' lang='lat' dir='ltr'><strong>autem</strong></span> <span class='ocrx_word' id='word_1_200' title='bbox 788 1484 827 1514; x_wconf 87' lang='lat' dir='ltr'><strong>et</strong></span> <span class='ocrx_word' id='word_1_201' title='bbox 852 1484 963 1516; x_wconf 88' lang='lat' dir='ltr'><strong>caret</strong></span> <span class='ocrx_word' id='word_1_202' title='bbox 987 1490 1120 1525; x_wconf 89' lang='lat' dir='ltr'><strong>sensu,</strong></span> <span class='ocrx_word' id='word_1_203' title='bbox 1153 1491 1230 1517; x_wconf 90' lang='lat' dir='ltr'><strong>non</strong></span> <span class='ocrx_word' id='word_1_204' title='bbox 1261 1478 1346 1529; x_wconf 83' lang='lat' dir='ltr'><strong>ipsa</strong></span> <span class='ocrx_word' id='word_1_205' title='bbox 1374 1489 1492 1524; x_wconf 79' lang='lat' dir='ltr'><strong>murs,</strong></span> 
     </span>
     <span class='ocr_line' id='line_1_24' title="bbox 156 1531 1492 1586; baseline 0.001 -15"><span class='ocrx_word' id='word_1_206' title='bbox 156 1531 226 1572; x_wconf 88' lang='lat' dir='ltr'><strong>sed</strong></span> <span class='ocrx_word' id='word_1_207' title='bbox 262 1533 397 1579; x_wconf 91' lang='lat' dir='ltr'><strong>homo,</strong></span> <span class='ocrx_word' id='word_1_208' title='bbox 437 1533 501 1583; x_wconf 91' lang='lat' dir='ltr'><strong>qui</strong></span> <span class='ocrx_word' id='word_1_209' title='bbox 537 1544 621 1571; x_wconf 91' lang='lat' dir='ltr'><strong>eam</strong></span> <span class='ocrx_word' id='word_1_210' title='bbox 657 1533 813 1583; x_wconf 88' lang='lat' dir='ltr'><strong>patitur.</strong></span> <span class='ocrx_word' id='word_1_211' title='bbox 886 1532 939 1571; x_wconf 91' lang='lat' dir='ltr'><strong>At</strong></span> <span class='ocrx_word' id='word_1_212' title='bbox 963 1534 1027 1572; x_wconf 90' lang='lat' dir='ltr'><strong>ille</strong></span> <span class='ocrx_word' id='word_1_213' title='bbox 1054 1536 1091 1573; x_wconf 91' lang='lat' dir='ltr'><strong>ei</strong></span> <span class='ocrx_word' id='word_1_214' title='bbox 1123 1534 1230 1574; x_wconf 86' lang='lat' dir='ltr'><strong>dedit</strong></span> <span class='ocrx_word' id='word_1_215' title='bbox 1258 1534 1492 1586; x_wconf 85' lang='lat' dir='ltr'><strong>passionem,</strong></span> 
     </span>
     <span class='ocr_line' id='line_1_25' title="bbox 159 1587 1494 1641; baseline 0.001 -13"><span class='ocrx_word' id='word_1_216' title='bbox 159 1590 266 1628; x_wconf 89' lang='lat' dir='ltr'><strong>cuius</strong></span> <span class='ocrx_word' id='word_1_217' title='bbox 298 1596 357 1628; x_wconf 88' lang='lat' dir='ltr'><strong>est</strong></span> <span class='ocrx_word' id='word_1_218' title='bbox 389 1589 507 1628; x_wconf 75' lang='lat' dir='ltr'><strong>actio·-</strong></span> <span class='ocrx_word' id='word_1_219' title='bbox 576 1587 720 1636; x_wconf 85' lang='lat' dir='ltr'><strong>Quodsi</strong></span> <span class='ocrx_word' id='word_1_220' title='bbox 750 1588 914 1627; x_wconf 91' lang='lat' dir='ltr'><strong>hominis</strong></span> <span class='ocrx_word' id='word_1_221' title='bbox 945 1597 1006 1628; x_wconf 88' lang='lat' dir='ltr'><strong>est</strong></span> <span class='ocrx_word' id='word_1_222' title='bbox 1035 1591 1115 1641; x_wconf 88' lang='lat' dir='ltr'><strong>pati</strong></span> <span class='ocrx_word' id='word_1_223' title='bbox 1140 1598 1303 1630; x_wconf 84' lang='lat' dir='ltr'><strong>mortem</strong></span> <span class='ocrx_word' id='word_1_224' title='bbox 1329 1590 1494 1631; x_wconf 85' lang='lat' dir='ltr'><strong>dissolu·</strong></span> 
     </span>
     <span class='ocr_line' id='line_1_26' title="bbox 156 1647 1494 1699; baseline 0 -14"><span class='ocrx_word' id='word_1_225' title='bbox 156 1647 294 1685; x_wconf 86' lang='lat' dir='ltr'><strong>tricem</strong></span> <span class='ocrx_word' id='word_1_226' title='bbox 322 1647 499 1698; x_wconf 87' lang='lat' dir='ltr'><strong>corporis</strong></span> <span class='ocrx_word' id='word_1_227' title='bbox 525 1652 565 1684; x_wconf 89' lang='lat' dir='ltr'><strong>et</strong></span> <span class='ocrx_word' id='word_1_228' title='bbox 588 1647 886 1698; x_wconf 86' lang='lat' dir='ltr'><strong>peremptricem</strong></span> <span class='ocrx_word' id='word_1_229' title='bbox 914 1659 1060 1694; x_wconf 91' lang='lat' dir='ltr'><strong>sensus,</strong></span> <span class='ocrx_word' id='word_1_230' title='bbox 1093 1660 1203 1699; x_wconf 88' lang='lat' dir='ltr'><strong>quam</strong></span> <span class='ocrx_word' id='word_1_231' title='bbox 1229 1648 1419 1699; x_wconf 85' lang='lat' dir='ltr'><strong>ineptum,</strong></span> <span class='ocrx_word' id='word_1_232' title='bbox 1451 1653 1494 1685; x_wconf 89' lang='lat' dir='ltr'><strong>ut</strong></span> 
     </span>
     <span class='ocr_line' id='line_1_27' title="bbox 156 1702 1494 1755; baseline 0.001 -13"><span class='ocrx_word' id='word_1_233' title='bbox 156 1711 265 1742; x_wconf 83' lang='lat' dir='ltr'><strong>tanta</strong></span> <span class='ocrx_word' id='word_1_234' title='bbox 282 1704 340 1742; x_wconf 90' lang='lat' dir='ltr'><strong>vis</strong></span> <span class='ocrx_word' id='word_1_235' title='bbox 359 1702 408 1742; x_wconf 87' lang='lat' dir='ltr'><strong>ad</strong></span> <span class='ocrx_word' id='word_1_236' title='bbox 429 1703 619 1742; x_wconf 90' lang='lat' dir='ltr'><strong>hominem</strong></span> <span class='ocrx_word' id='word_1_237' title='bbox 644 1716 722 1741; x_wconf 87' lang='lat' dir='ltr'><strong>non</strong></span> <span class='ocrx_word' id='word_1_238' title='bbox 746 1704 942 1755; x_wconf 85' lang='lat' dir='ltr'><strong>pertinere</strong></span> <span class='ocrx_word' id='word_1_239' title='bbox 969 1703 1134 1743; x_wconf 88' lang='lat' dir='ltr'><strong>dicatur.</strong></span> <span class='ocrx_word' id='word_1_240' title='bbox 1170 1704 1293 1743; x_wconf 89' lang='lat' dir='ltr'><strong>Multo</strong></span> <span class='ocrx_word' id='word_1_241' title='bbox 1320 1704 1494 1744; x_wconf 80' lang='lat' dir='ltr'><strong>coactius</strong></span> 
     </span>
     <span class='ocr_line' id='line_1_28' title="bbox 159 1758 1493 1813; baseline 0.001 -15"><span class='ocrx_word' id='word_1_242' title='bbox 159 1760 332 1799; x_wconf 81' lang='lat' dir='ltr'><strong>Seneca:</strong></span> <span class='ocrx_word' id='word_1_243' title='bbox 372 1767 460 1812; x_wconf 87' lang='lat' dir='ltr'><strong>post</strong></span> <span class='ocrx_word' id='word_1_244' title='bbox 484 1767 665 1807; x_wconf 90' lang='lat' dir='ltr'><strong>mortem,</strong></span> <span class='ocrx_word' id='word_1_245' title='bbox 698 1761 772 1808; x_wconf 88' lang='lat' dir='ltr'><strong>ait,</strong></span> <span class='ocrx_word' id='word_1_246' title='bbox 806 1758 933 1799; x_wconf 85' lang='lat' dir='ltr'><strong>omnia</strong></span> <span class='ocrx_word' id='word_1_247' title='bbox 964 1760 1163 1808; x_wconf 89' lang='lat' dir='ltr'><strong>finiuntur,</strong></span> <span class='ocrx_word' id='word_1_248' title='bbox 1197 1762 1313 1800; x_wconf 84' lang='lat' dir='ltr'><strong>etiam</strong></span> <span class='ocrx_word' id='word_1_249' title='bbox 1343 1761 1440 1813; x_wconf 81' lang='lat' dir='ltr'><strong>ipsa.</strong></span> <span class='ocrx_word' id='word_1_250' title='bbox 1454 1761 1493 1810; x_wconf 80' lang='lat'><strong>⁵)</strong></span> 
     </span>
     <span class='ocr_line' id='line_1_29' title="bbox 157 1817 1496 1871; baseline 0 -15"><span class='ocrx_word' id='word_1_251' title='bbox 157 1817 243 1856; x_wconf 88' lang='lat' dir='ltr'><strong>Hoc</strong></span> <span class='ocrx_word' id='word_1_252' title='bbox 265 1818 296 1856; x_wconf 91' lang='lat' dir='ltr'><strong>si</strong></span> <span class='ocrx_word' id='word_1_253' title='bbox 316 1819 370 1855; x_wconf 84' lang='lat' dir='ltr'><strong>ita</strong></span> <span class='ocrx_word' id='word_1_254' title='bbox 391 1824 462 1864; x_wconf 80' lang='lat' dir='ltr'><strong>est,</strong></span> <span class='ocrx_word' id='word_1_255' title='bbox 488 1818 561 1856; x_wconf 91' lang='lat' dir='ltr'><strong>iam</strong></span> <span class='ocrx_word' id='word_1_256' title='bbox 588 1824 628 1855; x_wconf 89' lang='lat' dir='ltr'><strong>et</strong></span> <span class='ocrx_word' id='word_1_257' title='bbox 652 1831 754 1856; x_wconf 91' lang='lat' dir='ltr'><strong>mors</strong></span> <span class='ocrx_word' id='word_1_258' title='bbox 779 1817 829 1856; x_wconf 88' lang='lat' dir='ltr'><strong>ad</strong></span> <span class='ocrx_word' id='word_1_259' title='bbox 854 1825 977 1857; x_wconf 90' lang='lat' dir='ltr'><strong>semet</strong></span> <span class='ocrx_word' id='word_1_260' title='bbox 1001 1818 1122 1870; x_wconf 91' lang='lat' dir='ltr'><strong>ipsam</strong></span> <span class='ocrx_word' id='word_1_261' title='bbox 1146 1818 1370 1871; x_wconf 83' lang='lat' dir='ltr'><strong>pertinebit,</strong></span> <span class='ocrx_word' id='word_1_262' title='bbox 1396 1818 1429 1857; x_wconf 90' lang='lat' dir='ltr'><strong>si</strong></span> <span class='ocrx_word' id='word_1_263' title='bbox 1454 1825 1496 1858; x_wconf 84' lang='lat' dir='ltr'><strong>et</strong></span> 
     </span>
     <span class='ocr_line' id='line_1_30' title="bbox 156 1872 1496 1928; baseline 0 -14"><span class='ocrx_word' id='word_1_264' title='bbox 156 1877 240 1928; x_wconf 86' lang='lat' dir='ltr'><strong>ipsa</strong></span> <span class='ocrx_word' id='word_1_265' title='bbox 278 1875 425 1923; x_wconf 81' lang='lat' dir='ltr'><strong>finitur3</strong></span> <span class='ocrx_word' id='word_1_266' title='bbox 464 1887 511 1913; x_wconf 92' lang='lat' dir='ltr'><strong>eo</strong></span> <span class='ocrx_word' id='word_1_267' title='bbox 549 1875 671 1926; x_wconf 84' lang='lat' dir='ltr'><strong>magis</strong></span> <span class='ocrx_word' id='word_1_268' title='bbox 707 1874 756 1914; x_wconf 87' lang='lat' dir='ltr'><strong>ad</strong></span> <span class='ocrx_word' id='word_1_269' title='bbox 793 1872 1003 1923; x_wconf 88' lang='lat' dir='ltr'><strong>hominem,</strong></span> <span class='ocrx_word' id='word_1_270' title='bbox 1041 1876 1080 1914; x_wconf 89' lang='lat' dir='ltr'><strong>in</strong></span> <span class='ocrx_word' id='word_1_271' title='bbox 1118 1889 1191 1928; x_wconf 89' lang='lat' dir='ltr'><strong>quo</strong></span> <span class='ocrx_word' id='word_1_272' title='bbox 1229 1877 1332 1915; x_wconf 90' lang='lat' dir='ltr'><strong>inter</strong></span> <span class='ocrx_word' id='word_1_273' title='bbox 1367 1876 1496 1914; x_wconf 84' lang='lat' dir='ltr'><strong>omnia</strong></span> 
     </span>
     <span class='ocr_line' id='line_1_31' title="bbox 160 1922 1495 1985; baseline 0.001 -15"><span class='ocrx_word' id='word_1_274' title='bbox 160 1922 333 1976; x_wconf 51' lang='lat' dir='ltr'><strong>finiendb‘</strong></span> <span class='ocrx_word' id='word_1_275' title='bbox 359 1939 400 1971; x_wconf 91' lang='lat' dir='ltr'><strong>et</strong></span> <span class='ocrx_word' id='word_1_276' title='bbox 429 1932 512 1984; x_wconf 87' lang='lat' dir='ltr'><strong>ipsa</strong></span> <span class='ocrx_word' id='word_1_277' title='bbox 544 1932 686 1974; x_wconf 69' lang='lat' dir='ltr'><strong>finitur.</strong></span> <span class='ocrx_word' id='word_1_278' title='bbox 757 1931 864 1972; x_wconf 91' lang='lat' dir='ltr'><strong>Mors</strong></span> <span class='ocrx_word' id='word_1_279' title='bbox 897 1933 990 1972; x_wconf 90' lang='lat' dir='ltr'><strong>nihil</strong></span> <span class='ocrx_word' id='word_1_280' title='bbox 1016 1932 1065 1972; x_wconf 89' lang='lat' dir='ltr'><strong>ad</strong></span> <span class='ocrx_word' id='word_1_281' title='bbox 1091 1947 1181 1980; x_wconf 89' lang='lat' dir='ltr'><strong>nos,</strong></span> <span class='ocrx_word' id='word_1_282' title='bbox 1218 1946 1314 1985; x_wconf 85' lang='lat' dir='ltr'><strong>ergo</strong></span> <span class='ocrx_word' id='word_1_283' title='bbox 1346 1939 1387 1973; x_wconf 82' lang='lat' dir='ltr'><strong>et</strong></span> <span class='ocrx_word' id='word_1_284' title='bbox 1414 1933 1495 1972; x_wconf 83' lang='lat' dir='ltr'><strong>vita</strong></span> 
     </span>
     <span class='ocr_line' id='line_1_32' title="bbox 161 1988 1493 2043; baseline 0.002 -16"><span class='ocrx_word' id='word_1_285' title='bbox 161 1989 256 2028; x_wconf 90' lang='lat' dir='ltr'><strong>nihil</strong></span> <span class='ocrx_word' id='word_1_286' title='bbox 281 1988 330 2028; x_wconf 88' lang='lat' dir='ltr'><strong>ad</strong></span> <span class='ocrx_word' id='word_1_287' title='bbox 355 2003 439 2028; x_wconf 90' lang='lat' dir='ltr'><strong>nos.</strong></span> <span class='ocrx_word' id='word_1_288' title='bbox 501 1988 543 2029; x_wconf 89' lang='lat' dir='ltr'><strong>Si</strong></span> <span class='ocrx_word' id='word_1_289' title='bbox 569 1991 669 2029; x_wconf 91' lang='lat' dir='ltr'><strong>enim</strong></span> <span class='ocrx_word' id='word_1_290' title='bbox 696 2003 770 2042; x_wconf 89' lang='lat' dir='ltr'><strong>quo</strong></span> <span class='ocrx_word' id='word_1_291' title='bbox 798 1989 1053 2038; x_wconf 90' lang='lat' dir='ltr'><strong>dissolvimur,</strong></span> <span class='ocrx_word' id='word_1_292' title='bbox 1083 1997 1244 2043; x_wconf 83' lang='lat' dir='ltr'><strong>praeter</strong></span> <span class='ocrx_word' id='word_1_293' title='bbox 1268 2004 1351 2038; x_wconf 88' lang='lat' dir='ltr'><strong>nos,</strong></span> <span class='ocrx_word' id='word_1_294' title='bbox 1378 1991 1493 2030; x_wconf 86' lang='lat' dir='ltr'><strong>etiam</strong></span> 
     </span>
     <span class='ocr_line' id='line_1_33' title="bbox 161 2045 1494 2101; baseline 0.002 -17"><span class='ocrx_word' id='word_1_295' title='bbox 161 2059 235 2098; x_wconf 89' lang='lat' dir='ltr'><strong>quo</strong></span> <span class='ocrx_word' id='word_1_296' title='bbox 263 2048 559 2099; x_wconf 85' lang='lat' dir='ltr'><strong>compingimur,</strong></span> <span class='ocrx_word' id='word_1_297' title='bbox 591 2054 702 2086; x_wconf 85' lang='lat' dir='ltr'><strong>extra</strong></span> <span class='ocrx_word' id='word_1_298' title='bbox 727 2061 813 2086; x_wconf 88' lang='lat' dir='ltr'><strong>nos.</strong></span> <span class='ocrx_word' id='word_1_299' title='bbox 878 2046 920 2087; x_wconf 91' lang='lat' dir='ltr'><strong>Si</strong></span> <span class='ocrx_word' id='word_1_300' title='bbox 946 2047 1140 2101; x_wconf 86' lang='lat' dir='ltr'><strong>ademptio</strong></span> <span class='ocrx_word' id='word_1_301' title='bbox 1166 2060 1299 2087; x_wconf 90' lang='lat' dir='ltr'><strong>sensus</strong></span> <span class='ocrx_word' id='word_1_302' title='bbox 1324 2047 1419 2087; x_wconf 83' lang='lat' dir='ltr'><strong>nihil</strong></span> <span class='ocrx_word' id='word_1_303' title='bbox 1444 2045 1494 2086; x_wconf 80' lang='lat' dir='ltr'><strong>ad</strong></span> 
     </span>
     <span class='ocr_line' id='line_1_34' title="bbox 160 2103 1493 2157; baseline 0.003 -16"><span class='ocrx_word' id='word_1_304' title='bbox 160 2116 249 2151; x_wconf 82' lang='lat' dir='ltr'><strong>noS‚</strong></span> <span class='ocrx_word' id='word_1_305' title='bbox 287 2117 359 2143; x_wconf 92' lang='lat' dir='ltr'><strong>nec</strong></span> <span class='ocrx_word' id='word_1_306' title='bbox 397 2104 553 2157; x_wconf 87' lang='lat' dir='ltr'><strong>adeptio</strong></span> <span class='ocrx_word' id='word_1_307' title='bbox 591 2117 725 2144; x_wconf 91' lang='lat' dir='ltr'><strong>sensus</strong></span> <span class='ocrx_word' id='word_1_308' title='bbox 762 2106 963 2157; x_wconf 86' lang='lat' dir='ltr'><strong>quicquam</strong></span> <span class='ocrx_word' id='word_1_309' title='bbox 989 2105 1036 2145; x_wconf 86' lang='lat' dir='ltr'><strong>ad</strong></span> <span class='ocrx_word' id='word_1_310' title='bbox 1062 2119 1145 2144; x_wconf 88' lang='lat' dir='ltr'><strong>nos.</strong></span> <span class='ocrx_word' id='word_1_311' title='bbox 1219 2103 1298 2145; x_wconf 85' lang='lat' dir='ltr'><strong>Sed</strong></span> <span class='ocrx_word' id='word_1_312' title='bbox 1329 2110 1493 2145; x_wconf 73' lang='lat' dir='ltr'><strong>mortem</strong></span> 
     </span>
     <span class='ocr_line' id='line_1_35' title="bbox 163 2161 1492 2215; baseline 0.002 -17"><span class='ocrx_word' id='word_1_313' title='bbox 163 2173 312 2213; x_wconf 88' lang='lat' dir='ltr'><strong>quoque</strong></span> <span class='ocrx_word' id='word_1_314' title='bbox 339 2162 545 2210; x_wconf 86' lang='lat' dir='ltr'><strong>interimat,</strong></span> <span class='ocrx_word' id='word_1_315' title='bbox 574 2163 636 2215; x_wconf 89' lang='lat' dir='ltr'><strong>qui</strong></span> <span class='ocrx_word' id='word_1_316' title='bbox 661 2170 701 2201; x_wconf 89' lang='lat' dir='ltr'><strong>et</strong></span> <span class='ocrx_word' id='word_1_317' title='bbox 724 2163 901 2202; x_wconf 85' lang='lat' dir='ltr'><strong>animam.</strong></span> <span class='ocrx_word' id='word_1_318' title='bbox 961 2161 999 2202; x_wconf 93' lang='lat' dir='ltr'>A</span> <span class='ocrx_word' id='word_1_319' title='bbox 1023 2162 1146 2210; x_wconf 86' lang='lat' dir='ltr'><strong>nobis,</strong></span> <span class='ocrx_word' id='word_1_320' title='bbox 1178 2169 1219 2201; x_wconf 88' lang='lat' dir='ltr'><strong>ut</strong></span> <span class='ocrx_word' id='word_1_321' title='bbox 1244 2161 1292 2201; x_wconf 91' lang='lat' dir='ltr'><strong>de</strong></span> <span class='ocrx_word' id='word_1_322' title='bbox 1317 2168 1492 2215; x_wconf 85' lang='lat' dir='ltr'><strong>postuma</strong></span> 
     </span>
     <span class='ocr_line' id='line_1_36' title="bbox 161 2217 1490 2273; baseline 0 -15"><span class='ocrx_word' id='word_1_323' title='bbox 161 2218 240 2258; x_wconf 87' lang='lat' dir='ltr'><strong>vita</strong></span> <span class='ocrx_word' id='word_1_324' title='bbox 259 2225 300 2257; x_wconf 90' lang='lat' dir='ltr'><strong>et</strong></span> <span class='ocrx_word' id='word_1_325' title='bbox 319 2217 366 2259; x_wconf 86' lang='lat' dir='ltr'><strong>de</strong></span> <span class='ocrx_word' id='word_1_326' title='bbox 387 2220 462 2259; x_wconf 86' lang='lat' dir='ltr'><strong>alia</strong></span> <span class='ocrx_word' id='word_1_327' title='bbox 479 2220 679 2273; x_wconf 84' lang='lat' dir='ltr'><strong>provincia</strong></span> <span class='ocrx_word' id='word_1_328' title='bbox 700 2221 863 2269; x_wconf 86' lang='lat' dir='ltr'><strong>animae,</strong></span> <span class='ocrx_word' id='word_1_329' title='bbox 877 2220 917 2271; x_wconf 80' lang='lat'><strong>⁶)</strong></span> <span class='ocrx_word' id='word_1_330' title='bbox 944 2221 998 2261; x_wconf 88' lang='lat' dir='ltr'><strong>ita</strong></span> <span class='ocrx_word' id='word_1_331' title='bbox 1023 2219 1071 2260; x_wconf 85' lang='lat' dir='ltr'><strong>de</strong></span> <span class='ocrx_word' id='word_1_332' title='bbox 1096 2227 1220 2260; x_wconf 87' lang='lat' dir='ltr'><strong>morte</strong></span> <span class='ocrx_word' id='word_1_333' title='bbox 1249 2219 1490 2266; x_wconf 79' lang='lat' dir='ltr'><strong>tractabitur,</strong></span> 
     </span>
    </p>
   </div>
   <div class='ocr_carea' id='block_1_3' title="bbox 163 2390 1490 2617">
    <p class='ocr_par' dir='ltr' id='par_1_4' title="bbox 163 2390 1490 2617">
     <span class='ocr_line' id='line_1_37' title="bbox 256 2390 1490 2434; baseline 0.003 -14"><span class='ocrx_word' id='word_1_334' title='bbox 256 2390 289 2430; x_wconf 86' lang='lat'><strong>1)</strong></span> <span class='ocrx_word' id='word_1_335' title='bbox 309 2392 546 2431; x_wconf 79' lang='lat' dir='ltr'><strong>Rig.etSeml.</strong></span> <span class='ocrx_word' id='word_1_336' title='bbox 569 2393 793 2425; x_wconf 77' lang='lat' dir='ltr'><strong>occultata</strong></span> <span class='ocrx_word' id='word_1_337' title='bbox 817 2394 924 2425; x_wconf 84' lang='lat' dir='ltr'><strong>luce.</strong></span> <span class='ocrx_word' id='word_1_338' title='bbox 1021 2391 1141 2434; x_wconf 83' lang='lat' dir='ltr'><strong>2)Rig.</strong></span> <span class='ocrx_word' id='word_1_339' title='bbox 1161 2394 1201 2424; x_wconf 90' lang='lat' dir='ltr'><strong>in</strong></span> <span class='ocrx_word' id='word_1_340' title='bbox 1229 2392 1490 2432; x_wconf 71' lang='lat' dir='ltr'><strong>praesentia·-</strong></span> 
     </span>
     <span class='ocr_line' id='line_1_38' title="bbox 165 2435 1489 2479; baseline 0.002 -14"><span class='ocrx_word' id='word_1_341' title='bbox 165 2435 201 2474; x_wconf 81' lang='lat'><strong>3)</strong></span> <span class='ocrx_word' id='word_1_342' title='bbox 215 2437 252 2465; x_wconf 90' lang='lat' dir='ltr'><strong>ln</strong></span> <span class='ocrx_word' id='word_1_343' title='bbox 266 2437 372 2467; x_wconf 84' lang='lat' dir='ltr'><strong>Rhen.</strong></span> <span class='ocrx_word' id='word_1_344' title='bbox 387 2440 421 2468; x_wconf 83' lang='lat' dir='ltr'><strong>et</strong></span> <span class='ocrx_word' id='word_1_345' title='bbox 434 2439 509 2472; x_wconf 82' lang='lat' dir='ltr'><strong>Gel.</strong></span> <span class='ocrx_word' id='word_1_346' title='bbox 524 2439 597 2470; x_wconf 87' lang='lat' dir='ltr'><strong>edd.</strong></span> <span class='ocrx_word' id='word_1_347' title='bbox 610 2439 676 2470; x_wconf 88' lang='lat' dir='ltr'><strong>hoc</strong></span> <span class='ocrx_word' id='word_1_348' title='bbox 691 2449 765 2479; x_wconf 81' lang='lat' dir='ltr'><strong>cap.</strong></span> <span class='ocrx_word' id='word_1_349' title='bbox 778 2440 993 2472; x_wconf 82' lang='lat' dir='ltr'><strong>inscribitur:</strong></span> <span class='ocrx_word' id='word_1_350' title='bbox 1019 2440 1048 2470; x_wconf 94' lang='lat' dir='ltr'>D</span> <span class='ocrx_word' id='word_1_351' title='bbox 1058 2449 1076 2470; x_wconf 86' lang='lat' dir='ltr'><strong>e</strong></span> <span class='ocrx_word' id='word_1_352' title='bbox 1101 2450 1134 2470; x_wconf 89' lang='lat' dir='ltr'><strong>m</strong></span> <span class='ocrx_word' id='word_1_353' title='bbox 1144 2441 1246 2470; x_wconf 82' lang='lat' dir='ltr'><strong>orte.</strong></span> <span class='ocrx_word' id='word_1_354' title='bbox 1339 2437 1377 2479; x_wconf 78' lang='lat'><strong>4)</strong></span> <span class='ocrx_word' id='word_1_355' title='bbox 1391 2437 1489 2478; x_wconf 80' lang='lat' dir='ltr'><strong>Diog-</strong></span> 
     </span>
     <span class='ocr_line' id='line_1_39' title="bbox 163 2481 1489 2527; baseline 0.002 -17"><span class='ocrx_word' id='word_1_356' title='bbox 163 2481 277 2513; x_wconf 78' lang='lat' dir='ltr'><strong>Laert.</strong></span> <span class='ocrx_word' id='word_1_357' title='bbox 300 2484 354 2523; x_wconf 91' lang='lat'><strong>10,</strong></span> <span class='ocrx_word' id='word_1_358' title='bbox 378 2485 443 2514; x_wconf 74' lang='lat'><strong>124</strong></span> <span class='ocrx_word' id='word_1_359' title='bbox 457 2494 529 2523; x_wconf 66' lang='lat' dir='ltr'><strong>sqq.</strong></span> <span class='ocrx_word' id='word_1_360' title='bbox 565 2485 667 2515; x_wconf 84' lang='lat' dir='ltr'><strong>Gellii</strong></span> <span class='ocrx_word' id='word_1_361' title='bbox 693 2486 793 2516; x_wconf 82' lang='lat' dir='ltr'><strong>Noct.</strong></span> <span class='ocrx_word' id='word_1_362' title='bbox 818 2487 888 2516; x_wconf 75' lang='lat' dir='ltr'><strong>Att.</strong></span> <span class='ocrx_word' id='word_1_363' title='bbox 913 2487 944 2527; x_wconf 82' lang='lat'><strong>2,</strong></span> <span class='ocrx_word' id='word_1_364' title='bbox 970 2488 1002 2518; x_wconf 91' lang='lat'><strong>8.</strong></span> <span class='ocrx_word' id='word_1_365' title='bbox 1097 2486 1133 2525; x_wconf 84' lang='lat'><strong>5)</strong></span> <span class='ocrx_word' id='word_1_366' title='bbox 1154 2486 1204 2517; x_wconf 82' lang='lat' dir='ltr'><strong>Cf.</strong></span> <span class='ocrx_word' id='word_1_367' title='bbox 1225 2485 1282 2516; x_wconf 87' lang='lat' dir='ltr'><strong>lib.</strong></span> <span class='ocrx_word' id='word_1_368' title='bbox 1303 2484 1344 2516; x_wconf 89' lang='lat' dir='ltr'><strong>de</strong></span> <span class='ocrx_word' id='word_1_369' title='bbox 1362 2492 1489 2515; x_wconf 67' lang='lat' dir='ltr'><strong>resurr.</strong></span> 
     </span>
     <span class='ocr_line' id='line_1_40' title="bbox 164 2527 1488 2574; baseline 0.004 -19"><span class='ocrx_word' id='word_1_370' title='bbox 164 2527 278 2557; x_wconf 75' lang='lat' dir='ltr'><strong>carni·</strong></span> <span class='ocrx_word' id='word_1_371' title='bbox 299 2537 327 2557; x_wconf 88' lang='lat' dir='ltr'><strong>c.</strong></span> <span class='ocrx_word' id='word_1_372' title='bbox 348 2530 379 2558; x_wconf 87' lang='lat'><strong>1.</strong></span> <span class='ocrx_word' id='word_1_373' title='bbox 474 2529 512 2574; x_wconf 79' lang='lat'><strong>6)</strong></span> <span class='ocrx_word' id='word_1_374' title='bbox 532 2531 590 2562; x_wconf 77' lang='lat' dir='ltr'><strong>Sic</strong></span> <span class='ocrx_word' id='word_1_375' title='bbox 610 2531 741 2561; x_wconf 88' lang='lat' dir='ltr'><strong>emend.</strong></span> <span class='ocrx_word' id='word_1_376' title='bbox 762 2531 836 2571; x_wconf 83' lang='lat' dir='ltr'><strong>Rig.</strong></span> <span class='ocrx_word' id='word_1_377' title='bbox 857 2541 944 2570; x_wconf 75' lang='lat' dir='ltr'><strong>quae</strong></span> <span class='ocrx_word' id='word_1_378' title='bbox 964 2531 1094 2570; x_wconf 79' lang='lat' dir='ltr'><strong>scripta</strong></span> <span class='ocrx_word' id='word_1_379' title='bbox 1114 2533 1194 2562; x_wconf 79' lang='lat' dir='ltr'><strong>sunt</strong></span> <span class='ocrx_word' id='word_1_380' title='bbox 1214 2531 1249 2561; x_wconf 87' lang='lat' dir='ltr'><strong>in</strong></span> <span class='ocrx_word' id='word_1_381' title='bbox 1271 2530 1345 2563; x_wconf 83' lang='lat' dir='ltr'><strong>cod.</strong></span> <span class='ocrx_word' id='word_1_382' title='bbox 1365 2530 1488 2569; x_wconf 59' lang='lat' dir='ltr'><strong>Agunt</strong></span> 
     </span>
     <span class='ocr_line' id='line_1_41' title="bbox 164 2572 1490 2617; baseline 0.004 -16"><span class='ocrx_word' id='word_1_383' title='bbox 164 2572 301 2609; x_wconf 88' lang='lat' dir='ltr'><strong>quiet</strong></span> <span class='ocrx_word' id='word_1_384' title='bbox 326 2574 513 2607; x_wconf 73' lang='lat' dir='ltr'><strong>animam.</strong></span> <span class='ocrx_word' id='word_1_385' title='bbox 560 2579 588 2608; x_wconf 83' lang='grc' dir='ltr'>Α</span> <span class='ocrx_word' id='word_1_386' title='bbox 613 2576 752 2617; x_wconf 81' lang='lat' dir='ltr'><strong>nobis,</strong></span> <span class='ocrx_word' id='word_1_387' title='bbox 789 2579 832 2608; x_wconf 84' lang='lat' dir='ltr'><strong>ut</strong></span> <span class='ocrx_word' id='word_1_388' title='bbox 858 2577 1098 2617; x_wconf 69' lang='lat' dir='ltr'><strong>depositum</strong></span> <span class='ocrx_word' id='word_1_389' title='bbox 1123 2577 1240 2608; x_wconf 77' lang='lat' dir='ltr'><strong>avita</strong></span> <span class='ocrx_word' id='word_1_390' title='bbox 1266 2578 1304 2607; x_wconf 85' lang='lat' dir='ltr'><strong>et</strong></span> <span class='ocrx_word' id='word_1_391' title='bbox 1331 2575 1377 2607; x_wconf 84' lang='lat' dir='ltr'><strong>de</strong></span> <span class='ocrx_word' id='word_1_392' title='bbox 1402 2573 1490 2606; x_wconf 75' lang='lat' dir='ltr'><strong>alia</strong></span> 
     </span>
    </p>
   </div>
  </div>
 </body>
</html>
