1604 2800
154 182 260 219 130
385 180 456 210 DE
495 176 1008 210 RESURRECTIONE
1042 176 1268 208 CARNts.

156 275 342 317 rectionis
367 273 581 319 mentione,
609 271 716 310 salva
741 270 915 317 animali,
942 283 1052 322 quam
1078 277 1118 310 et
1143 270 1263 322 ipsam
1289 270 1400 322 pauci
1426 282 1490 310 re-

158 338 362 386 ceperunt,

272 393 341 431 34,
367 388 406 427 in
430 388 562 442 primis
588 400 672 426 cum
705 385 755 425 ad
786 386 862 426 hoc
893 387 1044 425 venisse
1076 398 1119 425 se
1150 384 1264 433 dicit,
1303 385 1359 424 uti
1390 383 1493 437 quod

157 448 275 502 periit
304 447 448 487 salvum
479 446 664 496 faciat.ยน)
727 443 828 493 Quid
853 443 951 484 dicis
977 444 1152 497 perisse?
1188 443 1380 483 hominem
1410 443 1494 482 sine

159 506 288 545 dubio.
331 505 519 544 Totumne
540 517 588 542 an
614 516 664 543 ex
683 505 819 555 parte?
843 503 973 555 utique
994 509 1135 550 totum3
1162 500 1350 554 siquidem
1371 508 1497 540 trans-

160 564 330 617 gressio,
369 575 466 615 quae
493 560 724 615 perditionis
749 561 937 600 humanae
965 574 1101 600 caussa
1126 566 1203 607 est,
1243 565 1321 598 tam
1346 558 1495 598 animae

159 623 342 661 instinctu
367 634 418 660 ex
443 620 779 673 concupiscentia,
819 632 931 671 quam
962 626 1002 658 et
1034 619 1162 657 cornis
1187 624 1276 656 actu
1301 629 1352 656 ex
1375 615 1497 668 degn--

160 680 327 718 statione
367 679 589 725 commissa,
627 684 750 716 totum
781 677 974 716 hominem
1007 676 1139 728 elogio
1176 674 1498 727 transgressionis

160 737 377 788 inscripsit,
404 742 518 787 atque
545 734 686 774 exinde
713 736 851 774 merito
878 733 1108 787 perditionis
1134 733 1319 786 implevit.
1379 732 1500 772 Totus

161 795 291 845 itaque
324 793 449 831 salvus
481 792 567 839 flet,
606 793 669 843 qui
707 793 809 844 perit
846 799 948 830 totus
986 790 1264 844 delinquendo,
1304 790 1375 829 nisi
1403 790 1436 829 si
1461 795 1502 829 et

164 852 246 890 ovis
277 850 344 889 illa
375 850 456 888 sine
490 862 656 901 corpore
690 850 895 895 amittitur,
934 855 974 887 et
1010 850 1092 887 sine
1131 861 1299 900 corpore
1338 859 1501 887 revoca-

164 916 238 948 tur.
300 906 398 945 Nam
436 908 468 945 si
507 919 599 945 caro
638 919 788 959 quoque
827 907 909 945 eius
940 919 1024 945 eum
1056 906 1202 952 anima,
1240 903 1344 957 quod
1381 902 1501 957 pecus

164 969 287 1004 totum
325 971 403 1011 est,
447 964 616 1003 humeris
653 964 745 1002 boni
782 964 949 1016 pastoris
986 962 1207 1010 advehitur,
1253 975 1304 1001 ex
1339 969 1502 1013 utraque

164 1024 295 1075 utique
328 1022 541 1061 substantia
577 1020 806 1059 restituendi
843 1021 1007 1059 hominis
1044 1020 1260 1071 exemplum
1292 1026 1364 1058 est.
1424 1017 1504 1058 Aut

166 1094 279 1133 quam
305 1079 500 1131 indignum
527 1077 622 1125 deo,
662 1076 857 1116 dimidium
890 1077 1084 1116 hominem
1117 1076 1300 1128 redigere
1331 1077 1372 1116 in
1403 1076 1504 1116 salu-

167 1139 270 1177 tem?
294 1149 418 1189 paene
444 1137 567 1175 minus
594 1136 740 1183 facere,
769 1149 853 1174 cum
879 1136 995 1174 etiam
1026 1134 1258 1174 secularium
1289 1134 1504 1187 principum

165 1196 280 1248 plena
305 1206 459 1246 semper
488 1192 728 1245 indulgentia
760 1192 989 1232 vindicetur.
1051 1192 1238 1231 Diabolus
1267 1190 1436 1244 validior
1466 1192 1504 1230 iu

166 1252 332 1292 hominis
357 1251 534 1290 iniuriam
559 1252 807 1302 intelligitur,
847 1258 968 1290 totum
1001 1263 1087 1290 eum
1120 1249 1287 1299 elidens3
1327 1248 1422 1289 deus
1447 1250 1505 1289 in-

168 1311 315 1349 firmior
345 1309 645 1355 renuntiabitur,
684 1322 760 1346 non
792 1315 911 1348 totum
945 1322 1030 1348 eum
1062 1309 1264 1348 relevans?
1321 1306 1441 1360 Atqui
1458 1314 1506 1361 (et

170 1367 366 1419 apostolus
393 1368 586 1417 suggerit,
626 1366 691 1404 ubi
715 1365 898 1405 delictum
924 1365 1197 1414 abundaverit,
1236 1366 1316 1405 illic
1341 1365 1506 1417 gratiam

171 1422 565 1475 superabundasse.2)
631 1422 832 1470 Quomodo
860 1423 1025 1476 denique
1051 1425 1178 1463 salvus
1198 1423 1416 1470 habebitur,
1443 1422 1507 1476 qui

171 1481 318 1533 poterit
343 1486 382 1518 et
407 1479 580 1531 perditus
607 1478 709 1518 dici?
735 1493 851 1518 carne
878 1481 1032 1519 scilicet
1057 1480 1240 1532 perdituS,
1266 1481 1394 1521 anima
1412 1493 1507 1525 vero

173 1539 317 1584 salvus,
357 1537 429 1575 nisi
461 1535 561 1589 quod
593 1537 668 1575 iam
700 1543 740 1576 et
764 1537 890 1575 anima
914 1538 952 1575 in
978 1536 1130 1589 perdito
1158 1539 1416 1578 constituatur
1439 1550 1509 1578 ne-

175 1608 284 1634 cesse
311 1600 382 1641 est,
411 1601 451 1632 ut
475 1594 580 1632 salva
605 1593 703 1633 effici
729 1595 868 1646 possit,
906 1593 945 1633 id
971 1596 1071 1633 enim
1097 1595 1240 1633 salvum
1266 1594 1365 1634 effici
1391 1607 1508 1647 opor-

173 1653 284 1700 tebit,
313 1650 413 1704 quod
438 1650 629 1703 perditum
655 1652 784 1690 fuerit.
822 1651 946 1691 Porro
972 1659 1100 1691 autem
1126 1652 1333 1704 recipimus
1357 1653 1508 1691 animae

174 1710 518 1756 immortalitatem,
558 1716 599 1748 ut
629 1708 782 1762 perdita
813 1723 889 1748 non
915 1711 953 1748 in
979 1710 1175 1748 interitum
1202 1708 1403 1756 credatur,
1441 1708 1510 1749 sed

175 1769 213 1806 in
240 1767 478 1819 supplicium,
505 1766 545 1805 id
570 1773 631 1806 est
654 1767 693 1805 in
719 1767 948 1819 gebennam.
1010 1766 1062 1806 Et
1085 1768 1118 1806 si
1142 1768 1195 1806 ita
1221 1774 1299 1815 est,
1331 1767 1407 1806 iam
1432 1779 1510 1806 non

176 1826 338 1864 animam
363 1824 555 1878 spectabit
579 1825 700 1872 salus,
739 1825 882 1864 salvam
914 1825 1066 1864 scilicet
1090 1838 1159 1864 sua
1184 1831 1321 1864 natura
1345 1837 1418 1878 per
1440 1825 1510 1864 im-

175 1883 469 1930 mortalitatem,
509 1881 578 1922 sed
604 1895 758 1922 carnem
785 1883 931 1935 potius,
960 1896 1070 1935 quam
1096 1883 1330 1922 interibilem
1357 1889 1511 1922 constat

178 1939 279 1992 apud
305 1953 450 1982 omnes.
508 1939 589 1979 Aut
613 1942 646 1979 si
676 1948 716 1979 et
746 1942 873 1980 anima
904 1940 1127 1987 interibilis,
1165 1939 1205 1979 id
1243 1947 1303 1979 est
1332 1953 1410 1979 non
1440 1940 1511 1979 im-

179 1997 371 2044 mortalis,
410 1996 511 2049 quod
544 2005 584 2036 et
616 2011 729 2045 caro,
766 1999 841 2038 iam
871 2005 912 2038 et
936 1999 1045 2038 carni
1069 1998 1194 2037 forma
1218 1998 1286 2037 illa
1310 2010 1362 2037 ex
1384 2010 1509 2050 aequo

179 2054 371 2107 perficere
410 2054 586 2102 debebit,
623 2055 786 2108 proinde
824 2057 976 2095 mortali
1014 2063 1054 2096 et
1089 2055 1294 2102 interibili,
1333 2055 1421 2107 quia
1455 2053 1508 2102 id,

182 2111 283 2164 quod
308 2113 428 2164 perit,
461 2113 604 2152 salvum
629 2114 800 2154 facturus
826 2122 886 2154 est
911 2113 1099 2153 dominus.
1160 2112 1264 2152 Nolo
1289 2125 1389 2152 nunc
1417 2125 1511 2152 con-

181 2171 351 2209 tentioso
376 2171 466 2209 fune
493 2169 708 2220 deducere,
741 2173 815 2212 hac
840 2186 889 2212 an
914 2173 1004 2211 illac
1030 2171 1220 2211 hominem
1246 2169 1415 2224 perditio
1442 2169 1511 2210 de-

181 2228 370 2280 postulet,
408 2227 496 2267 dum
526 2230 703 2282 utrinque
737 2244 822 2270 eum
853 2230 956 2270 salus
986 2229 1154 2269 destinet
1184 2229 1224 2268 in
1259 2227 1391 2268 ambas
1419 2227 1511 2267 sub-

183 2287 341 2325 stantias
366 2294 615 2339 peraequata.
676 2288 780 2328 Ecce
818 2289 918 2328 enim
956 2301 1006 2327 ex
1042 2299 1267 2340 quacunque
1297 2285 1512 2326 substantia

183 2344 374 2383 hominem
399 2346 547 2397 perisse
572 2347 892 2399 praesumpseris,
926 2359 976 2385 ex
1000 2346 1123 2385 altera
1148 2358 1224 2384 non
1249 2344 1362 2397 perit.
1424 2341 1510 2382 Sat-

183 2413 251 2439 vus
277 2414 371 2453 ergo
398 2404 473 2441 erit
503 2403 596 2450 iam,
624 2416 673 2442 ex
699 2417 771 2455 qua
797 2417 872 2443 non
898 2404 1018 2456 perit,
1051 2410 1092 2443 et
1116 2403 1241 2442 salvus
1266 2400 1509 2442 nihilominus

187 2458 263 2504 liet,
291 2471 340 2497 ex
365 2472 437 2511 qua
462 2461 574 2512 perit.
621 2459 747 2506 Habes
773 2463 890 2512 totius
915 2461 1077 2500 hominis
1102 2459 1397 2508 restitutionem,
1422 2455 1510 2497 dum

279 2585 315 2624 1)
341 2586 422 2616 Luc.
437 2587 491 2627 19,
506 2589 560 2618 10.
653 2588 691 2629 2)
717 2589 812 2620 Rom.
827 2590 858 2632 5,
872 2589 929 2622 20,
