1604 2800
514 198 586 228 DE
623 196 820 229 CARNE
854 197 1106 229 CHRISTI.
1408 199 1472 236 ,ὃ

144 305 233 331 vox.
293 290 406 330 Adeo
443 303 516 329 nec
553 291 739 329 humanae
777 290 990 328 honestatis
1028 303 1168 342 corpus
1199 291 1289 337 fuit,
1333 291 1471 331 nedum

145 349 328 389 coelestis
366 349 564 389 claritatis.
636 348 870 387 Tacentibus
901 346 1001 400 apud
1033 361 1104 386 nos
1128 361 1279 400 quoque
1304 349 1472 401 propbe-

145 409 193 446 tis
219 406 267 446 de
292 406 454 459 ignobili
479 413 638 459 aspectu
665 407 766 452 eius,
804 406 912 457 ipsae
944 406 1142 457 passiones
1167 406 1351 459 ipsaeque
1378 420 1472 446 con-

144 464 325 504 tumeliae
362 465 578 517 loquuntur.
640 463 843 502 Passiones
881 462 1031 515 quidem
1070 464 1270 503 humanam
1303 477 1470 511 carnem,

145 523 402 562 contumeliae
438 535 532 561 vero
564 521 804 561 inhonestam
836 521 1065 573 probavere.
1125 520 1187 560 An
1219 535 1332 561 ausus
1370 530 1475 561 esset

144 580 281 633 aliquis
306 593 432 632 ungue
465 588 609 618 summo
641 580 904 631 perstringere
937 592 1078 631 corpus
1108 592 1265 625 novum,
1304 577 1471 627 ullam2)

144 638 420 690 sputaminibus
441 638 704 676 contaminare
724 638 863 675 faciem
884 637 957 675 nisi
975 639 1213 676 merentem?
1256 636 1352 685 Quid
1376 636 1473 675 dicis

144 696 355 735 coelestem
382 708 550 742 carnem,
583 708 692 746 quam
719 694 818 733 unde
845 694 1055 733 coelestem
1075 694 1284 744 intelligas,
1309 708 1385 732 non
1405 694 1473 732 ha-

142 753 239 792 bes?
281 751 379 801 Quid
404 760 597 791 terrenam
624 765 757 802 negas,
785 765 894 803 quam
918 750 1021 789 unde
1047 758 1241 789 terrenam
1265 764 1472 801 agnoscas,

142 809 288 851 habes?
345 809 491 848 Esuriit
515 808 584 846 sub
611 807 780 854 diabolo,
807 808 902 846 sitiit
925 808 994 845 sub
1022 806 1269 854 Samaritide,
1297 808 1474 846 lacrima-

142 875 203 906 tus
221 873 283 906 est
301 879 418 919 super
437 866 638 912 Lazarum,
660 864 919 917 trepidavit2)
940 863 989 902 ad
1020 871 1198 911 mortem,
1221 869 1331 913 (caro
1358 866 1471 912 enim,

142 925 283 978 inquit,
314 924 509 976 infirma‚)
526 923 565 971 ³)
593 924 815 974 sanguinem
842 929 1038 974 postremo
1066 921 1176 960 fudit.
1239 922 1345 961 Haec
1371 930 1471 967 sunt,

143 983 300 1036 opinor,
327 983 437 1034 signa
463 981 664 1022 coelestia.
727 979 806 1019 Sed
839 979 1050 1031 quomodo,
1077 981 1249 1031 inquam,
1277 982 1472 1019 contemni

142 1046 184 1080 et
206 1041 286 1093 pati
311 1046 455 1092 posset,
482 1040 581 1077 sicut
606 1045 646 1077 et
671 1035 808 1085 dixi,⁴)
836 1038 868 1075 si
894 1036 982 1088 quid
1009 1038 1046 1075 in
1072 1037 1138 1075 illa
1163 1050 1280 1076 carne
1306 1036 1355 1076 de
1382 1050 1472 1076 coe-

142 1099 231 1138 lesti
256 1098 520 1148 generositate
547 1095 761 1134 radiasset?
819 1094 878 1132 Ex
904 1094 978 1132 boc
1004 1107 1100 1144 ergo
1120 1095 1388 1134 ,convincimus
1414 1096 1473 1132 ni-

143 1155 198 1194 bil
233 1156 273 1193 in
309 1155 376 1193 illa
411 1153 460 1192 de
493 1154 614 1192 coelis
640 1153 776 1199 fuisse,
809 1158 1016 1203 propterea
1044 1158 1085 1189 ut
1110 1152 1303 1190 contemni
1329 1158 1369 1190 et
1392 1152 1472 1203 pati

143 1218 288 1265 posset.

264 1272 329 1310 10.
375 1267 593 1306 Convertor
617 1266 666 1306 ad
691 1267 777 1305 illos
802 1279 924 1318 aeque
951 1266 1022 1304 sibi
1047 1264 1269 1318 prudentes,
1297 1267 1360 1317 qui
1387 1279 1472 1304 car-

144 1340 231 1366 nem
257 1326 401 1365 Christi
425 1326 626 1364 animalem
651 1324 856 1371 affirmant,
884 1323 984 1376 quod
1010 1325 1136 1362 anima
1162 1336 1254 1362 earo
1280 1324 1330 1361 sit
1354 1323 1472 1370 facta,

144 1397 243 1436 ergo
268 1391 309 1423 et
333 1396 427 1423 caro
453 1385 596 1430 anima,
634 1390 674 1421 et
705 1383 804 1420 sicut
836 1394 928 1420 earo
961 1381 1153 1428 animalis,
1192 1382 1246 1418 ita
1277 1387 1317 1418 et
1347 1380 1472 1418 anima

146 1442 324 1481 earnalis.
386 1440 437 1479 Et
466 1441 529 1479 hie
566 1441 695 1492 itaque
733 1452 889 1478 caussas
924 1440 1096 1490 requiro.
1158 1436 1201 1475 Si
1238 1444 1280 1476 ut
1310 1435 1472 1475 animam

143 1499 287 1539 salvam
323 1499 493 1545 faceret,
531 1498 570 1535 in
607 1504 730 1536 semet
766 1498 850 1549 ipso
881 1497 1052 1548 suscepit
1082 1496 1245 1534 animam
1283 1494 1471 1540 Christus,

144 1557 233 1610 quia
257 1556 363 1596 salva
386 1569 463 1595 non
488 1562 592 1595 esset
617 1556 688 1594 nisi
715 1567 786 1607 per
810 1556 950 1606 ipsum,
989 1553 1076 1592 dum
1102 1554 1141 1591 in
1166 1554 1270 1605 ipso:
1309 1565 1386 1590 non
1418 1553 1472 1590 vi-

143 1614 239 1661 deo,
278 1627 348 1654 cur
382 1627 466 1653 eam
499 1626 654 1652 earnem
685 1613 827 1651 fecerit
852 1612 1053 1650 animalem
1080 1609 1274 1649 induendo
1302 1622 1472 1656 carnem,

144 1673 252 1725 quasi
275 1673 391 1711 aliter
415 1672 576 1709 animam
603 1671 744 1708 salvam
768 1670 902 1707 faeere
927 1682 1003 1706 uon
1029 1675 1173 1719 posset,
1199 1667 1272 1705 nisi
1293 1680 1471 1705 carneam

142 1730 300 1768 factam.
363 1728 455 1766 Cum
494 1728 593 1766 enim
631 1734 784 1764 nostras
820 1727 965 1763 animas
996 1738 1071 1762 non
1102 1731 1246 1762 tantum
1278 1737 1355 1762 non
1387 1736 1472 1761 car-

146 1799 257 1832 neas,
291 1784 359 1824 sed
385 1786 498 1823 etiam
526 1797 547 1822 a
574 1796 690 1821 carne
717 1782 926 1820 disiunctas
951 1782 1076 1819 salvas
1101 1787 1291 1832 praestet,
1331 1786 1472 1831 quanto

146 1845 268 1895 magis
294 1843 415 1888 illam,
455 1854 564 1893 quam
590 1841 672 1891 ipse
699 1840 886 1890 suscepit,
919 1833 1033 1877 etiam
1060 1851 1134 1876 non
1162 1850 1342 1876 carneam
1367 1836 1471 1876 redi-

145 1913 240 1953 gere
265 1900 390 1953 potuit
415 1900 452 1937 in
485 1899 670 1936 salutem?
728 1896 823 1935 ltem
862 1909 945 1934 cum
977 1902 1242 1948 praesumant,
1277 1908 1354 1933 non
1385 1907 1471 1933 car-

145 1960 222 2006 nis,
261 1956 329 1996 sed
361 1958 510 1995 animae
542 1962 698 1993 nostrae
729 1954 846 1992 solius
879 1952 1102 1992 liberandae
1141 1965 1276 1991 caussa
1313 1965 1471 2004 proces·

145 2018 240 2055 sisse
267 2015 478 2060 Christum,
518 2014 640 2065 primo
673 2024 783 2064 quam
808 2010 1011 2050 absurdum
1038 2018 1116 2056 est,
1153 2017 1196 2048 ut
1219 2011 1380 2049 animam
1409 2022 1471 2047 so-

146 2074 221 2112 lam
246 2073 477 2112 liberaturus
510 2070 546 2108 id
579 2083 699 2121 genus
731 2070 906 2121 corporis
937 2082 1020 2107 eam
1059 2069 1217 2114 fecerit,
1257 2066 1358 2119 quod
1396 2080 1471 2105 non

147 2137 234 2169 erat
258 2130 516 2168 liberaturus?
551 2126 701 2166 Deinde
722 2128 752 2165 si
777 2128 922 2165 animas
947 2133 1099 2165 nostras
1123 2139 1194 2178 per
1218 2125 1333 2171 illam,
1361 2137 1470 2176 quam

145 2188 329 2239 gestavit,
357 2187 524 2225 liberare
552 2191 795 2236 susceperat,
826 2184 930 2223 illam
956 2196 1126 2236 quoque,
1154 2195 1264 2235 quam
1290 2182 1469 2233 gestavit,

146 2251 314 2283 nostram
341 2251 513 2295 gestasse
540 2242 745 2288 debuerat,
783 2240 821 2280 id
848 2249 924 2288 est,
962 2248 1118 2279 nostrae
1144 2241 1311 2285 formae,
1344 2238 1471 2276 cuius-

147 2315 295 2354 cunque
321 2302 469 2340 sormae
495 2307 555 2339 est
578 2301 616 2338 in
643 2299 796 2338 occulto
823 2299 946 2337 anima
967 2305 1112 2344 nostra,
1140 2310 1215 2335 non
1236 2303 1362 2334 tamen
1385 2307 1469 2333 car-

238 2462 276 2507 1)
302 2465 359 2496 Sic
374 2463 478 2494 Rhen.
492 2463 543 2494 ed.
557 2464 600 2501 1.,
627 2462 667 2492 in
689 2460 860 2501 margine:
883 2459 1013 2491 illam.
1054 2458 1173 2499 Rig.v.
1189 2457 1318 2488 «illam
1332 2455 1470 2487 delevit.

147 2510 186 2550 2)
198 2510 342 2542 Praeter
354 2511 427 2549 Rig.
443 2504 1213 2543 edd.omnes:lacrimatur—trepidat.
1285 2503 1322 2540 3)
1346 2501 1470 2533 Mattlx.

146 2557 203 2595 26,
227 2558 283 2587 41.
395 2557 432 2595 4)
459 2555 539 2587 Cod.
564 2556 687 2596 Agob.:
714 2553 792 2586 Sed
817 2551 1043 2591 quomodo,
1070 2549 1269 2590 inquitis,
1296 2550 1405 2580 cont.
1430 2551 1471 2578 et

147 2611 180 2640 p.
203 2611 257 2641 μ,
281 2611 308 2633 ι.
337 2603 377 2632 et
402 2602 526 2636 dixit.
