1566 2808
163 187 273 225 loo
414 186 538 219 Anv.
574 187 938 220 MARcmNEM
973 187 1151 218 mnan
1186 186 1243 219 tv.

166 281 313 328 Primo,
353 294 445 320 aure
478 280 642 319 audietis
673 287 714 320 et
743 294 818 318 non
853 280 1035 329 audietis;
1075 279 1235 327 dehine,
1275 277 1336 331 qui
1375 279 1491 319 habet

164 352 289 385 aures,
317 338 459 385 audiat,
487 352 562 376 non
583 339 683 378 enim
703 337 908 377 audiebant
934 339 1050 385 ultro,
1062 339 1165 400 qui
1157 349 1270 376 aures
1283 336 1489 384 habebant,

165 395 231 435 sed
260 395 491 435 ostendebat
516 409 629 435 aures
655 395 785 435 cordis
811 385 1077 443 necessarias,
1104 395 1239 448 quibus
1271 394 1358 433 illos
1384 394 1493 434 audi

165 461 273 492 turos
310 461 474 505 negarat
505 462 673 492 creator.
735 454 786 492 Et
815 453 904 493 ideo
930 467 1001 506 per
1027 454 1218 492 Christum
1245 451 1397 491 adiicit.
1435 454 1492 491 vi-

165 511 268 558 dete,
297 511 488 563 quomodo
515 511 730 562 audiatis1)
758 519 798 550 et
823 526 898 550 non
925 511 1106 558 audiatis,
1139 522 1215 549 non
1242 509 1362 550 eorde
1388 510 1493 549 scili÷

164 576 228 607 cet
253 569 473 617 audientes,
501 569 568 608 sed
595 582 701 608 aure.
754 569 795 608 Si
822 568 974 620 dignum
1006 582 1156 607 sensum
1187 568 1493 621 pronuntiationi

164 626 400 666 accomodes
436 641 506 679 pro
544 641 658 666 sensu
697 628 796 675 eius⁷
831 628 893 679 qui
926 626 1071 665 auditui
1109 626 1337 672 suscitabat,
1377 626 1491 664 etiam

164 683 352 722 dicendo:
379 685 521 731 videte,
549 684 740 737 quomodo
756 685 933 732 audiatis,
961 698 1037 723 non
1052 683 1238 723 audituris
1258 682 1492 731 minabatur3

165 754 256 779 sane
284 743 502 780 nominatur
527 744 743 781 mitissimus
770 742 886 790 deus,
932 743 1018 794 quia
1045 756 1117 781 nec
1148 741 1294 780 iudicat
1319 753 1390 779 nec
1416 742 1493 779 ira-

165 799 299 837 scitur.
363 799 446 838 Hoc
473 800 612 851 probat
637 801 750 839 eliam
777 801 981 838 subiacens
1007 813 1152 838 sensus.
1214 799 1260 836 Ei
1289 799 1349 850 qui
1376 797 1493 836 habet

165 855 337 903 dabitur,
371 856 417 895 ab
445 870 492 896 eo
520 865 644 896 autem
672 858 734 910 qui
761 871 835 895 non
863 857 982 895 habet
1007 858 1121 896 etiam
1150 855 1250 908 quod
1277 855 1422 893 habere
1449 867 1491 894 se

163 920 272 966 putat
297 915 497 953 auteretur
521 916 570 953 ei.
585 917 622 963 2)
687 915 783 962 Quid
810 915 987 953 dabitur?
1022 914 1224 952 Adiectio
1234 912 1322 951 fidei
1348 913 1409 951 vel
1435 913 1492 951 in-

164 972 352 1010 tellectus.
368 973 430 1011 vel
456 973 557 1011 salus
583 974 678 1024 ipsa.
743 972 841 1020 Quid
866 973 1089 1010 auferetur?
1126 970 1264 1022 Utique
1298 969 1397 1022 quod
1425 969 1492 1009 da-

163 1028 277 1067 bitur.
301 1036 306 1041 ·
327 1029 364 1068 Α
402 1043 475 1081 quo
514 1028 669 1067 dabitur
706 1036 746 1067 et
781 1031 1004 1068 auferetur?
1047 1028 1087 1067 Si
1119 1042 1140 1067 a
1172 1035 1352 1067 creatore
1384 1029 1471 1067 aul'e

163 1094 288 1133 retur,
343 1087 390 1124 ab
429 1100 476 1125 eo
516 1094 556 1125 et
593 1086 756 1125 dabitur.
821 1085 862 1125 Si
905 1100 926 1125 a
965 1086 1039 1126 deo
1076 1087 1290 1125 Marcionis
1326 1085 1486 1132 datitur,

163 1143 210 1181 ab
253 1156 301 1182 eo
345 1150 386 1182 et
427 1145 644 1193 auferetur3
701 1158 853 1197 quoquo
902 1152 1028 1183 tamen
1078 1146 1231 1183 nomine
1282 1144 1491 1182 commina-

164 1208 226 1239 tur
252 1200 504 1249 ablationem,
545 1216 620 1240 non
653 1203 730 1241 erit
760 1203 842 1241 eius
875 1202 956 1250 def,
996 1204 1059 1255 qui
1096 1203 1221 1241 nescit
1253 1202 1490 1248 comminari,

163 1260 352 1310 quianon
378 1260 484 1301 novit
508 1260 637 1298 irasci.
698 1260 823 1300 Miror
847 1268 992 1308 autem,
1032 1273 1117 1299 eum
1140 1261 1343 1299 lucernam
1376 1266 1493 1310 negat

162 1312 349 1355 abscondi
380 1318 580 1367 solere‚³)
621 1319 683 1370 qui
715 1331 757 1358 se
790 1325 895 1357 tanto
922 1319 1056 1357 seculo
1083 1315 1345 1359 absconderat
1370 1318 1490 1355 maius

161 1380 202 1411 et
233 1376 475 1413 necessarius
508 1376 651 1422 lumen,
692 1390 775 1414 eum
810 1378 935 1415 omnia
969 1375 1016 1415 de
1056 1376 1210 1415 occulto
1242 1375 1279 1413 iu
1317 1381 1489 1437 apertum

161 1432 414 1482 repromittit,
443 1433 505 1483 qui
532 1432 643 1471 deum
670 1447 775 1471 suum
802 1447 920 1485 usque
947 1433 1071 1472 adhuc
1100 1432 1319 1479 obumbrat,
1353 1444 1490 1484 exspo-

162 1495 288 1535 ctans,
317 1489 472 1540 opinor,
500 1491 606 1527 nasci
630 1490 882 1528 Marcionem.
943 1490 1126 1528 Venimus
1152 1484 1200 1527 ad
1227 1490 1490 1527 constantissi-

160 1558 259 1583 mum
285 1553 550 1597 argumentum
577 1548 760 1594 omnium,
801 1548 863 1599 qui
896 1546 1038 1585 domini
1069 1547 1306 1585 nativitatem
1332 1547 1370 1584 in
1397 1560 1490 1585 con-

159 1604 387 1642 troversiam
419 1603 608 1643 deferunt.
671 1604 777 1657 Ipse,
816 1604 1007 1656 inquiant,
1048 1610 1306 1651 contestatur,
1345 1616 1387 1642 se
1404 1610 1490 1642 'non

159 1673 244 1699 esse
271 1666 400 1699 'natum
426 1661 611 1700 dicendo:
639 1675 735 1714 quae
761 1662 851 1702 mihi
877 1670 1011 1709 mater³
1039 1663 1154 1714 etqui
1169 1662 1259 1700 mihi
1273 1662 1487 1709 f1·atres?4)

158 1716 217 1755 Ita
242 1731 395 1770 semper
418 1719 607 1758 haeretici
623 1727 687 1758 aut
707 1719 826 1759 nudas
846 1727 886 1758 et
905 1721 1098 1771 simplices
1116 1732 1235 1758 voces
1255 1719 1490 1758 coniecturis

159 1788 232 1827 quo
266 1776 398 1814 volunt
427 1778 596 1828 rapiunt,
635 1785 700 1815 aut
730 1791 859 1830 rursus
892 1777 1174 1816 conditionales
1205 1780 1246 1816 et
1281 1777 1490 1816 rationales

158 1834 414 1884 simplicitatis
452 1834 675 1874 conditione
715 1834 949 1883 dissolvunt,
983 1842 1024 1873 ut
1059 1835 1133 1873 hoc
1171 1835 1209 1873 in
1242 1835 1345 1873 loco.
1406 1833 1490 1873 Nos

160 1892 357 1936 contrario
384 1890 545 1931 dicimus
571 1894 693 1945 primo
720 1907 796 1931 non
820 1894 992 1945 potuisse
1025 1893 1079 1931 illi
1110 1891 1347 1939 adnuntiari,
1387 1890 1490 1944 quod

158 1954 282 1985 mater
306 1956 346 1986 et
370 1950 511 1989 fratres
537 1952 619 1989 eius
645 1952 741 1989 foris
760 1958 920 1999 starent,
949 1958 1179 2003 quaerentes
1191 1949 1325 1988 videre
1340 1950 1486 1998 eum‚⁵)

157 2005 190 2042 si
215 2005 319 2044 nulla
342 2006 399 2044 illi
425 2015 548 2046 mater
572 2016 610 2047 et
635 2009 777 2047 fratres
803 2009 895 2047 nulli
921 2010 1100 2055 fuissent,
1140 2020 1236 2060 quos
1261 2008 1391 2058 utique
1417 2019 1488 2044 no-

156 2069 234 2108 rat,
274 2063 336 2114 qui
368 2061 614 2104 adnuntiarat
643 2067 704 2105 vel
737 2073 843 2105 retro
871 2073 988 2105 -notos
1012 2066 1077 2105 vel·
1100 2073 1189 2103 tune
1215 2062 1356 2102 ibidem
1383 2077 1488 2102 eom-

156 2127 314 2171 penos,
354 2119 440 2159 dum
467 2134 552 2160 eum
577 2122 710 2162 videre
738 2123 979 2170 desiderant,
1017 2122 1079 2161 vel
1105 2121 1193 2160 dum
1219 2122 1292 2174 ipsi
1317 2122 1487 2160 nuntium

156 2177 348 2216 mandant.
408 2178 471 2217 Ad
508 2180 606 2218 hane
645 2183 802 2232 primam
839 2181 1143 2232 propositionem
1182 2178 1353 2218 nostram
1388 2179 1501 2218 solet:>

157 2248 206 2274 ex
232 2234 384 2274 diverso
410 2237 651 2288 responderi.
715 2237 812 2286 Quid
839 2239 958 2286 enim,
985 2239 1017 2276 si
1041 2236 1217 2276 tentandi
1242 2237 1368 2288 gratia
1392 2249 1487 2280 nuu-

156 2294 289 2336 tiatum
320 2300 380 2332 est
411 2295 472 2332 ei?
511 2290 599 2334 ,Sed
637 2295 711 2333 hoe
743 2297 935 2348 scriptura
959 2309 1036 2334 non
1055 2295 1181 2342 dicit,
1202 2304 1318 2348 'quae
1343 2300 1485 2346 quanto

155 2351 376 2402 significare
413 2352 514 2391 solet
550 2366 600 2391 ex
636 2354 849 2392 tentatione
887 2353 977 2406 quid
1014 2354 1181 2399 factum,
1232 2357 1344 2400 (ecee
1387 2351 1485 2402 legis

156 2407 296 2446 doctor
332 2408 550 2449 adsurrexit
585 2417 738 2449 tentans
775 2423 879 2458 eum,
899 2412 938 2460 ¹⁵)
977 2418 1016 2450 et
1048 2410 1094 2450 de
1126 2410 1259 2451 tributi
1291 2408 1485 2447 consulta-

247 2548 284 2585 1)
310 2549 394 2579 Luc.
409 2551 440 2588 8,
457 2552 510 2582 18.
607 2551 644 2590 2)
670 2550 748 2581 ibid.
822 2552 858 2591 3)
884 2551 967 2582 Luc.
980 2552 1012 2591 8,
1029 2551 1083 2581 16.
1160 2548 1198 2588 4)
1225 2547 1351 2579 Matth.
1370 2548 1424 2589 12,
1439 2548 1494 2577 48.

156 2593 191 2631 5)
214 2594 299 2626 Luc.
315 2596 346 2633 8,
367 2596 420 2627 20.
516 2597 553 2636 6)
579 2597 662 2627 Luc.
677 2598 731 2638 10,
752 2598 806 2628 25.
