1604 2800
657 149 728 180 m:
756 149 955 182 amma,
1364 151 1467 189 ’,ὃ

137 241 268 281 omnia
298 240 486 281 naturalia
516 240 666 280 animae
698 242 771 293 ipsi
799 241 1035 280 substantiae
1072 242 1198 282 inesse
1234 246 1471 296 pertinentia

139 297 189 338 ad
214 310 368 338 sensum
392 305 434 338 et
456 298 693 338 intellectum
719 306 759 338 et
783 312 835 338 ex
857 300 1029 350 ingenito
1055 300 1204 340 animae
1231 314 1368 349 censu,
1399 303 1471 343 sed

139 356 324 409 paulatim
336 369 409 409 per
427 357 567 395 aetatis
585 357 709 409 spatia
728 356 943 409 procedere
963 364 1006 396 et
1023 359 1129 397 varie
1154 372 1226 411 per
1249 359 1471 399 accidentia

139 412 308 454 evadere
332 427 404 466 pro
430 414 594 461 artibus,
626 427 697 467 pro
723 415 923 463 institutis,
956 429 1026 467 pro
1052 415 1168 463 locis,
1202 430 1272 469 pro
1298 416 1471 457 domina-

138 472 300 511 tricibus
323 471 598 524 potestatibus3
631 471 733 524 quod
765 479 892 512 tamen
923 473 1043 512 faciat
1066 472 1116 512 ad
1137 476 1269 513 earnis
1301 477 1470 514 animae-

142 542 216 582 que
241 531 478 582 propositam
505 543 604 569 nunc
629 531 870 577 societatem,
896 531 1136 582 pubertatem
1157 545 1306 584 qnoque
1326 534 1471 573 anima—

141 587 215 626 lem
242 600 327 626 cum
353 588 500 626 carnali
525 587 686 626 dicimus
712 589 933 635 convenire,
959 589 1180 641 pariterque
1200 597 1241 628 et
1259 590 1361 628 illam
1382 603 1472 642 sng-

138 651 252 696 gestn
275 657 472 692 sensuum,
504 652 545 684 et
569 646 678 684 istam
709 658 895 697 processu
926 646 1181 685 menbrorum
1213 660 1423 699 exsurgere
1450 661 1475 686 a

141 708 278 755 quarto
297 701 450 742 decimo
473 703 558 741 fere
583 715 697 749 anno,
731 717 806 741 non
826 705 913 755 quia
926 702 1180 755 Asclepiades
1205 704 1294 743 inde
1320 706 1474 757 snpien-

143 761 236 798 tiam
266 767 464 812 supputat,
496 773 569 799 nec
601 761 689 811 quia
721 761 804 798 iura
836 761 965 799 civilia
995 761 1134 800 abhinc
1166 761 1328 813 agendis
1357 762 1474 800 rebus

139 823 419 870 attemperant,
451 816 520 856 sed
545 815 648 869 quod
673 824 713 855 et
736 817 834 856 haec
860 816 908 856 de
934 817 1146 869 primordio
1170 819 1270 857 ratio
1297 825 1368 858 est.
1431 817 1476 856 Si

139 875 241 915 enim
258 872 386 913 Adam
405 881 446 913 et
463 874 544 913 Eva
570 887 621 913 ex
644 875 843 925 agnitione
863 874 955 912 boni
974 881 1015 913 et
1032 875 1121 913 mali
1140 875 1316 927 pudenda
1336 883 1474 927 tegere

136 938 365 979 senserunt,
403 944 454 970 ex
486 945 560 984 quo
592 930 631 970 id
662 932 783 983 ipsum
814 932 1016 979 sentimus,
1054 934 1292 984 agnitionem
1316 933 1409 972 boni
1434 941 1476 972 et

138 989 230 1029 mali
254 989 492 1042 profitemur.
530 988 591 1027 Ab
612 988 671 1027 his
691 996 817 1027 autem
843 990 952 1027 annis
971 996 1012 1027 et
1029 990 1211 1028 suffusior
1234 998 1275 1029 et
1297 992 1476 1029 vestitior

139 1059 256 1087 sexus
281 1053 360 1093 est,
392 1053 433 1084 et
462 1046 777 1098 concupiscentia
803 1046 925 1084 oculis
949 1045 1105 1084 arbitris
1129 1048 1266 1094 utitur,
1298 1055 1341 1086 et
1370 1061 1476 1086 com-

140 1104 311 1143 municat
345 1103 546 1156 placitum,
585 1109 626 1141 et
655 1103 837 1154 intelligit
867 1115 965 1154 qnae
989 1104 1083 1150 sint,
1121 1111 1163 1142 et
1191 1104 1287 1143 lines
1312 1117 1401 1143 snos
1426 1103 1477 1142 ad

142 1163 267 1200 instar
292 1161 481 1200 ficulneae
508 1160 750 1210 contagionis
774 1161 972 1212 prurigine
997 1162 1186 1211 accingit,
1219 1168 1261 1199 et
1284 1161 1477 1199 hominem

143 1217 192 1258 de
217 1217 397 1272 paradiso
423 1218 658 1269 integritatis
684 1216 829 1264 educit,
855 1216 994 1256 exinde
1019 1217 1178 1256 scabida
1204 1219 1319 1257 etiam
1345 1219 1383 1256 in
1409 1231 1476 1257 ce-

143 1284 248 1316 teras
274 1276 405 1329 culpas
430 1282 470 1314 et
495 1273 741 1326 delinquendi
767 1288 843 1312 nou
869 1275 1082 1322 naturales,
1116 1289 1200 1314 cum
1225 1277 1299 1314 iam
1325 1289 1402 1314 non
1428 1288 1480 1314 ex

141 1334 319 1373 instituto
350 1340 530 1378 naturae,
561 1331 631 1372 sed
656 1345 706 1371 ex
729 1333 838 1371 vitio.
905 1331 1085 1371 Ceterum
1111 1335 1267 1385 proprie
1293 1333 1479 1372 naturalis

145 1392 462 1444 concupiscentia
476 1391 589 1429 unica
609 1396 669 1429 est
686 1389 954 1428 alimentorum
970 1389 1226 1436 solummodo,
1253 1404 1362 1443 quam
1384 1389 1480 1429 deus

145 1448 248 1488 etin
273 1446 485 1501 primordio
517 1446 698 1485 contulit:
735 1459 786 1485 ex
816 1447 919 1484 omni
945 1447 1070 1497 ligno,
1107 1448 1248 1499 inquit,
1285 1446 1480 1494 edetis,¹)

145 1513 187 1546 et
209 1504 405 1545 secundae
431 1511 520 1557 post
543 1502 724 1543 diluvium
749 1505 952 1555 geniturae
977 1517 1246 1556 supermensus
1271 1512 1350 1544 est:
1383 1517 1480 1544 ecce

145 1562 238 1602 dedi
260 1563 372 1602 vobis
396 1563 524 1601 omnia
549 1563 596 1600 in-
613 1574 741 1600 escam
769 1569 945 1614 tanquam
978 1560 1085 1601 olera
1115 1563 1234 1610 foeni,
1248 1564 1286 1611 2)
1319 1575 1482 1614 piospe·

146 1628 256 1661 cta-s
285 1634 364 1659 non
395 1627 472 1659 tam
501 1621 651 1658 animae
689 1632 799 1670 qnam
837 1620 964 1665 carni,
1002 1620 1074 1657 etsi
1111 1626 1272 1670 propter
1302 1620 1481 1658 animam.

100 1697 103 1699 ·
144 1676 371 1717 Auferenda
391 1677 569 1716 est'enim
589 1676 914 1726 argumentatoris
940 1676 1112 1721 occasio,
1139 1676 1202 1728 qui
1227 1674 1328 1727 qnod
1354 1677 1482 1713 anima

147 1733 373 1773 desiderare
409 1732 588 1772 videatur
622 1732 823 1777 alimenta,
861 1731 950 1769 hinc
982 1744 1132 1783 qnoque
1164 1732 1363 1770 mortalem
1395 1742 1485 1770 eam·

147 1791 313 1842 intelligi
339 1791 456 1842 cupit,
483 1801 579 1840 qnae
606 1787 703 1826 cibis
727 1789 979 1834 sustineatur,
1011 1786 1175 1840 denique
1201 1788 1399 1839 derogatis
1424 1789 1482 1827 eis·

149 1850 363 1900 evigescat,
391 1853 586 1899 postremo
613 1845 818 1884 subtractis
843 1844 1063 1883 intercidat.
1109 1845 1232 1884 Porro
1258 1859 1335 1884 non
1358 1846 1483 1884 solum

148 1903 441 1959 proponendum
473 1910 555 1949 est,
584 1903 755 1954 quisnam
786 1915 833 1941 ea
864 1901 1079 1950 desideret,
1112 1902 1180 1941 sed
1205 1910 1247 1942 et
1270 1904 1352 1950 cni3
1385 1910 1426 1942 et
1450 1903 1483 1940 si

151 1970 312 2016 propter
336 1976 397 2009 se,
435 1960 505 2000 sed
535 1967 577 1999 et
607 1973 678 1998 cur
708 1966 748 1998 et
779 1958 930 2012 quando
962 1967 1004 1999 et
1033 1973 1196 2012 quonam
1226 1973 1366 2013 usque3
1405 1967 1483 1998 tum

151 2020 254 2074 quod
284 2019 388 2059 aliud
413 2026 548 2057 natura
573 2016 783 2063 desideret,
797 2019 836 2067 3)
870 2016 974 2056 aliud
1008 2019 1260 2065 necessitate,
1293 2017 1395 2057 aliud
1421 2030 1483 2056 se—

148 2077 314 2118 ·cundum
341 2077 630 2130 proprietatem,
661 2073 765 2113 aliud
790 2076 828 2113 in
853 2088 1039 2114 caussam.
1094 2074 1342 2115 Desiderabit
1365 2077 1483 2126 igitur

153 2136 262 2175 cibos
287 2137 424 2180 anima,
457 2134 530 2172 sibi
555 2131 706 2185 quidem
731 2146 782 2171 ex
806 2146 940 2172 caussa
966 2135 1222 2180 necessitatis,
1256 2133 1363 2171 carni
1388 2144 1481 2170 vero

153 2206 205 2233 ex
228 2200 363 2231 natura
388 2192 651 2243 proprietatis.
690 2189 806 2229 Certe
832 2192 930 2228 enim
958 2190 1091 2229 domus
1115 2192 1264 2229 animae
1290 2202 1383 2227 caro
1410 2195 1482 2234 est,

153 2257 195 2291 et
226 2250 431 2302 inquilinus
462 2249 589 2288 carnis
619 2248 757 2286 anima.
829 2246 1077 2286 Desiderabit
1112 2249 1240 2298 itaque
1278 2245 1482 2297 inquilinus

155 2322 205 2347 ex
230 2320 365 2346 caussa
384 2314 424 2345 et
443 2306 676 2344 necessitate
702 2304 812 2342 huius
837 2305 1000 2343 nominis
1025 2305 1224 2356 profutura
1250 2302 1375 2341 domui
1399 2309 1481 2339 toto

154 2365 400 2418 inquilinatus
431 2364 490 2402 sni
520 2369 713 2415 tempore,
751 2374 828 2399 non
858 2368 900 2400 ut
930 2363 1012 2414 ipse
1044 2359 1318 2399 substruendus
1344 2372 1415 2398 nec
1441 2365 1483 2396 ut

250 2506 286 2545 1)
300 2504 383 2534 Gen.
399 2505 430 2539 2,
445 2503 499 2532 16.
582 2501 619 2539 2)
633 2500 716 2531 Gen.
730 2499 862 2539 9‚3sq.
932 2497 1291 2539 3)Ed.F1-nn.aliud
1318 2498 1383 2528 est
1406 2504 1482 2527 na·
1515 2528 1519 2530 ,

156 2555 252 2584 tura
277 2550 540 2588 desiderare,
567 2549 632 2577 etc.
1179 2548 1186 2554 ·
