1604 2800
624 234 698 266 DE
736 235 931 265 AN1MA,
1331 234 1442 273 100

514 444 635 501 DE
713 444 1035 529 ΑΝΙΜΑ.

229 619 266 656 1.
316 613 374 654 De
400 616 484 654 solo
512 628 629 655 censu
655 617 803 655 animae
826 628 1058 668 congressus
1073 614 1322 669 Hermogeni,
1350 631 1443 671 qua-

109 680 221 712 tenus
252 679 294 711 et
322 674 434 711 istum
466 686 516 712 ex
546 675 731 713 materiae
769 674 897 726 potius
933 680 1117 725 suggestu
1155 688 1266 727 quam
1297 688 1346 713 ex
1378 675 1443 714 dci

110 731 201 769 llatu
238 731 457 769 constitisse
495 733 766 783 praesumpsit,
805 744 905 769 nunc
942 729 992 768 ad
1027 732 1196 782 reliquas
1233 745 1443 771 conversus

109 788 367 839 quaestiones,
393 788 594 839 plurimum
619 788 782 826 videbor
805 801 890 826 cum
915 787 1154 839 philosophis
1179 788 1442 828 dimicaturus.

108 843 234 883 Etiam
265 844 305 882 in
337 857 498 883 carcere
532 843 706 883 Socratis
738 844 786 882 de
817 845 966 882 animae
1004 851 1106 882 statu
1141 846 1337 884 velitatum
1371 853 1443 893 est,

107 901 241 941 nescio
266 902 340 939 iam
367 902 442 939 hoc
467 902 641 953 primum,
668 915 716 940 an
743 908 963 952 opportuno
988 902 1028 939 in
1056 909 1229 954 tempore
1254 904 1442 954 magistri,

107 959 182 998 etsi
206 958 299 996 nihil
319 956 368 997 de
388 959 476 996 loco
503 960 679 998 interest.
718 957 816 1005 Quid
843 959 943 996 enim
970 958 1113 1009 liquido
1138 967 1295 1011 saperet
1319 962 1446 999 anima

107 1022 199 1055 tunc
224 1013 420 1062 Socratis,
458 1017 532 1054 iam
557 1029 671 1054 sacro
697 1016 852 1066 navigio
878 1028 1079 1065 regresso,
1113 1017 1185 1053 iam
1213 1017 1350 1055 cicutis
1375 1017 1445 1055 da-

106 1073 313 1113 mnationis
337 1073 546 1119 exhaustis,
572 1073 646 1110 iam
672 1079 796 1110 morte
818 1079 1022 1123 praesente
1043 1074 1173 1124 utique
1195 1081 1444 1112 consternata

107 1129 158 1170 ad
181 1130 349 1182 aliquem
373 1137 516 1167 motum
531 1130 569 1176 ¹)
601 1127 808 1167 seeundum
842 1135 1034 1174 naturam,
1068 1137 1133 1167 aut
1158 1131 1443 1176 exsternata‚²)

108 1188 141 1226 si
171 1199 248 1224 uon
284 1185 493 1225 secuudum
530 1188 733 1224 naturam?
786 1185 964 1232 Quamvis
1001 1187 1102 1224 enim
1139 1185 1292 1238 placida
1328 1194 1443 1239 atque

107 1243 327 1295 tranquilla,
354 1256 464 1294 quam
486 1255 558 1280 nec
579 1243 754 1293 coniugis
775 1243 886 1280 fletus
906 1243 1033 1281 statim
1052 1242 1190 1282 viduae
1211 1257 1284 1282 nec
1298 1243 1444 1283 libero-

108 1315 191 1340 rum
211 1307 444 1352 conspectus
464 1299 603 1339 exinde
628 1299 857 1352 pupillorum
884 1299 972 1350 lege
997 1301 1151 1351 pietatis
1176 1301 1442 1352 inflexerat,³)

107 1358 172 1398 vel
196 1359 235 1396 in
259 1358 335 1396 hoc
360 1364 489 1396 tamen
514 1364 630 1403 mota,
657 1369 705 1395 ne
730 1363 964 1403 moveretur,
997 1358 1081 1408 ipsa
1106 1359 1323 1396 constantia
1349 1371 1444 1397 con-

110 1428 224 1455 cussa
247 1422 309 1454 est
331 1414 516 1454 adversus
540 1414 823 1452 inconstantiae
850 1414 1157 1452 concussionem.
1197 1413 1296 1462 Quid
1316 1422 1444 1453 autem

109 1472 214 1512 aliud
239 1479 396 1524 saperet
418 1473 478 1510 vir
503 1471 663 1523 quilibet
693 1471 831 1508 iniuria
863 1469 1062 1509 damnatus
1091 1478 1250 1523 praeter
1280 1472 1443 1510 iniuriae

108 1530 295 1576 solamen,
315 1525 460 1568 'nedum
484 1527 735 1580 philosophus
759 1527 910 1578 gloriae
936 1528 1090 1574 animal,
1117 1529 1179 1567 cui
1205 1541 1277 1568 nec
1304 1542 1445 1568 conso-

109 1585 225 1627 landa
247 1593 311 1626 est
333 1587 485 1633 iniuria,
512 1584 581 1624 sed
607 1586 734 1638 potius
759 1583 1002 1623 insultanda?
1042 1585 1218 1638 Denique
1243 1593 1332 1638 post
1355 1599 1445 1625 seu-

110 1645 271 1684 tentiam
310 1643 447 1683 obviae
485 1644 643 1694 coniugi
674 1649 714 1681 et
743 1642 985 1680 muliebriter
1019 1643 1261 1680 inclamanti:
1305 1645 1443 1682 iniuste

110 1701 311 1741 damnatus
335 1713 378 1739 es
404 1699 609 1745 Socrates,
642 1700 715 1737 iam
742 1706 782 1737 et
806 1698 855 1736 de
881 1699 1140 1749 gratulatione
1166 1699 1441 1751 responderat:

108 1758 270 1798 volebas
293 1764 421 1795 autem
447 1756 572 1794 iuste?
618 1755 725 1794 Nihil
751 1754 981 1801 mirandum,
1014 1756 1046 1792 si
1071 1762 1112 1793 et
1134 1757 1174 1793 in
1200 1769 1361 1794 earcere
1387 1757 1444 1794 le-

112 1817 319 1855 mniscatas
329 1814 370 1862 ⁴)
401 1812 521 1864 Anyti
541 1819 580 1850 et
592 1811 716 1849 Meliti
741 1812 886 1862 palmas
911 1812 1082 1862 gestiens
1106 1812 1333 1863 iufringere,
1359 1814 1444 1864 ipsa

111 1878 237 1912 morte
275 1883 425 1916 coram,
469 1869 793 1907 immortalitatem
829 1867 1001 1906 vindicat
1035 1869 1185 1908 animae
1222 1871 1446 1908 necessaria

110 1928 424 1983 praesumptione
449 1925 499 1964 ad
523 1926 686 1964 iniuriae
717 1925 1018 1964 frustrationem.
1085 1925 1198 1965 Adeo
1231 1928 1354 1965 omnis
1378 1927 1446 1966 illa

113 1995 204 2026 tunc
224 1986 414 2038 sapientia
429 1982 604 2022 Socratis
617 1981 665 2020 de
680 1981 867 2021 industria
889 1990 1051 2021 venerat
1076 1984 1275 2023 consultae
1300 1997 1445 2037 aequa-

112 2045 315 2090 nimitatis,
352 2055 430 2080 non
462 2040 509 2079 de
542 2038 682 2078 fiducia
717 2046 939 2092 compertae
974 2040 1163 2079 veritatis.
1236 2041 1308 2081 Cui
1343 2043 1443 2080 enim

112 2102 258 2141 veritas
283 2105 482 2151 comperta
506 2098 588 2136 sine
613 2095 716 2136 deo?
745 2098 807 2136 cui
832 2096 926 2135 deus
952 2099 1130 2149 cognitus
1154 2098 1237 2137 sine
1263 2098 1446 2137 Christo?

115 2159 178 2197 eui
214 2158 389 2196 Christus
432 2155 655 2211 exploratus
691 2155 774 2193 sine
810 2155 946 2207 spiritu
982 2158 1143 2194 sancto?
1190 2157 1252 2194 cui
1288 2156 1445 2207 spiritus

114 2222 270 2263 sanctus
294 2212 608 2253 accommodatus
626 2213 710 2250 sine
730 2210 820 2250 fidei
838 2214 1109 2251 sacramento?
1139 2211 1242 2251 Sane
1257 2210 1445 2251 Socrates

115 2272 268 2312 facilins
291 2270 445 2310 diverso
470 2269 606 2321 spiritu
630 2268 836 2320 agebatur3
867 2268 1052 2321 siquidem
1078 2270 1184 2307 aiunt
1202 2268 1444 2307 daemonium

114 2331 171 2369 illi
196 2343 220 2368 a
244 2341 365 2382 puero
390 2326 631 2373 adhaesisse,
662 2327 864 2377 pessimum
889 2338 1027 2365 revera
1051 2325 1338 2378 paedagogum,
1370 2326 1444 2364 etsi

115 2394 205 2440 post
228 2385 322 2426 deos
347 2392 388 2424 et
406 2398 490 2423 cum
515 2382 599 2423 deis
623 2382 827 2422 daemonia
851 2381 1082 2435 deputantur
1104 2395 1224 2435 penes
1248 2389 1384 2435 poetas
1404 2389 1446 2421 et

210 2534 248 2579 1)
262 2535 431 2574 Latinius,
454 2535 559 2574 Pam„
574 2534 648 2573 Rig.
667 2535 839 2574 motum,
865 2533 957 2565 ρει-ε
982 2534 1157 2565 modum.
1240 2530 1276 2574 2)
1291 2534 1342 2564 lta
1352 2533 1444 2574 Rig.;

117 2583 221 2613 antea
239 2586 476 2614 externum.
572 2578 608 2620 3)
630 2580 715 2611 Plat.
734 2579 860 2611 Phaed.
874 2589 907 2619 p.
922 2581 976 2611 60.
989 2580 1041 2610 ed.
1056 2579 1106 2612 St.
1200 2576 1241 2623 4)
1261 2579 1352 2611 GeL:
1378 2580 1444 2610 in-

118 2628 327 2668 vise-tn,
354 2627 444 2667 quod
468 2628 542 2658 Lat.
569 2626 714 2657 mutavit
738 2626 771 2655 in
798 2626 1092 2656 lemniscatas.
