1604 2800
359 204 433 237 DE
467 203 981 237 RESURRECTIONE
1020 204 1246 236 CARNIS.
1360 204 1466 242 105

137 297 188 338 Et
211 298 311 338 aliae
337 296 488 351 quidem
513 304 600 336 sunt
625 297 858 343 crediturae,
885 297 983 335 aliae
998 298 1036 334 in
1051 296 1244 348 pulverem
1258 294 1466 348 deputatae

137 369 188 396 ex
211 354 722 395 diversitatesubstautiae?
770 353 850 393 Sed
875 361 915 392 et
940 354 1115 392 Christus
1140 355 1239 392 intra
1266 367 1466 402 oceanum,

138 420 179 453 et
203 411 253 452 de
277 414 353 452 isto
379 412 507 460 coelo,
534 411 636 464 quod
661 413 771 451 nobis
797 411 964 457 incubat,
990 424 1121 450 verum
1148 412 1274 450 lumen
1300 413 1467 451 nationi-

135 470 207 510 bus
231 470 386 509 offulsitt
431 469 481 507 Et
505 470 578 522 ipsi
598 468 857 508 Valentiniani
882 469 945 506 hic
971 481 1104 507 errare
1129 467 1366 517 didicerunt;
1394 483 1466 509 nec

137 528 214 567 alia
227 528 303 567 erit
315 528 439 566 forma
457 527 650 565 nationum
671 525 923 573 credentium,
945 527 1016 564 nisi
1037 539 1133 578 quae
1154 533 1195 565 ct
1212 540 1287 565 non
1304 526 1467 566 creden-

136 586 243 632 tium,
269 584 318 624 de
344 596 475 631 carue,
502 582 550 622 de
576 585 713 623 anima.
752 582 862 622 Sicut
887 596 982 634 ergo
1008 583 1163 623 easdem
1189 586 1365 623 nationes
1390 598 1467 623 non

138 655 297 695 genere,
306 640 375 681 sed
389 648 494 680 sorte
503 640 688 688 distinxit,
697 642 752 680 ita
765 648 806 680 et
819 654 969 687 carnes,
980 654 1077 693 quae
1092 642 1130 678 in
1144 642 1236 693 ipsis
1250 642 1467 681 nationibus

137 713 214 739 una
236 699 449 739 substantia
473 705 545 745 est,
571 712 647 737 non
671 700 846 745 materia,
871 697 941 736 sed
965 697 1145 737 mercede
1173 698 1366 738 disiunxit.

254 760 323 800 60.
383 755 491 794 Ecce
516 762 655 802 autem,
680 763 723 794 ut
746 755 870 794 adhuc
897 756 1202 793 controversiam
1227 762 1469 807 exaggerent

140 815 249 854 carni
272 813 435 852 maxime
461 811 606 858 eidem,
639 811 687 851 de
719 812 855 850 officiis
886 824 1036 862 quoque
1068 811 1322 850 membrorum
1353 825 1469 864 argu-

138 877 374 916 mentantur,
406 875 473 908 aut
502 875 543 907 et
572 870 655 920 ipsa
686 867 861 907 dicentes
896 880 1125 919 permanere
1157 867 1301 907 debere
1328 870 1365 907 in
1391 871 1468 909 suis

139 926 320 981 operibus
345 932 385 965 et
409 925 596 964 fructibus
618 933 662 964 ut
685 924 810 964 eidem
843 925 1108 976 corpulentiae
1139 924 1352 978 adscripta,
1390 934 1468 973 aut,

139 986 229 1038 quia
242 990 396 1024 constet
408 982 624 1022 discessura
644 996 729 1022 esse
750 982 876 1021 officia
894 982 1162 1029 membrorum,
1190 983 1468 1034 corpulentiam

139 1054 291 1096 quoque
316 1040 498 1090 eradant,
531 1042 638 1079 cuius
669 1040 821 1078 scilicet
851 1040 1142 1090 perseverantia
1171 1038 1367 1078 credenda
1391 1054 1468 1078 non

138 1101 206 1148 sit,
238 1100 369 1150 utique
401 1100 484 1137 sine
515 1097 712 1142 membris,
752 1097 838 1147 quia
870 1108 941 1133 nec
974 1095 1143 1133 membra
1175 1095 1371 1134 credenda
1394 1098 1469 1134 sint

140 1158 223 1195 sine
249 1155 396 1194 officiis.
463 1154 546 1202 Quo
580 1155 680 1191 enim
710 1154 804 1198 iam,
836 1152 1026 1203 inquiunt,
1058 1152 1241 1202 spelunca
1266 1152 1363 1190 hacc
1390 1153 1468 1190 oris

140 1220 182 1252 et
205 1211 382 1251 dentiumv
406 1211 521 1249 statio
547 1217 589 1248 et
613 1209 726 1260 gulae
757 1209 884 1260 lapsus
909 1215 950 1246 et
974 1209 1178 1260 compitum
1209 1209 1398 1248 stomachi
1430 1216 1471 1248 et

140 1270 218 1309 alvi
243 1281 386 1321 gurges
411 1274 452 1306 et
476 1267 742 1305 intestinorum
778 1265 963 1318 perplexa
992 1266 1227 1317 proceritas,
1266 1280 1350 1305 cum
1387 1268 1470 1305 esui

141 1334 183 1367 et
206 1327 314 1380 potui
339 1327 447 1364 locus
472 1337 548 1362 non
574 1325 673 1363 erit?
704 1337 777 1375 quo
808 1322 1024 1361 huiusmodi
1054 1323 1223 1361 membra
1253 1322 1468 1370 admittunt,

141 1383 334 1436 subigunt,
361 1381 579 1428 devolvunt,
605 1380 790 1426 dividunt,
817 1379 1010 1430 digerunt,
1036 1382 1225 1430 egerunt?
1250 1376 1324 1432 quo
1338 1394 1470 1419 manus

141 1443 251 1495 ipsae
276 1448 318 1479 et
340 1439 461 1492 pedes
486 1446 527 1477 et
551 1438 721 1490 operarii
753 1438 892 1489 quique
923 1442 1046 1482 artus,
1085 1450 1170 1475 cum
1199 1438 1323 1476 victus
1354 1439 1470 1476 etiam

144 1510 238 1538 cura
259 1497 452 1536 cessabit?
476 1509 550 1547 quo
576 1507 703 1541 renes,
730 1494 877 1532 conscii
902 1494 1098 1540 seminum,
1125 1500 1167 1532 et
1189 1494 1337 1546 reliqua
1362 1496 1471 1546 geni·

142 1555 287 1594 talium*
310 1554 506 1605 utriusque
543 1565 658 1591 sexus
695 1558 736 1590 et
772 1558 1025 1603 conceptuum
1061 1550 1212 1590 stabula
1243 1559 1284 1590 et
1313 1551 1472 1591 uberum

142 1613 293 1659 fontes,
327 1609 548 1650 discessuro
581 1608 790 1648 concubitu
814 1616 855 1647 et
878 1608 959 1646 fetu
984 1615 1024 1646 et
1049 1607 1240 1647 educatu?
1275 1616 1471 1660 postremo

145 1682 221 1723 quo
245 1675 367 1708 totum
392 1680 546 1719 corpus,
573 1673 692 1704 totum
717 1666 870 1704 scilicet
892 1667 1141 1720 vacaturum?
1170 1664 1232 1703 Ad
1256 1665 1353 1704 haec
1376 1679 1471 1716 ergo

143 1726 460 1779 praestruximus,
486 1735 563 1760 non
589 1729 771 1773 oportere
791 1722 976 1759 committi
995 1721 1208 1760 futurorum
1226 1729 1341 1773 atque
1361 1734 1473 1773 prae-

147 1783 311 1822 sentium
353 1780 649 1831 dispositiones,
692 1779 953 1816 intercessura
988 1784 1078 1815 tunc
1117 1776 1397 1824 demutatione,
1434 1785 1475 1816 et

146 1852 247 1878 nunc
278 1836 590 1890 superstruimus,
628 1833 764 1878 officia,
784 1834 859 1872 ista
888 1833 1143 1872 membrorum
1180 1835 1474 1874 necessitatibus

147 1898 251 1936 vitae
276 1895 388 1933 huius
412 1906 460 1932 eo
486 1904 605 1943 usque
631 1891 864 1937 consistere,
903 1889 1028 1929 donec
1059 1897 1100 1929 et
1129 1892 1212 1943 ipsa
1242 1893 1320 1930 vita
1352 1899 1475 1930 trans-

148 1954 333 1993 feratura
351 1949 636 2002 temporalitate
655 1949 695 1986 in
713 1949 996 1994 aeternitatem,
1022 1948 1122 1986 sicut
1144 1949 1309 1987 animale
1335 1962 1475 2002 corpus

150 2012 191 2050 in
215 2009 401 2063 spiritale,
428 2007 514 2046 dum
540 2005 702 2044 mortale
725 2004 828 2044 istud
851 2004 974 2043 induit
997 2005 1320 2046 immortalitatem
1334 2014 1374 2046 et
1388 2020 1476 2045 cor-

150 2068 341 2120 ruptivum
365 2063 465 2104 istud
491 2062 849 2114 incorruptelam,¹)
881 2069 921 2102 et
945 2062 1028 2114 ipsa
1050 2069 1177 2102 autem
1202 2063 1366 2102 liberata
1386 2071 1475 2103 tunc

150 2127 233 2163 vita
262 2120 557 2162 necessitatibus
588 2119 851 2158 liberabuntur
880 2127 923 2158 et
945 2119 1115 2159 membra
1138 2121 1186 2159 ab
1218 2120 1371 2167 officiis,
1403 2133 1476 2158 nec

153 2180 244 2220 ideo
269 2193 347 2218 nou
373 2185 485 2217 eruut
510 2178 742 2215 necessaria*-
808 2176 924 2216 Licet
952 2178 1051 2215 enim
1084 2177 1220 2220 officiis
1251 2178 1475 2222 liberentur,

154 2237 223 2277 sed
253 2236 407 2288 iudiciis
438 2235 671 2280 retinentur,
708 2240 751 2272 ut
781 2235 864 2285 quis
893 2234 1040 2273 referat
1070 2247 1140 2286 per
1169 2247 1327 2285 corpus,
1362 2240 1479 2284 prout

156 2292 335 2347 gessit.²)
374 2291 527 2331 Salvum
547 2292 647 2330 enim
672 2290 863 2329 bominem
887 2291 1053 2330 tribunal
1078 2290 1142 2329 dei
1168 2291 1307 2341 exigit3
1333 2290 1476 2328 salvum

155 2363 251 2391 vero
276 2352 358 2390 sine
384 2348 564 2388 membris
589 2361 665 2386 non
690 2348 810 2399 liquet
833 2361 939 2394 eum,
969 2361 1018 2387 ex
1045 2361 1202 2400 quorum
1227 2360 1303 2385 non
1329 2346 1476 2392 officiis,

157 2409 227 2449 sed
257 2407 478 2447 substantiis
516 2411 686 2451 constat,
724 2406 797 2444 nisi
832 2405 934 2444 forte
977 2412 1018 2443 et
1054 2417 1187 2443 navem
1217 2404 1299 2442 sine
1331 2404 1476 2448 carina,

158 2467 241 2506 sine
266 2477 401 2518 prora,
434 2464 515 2502 sine
540 2464 675 2515 puppi,
706 2462 788 2500 sine
815 2463 1051 2514 compaginis
1076 2462 1193 2501 totius
1217 2461 1477 2500 incolumitate

253 2593 290 2632 1)
305 2594 324 2622 1
336 2593 411 2623 cor.
427 2593 479 2631 15,
497 2592 548 2621 53.
646 2588 681 2632 2)
697 2591 716 2620 2
726 2591 802 2622 cor.
818 2590 850 2629 5,
865 2589 919 2620 ιο.
