1624 2826
233 210 340 246 260
479 211 603 243 ADV.
638 210 998 242 MARCIONEM
1035 208 1209 240 LIBER
1254 207 1294 238 V.

233 303 410 342 Iudaismi
447 304 567 354 magis
604 303 732 342 affines
764 303 1013 354 subintelligi.
1067 301 1158 340 Cum
1195 313 1288 339 vero
1320 311 1392 338 nec
1423 297 1547 337 Titum

232 360 327 399 dicit
358 361 691 409 circumcisum,¹)
726 362 800 399 iam
830 361 965 412 incipit
998 358 1202 398 ostendere
1235 357 1353 396 solam
1386 356 1548 396 circum-

233 419 387 456 cisionis
413 419 674 469 quaestionem
706 431 755 456 ex
787 417 1012 456 defensione
1045 416 1168 455 adhuc
1202 416 1298 466 legis
1325 426 1549 453 concussam

231 475 277 513 ab
315 476 390 521 eis,
429 489 522 527 quos
560 482 766 526 propterea
803 475 920 512 falsos
959 482 998 513 et
1034 472 1372 526 superinductitios
1409 471 1549 510 fratres

230 533 409 583 appellat,
437 546 512 569 non
537 531 639 569 aliud
664 539 833 570 statuere
854 538 1073 583 pergentes,
1102 545 1210 582 quam
1227 529 1549 582 perseverantiam

231 590 345 640 legis,
384 602 433 627 ex
459 588 531 627 lide
558 590 639 627 sine
667 589 780 627 dubio
807 590 958 639 integra
985 590 1192 635 creatoris,
1231 594 1346 639 atque
1383 587 1437 625 ita
1461 598 1549 638 pcr-

228 653 424 685 vertentes
456 647 714 697 evangelium,
754 660 828 684 non
861 646 1158 697 interpolatione
1198 646 1430 696 scripturae,
1463 656 1551 695 *qua

231 703 420 742 Christum
447 704 635 742 creatoris
662 703 898 754 effingerent,
926 703 993 741 sed
1020 704 1236 741 retentione
1265 701 1412 745 veteris·
1432 699 1551 740 disci-

230 761 382 811 plinae,
435 773 481 798 ne
521 761 644 810 legem
683 761 871 798 creatoris
910 759 1174 798 excluderent.
1249 757 1353 809 Ergo
1391 764 1551 810 propter

230 815 585 868 superinductitios,
623 817 761 867 inquit,
800 817 917 854 falsos
949 817 1106 862 fratres,
1146 817 1207 867 qui
1240 815 1551 854 subintraverant

230 873 277 911 ad
303 873 571 926 speculandam
599 873 812 915 libertatem
840 880 1020 919 nostram,
1048 887 1156 924 quam
1183 872 1364 911 habemus
1385 873 1422 910 in
1438 871 1549 910 Chri-

229 937 307 976 sto,
346 938 387 968 ut
423 945 491 969 nos
528 931 750 981 subigerent
785 932 975 977 servituti,
1015 943 1084 968 nec
1117 928 1165 968 ad
1197 930 1328 968 horam
1367 930 1549 968 cessimus

229 988 517 1038 subiectioni.2)
570 987 810 1026 Intendamus
846 989 944 1026 enim
982 995 1022 1026 et
1052 988 1180 1026 sensui
1210 988 1281 1038 ipsi
1319 993 1358 1025 et
1390 999 1548 1025 caussae
1592 1011 1596 1013 -

229 1046 322 1090 eius,
350 1052 389 1083 et
413 1045 615 1096 apparebit
639 1046 787 1082 vitiatio
815 1046 1042 1096 scripturae.
1106 1044 1197 1083 Cum
1224 1043 1453 1096 praemittit:
1479 1042 1550 1082 sed

228 1115 299 1140 nce
324 1102 442 1148 Titus,
471 1103 532 1153 qui
558 1115 703 1140 mecum
731 1109 825 1148 erat,
854 1116 937 1139 cum
964 1109 1067 1140 esset
1093 1101 1278 1148 Graecus,
1306 1107 1465 1140 coactus
1490 1107 1549 1140 est

228 1158 463 1204 circumcidi,
491 1158 629 1197 dehinc
654 1159 865 1209 subiungit:
892 1167 1052 1210 propter
1071 1158 1410 1210 superinductitios
1430 1157 1548 1197 falsos

226 1216 384 1262 fratres,
423 1222 462 1254 et
498 1216 663 1267 reliqua3
710 1217 894 1254 contrarii
932 1217 1060 1267 utique
1094 1217 1186 1254 facti
1216 1216 1351 1267 incipit
1382 1213 1547 1254 reddere

226 1273 426 1319 rationem,
455 1272 660 1311 ostendens
687 1280 846 1325 propter
872 1272 958 1325 quid
986 1274 1136 1319 fecerit,
1165 1271 1266 1325 quod
1292 1285 1364 1311 nee
1389 1272 1549 1311 fecisset

227 1342 298 1368 nec
326 1330 568 1377 ostendisset,
596 1331 627 1368 si
653 1330 757 1377 illud,
786 1338 943 1382 propter
969 1330 1069 1382 quod
1095 1331 1202 1377 fecit,
1230 1343 1305 1374 non
1325 1328 1546 1368 accidisset.

226 1386 399 1437 Denique
427 1386 532 1425 dicas
557 1389 689 1433 velim,
729 1389 760 1425 si
792 1401 867 1425 non
893 1388 1190 1426 subintroissent
1215 1388 1298 1425 falsi
1326 1387 1381 1425 illi
1407 1387 1547 1426 frati-es

227 1442 275 1480 ad
312 1443 578 1493 speculandam
610 1444 824 1482 libertatem
862 1457 1012 1490 eorum,
1053 1446 1258 1483 cessissent
1287 1444 1549 1483 subiectioni?

228 1512 301 1536 non
330 1499 479 1550 opinor.
541 1499 645 1550 Ergo
673 1508 890 1547 cesserunt,
937 1502 1023 1552 quia
1054 1502 1243 1546 fuerunt(
1266 1508 1427 1552 propter
1452 1513 1547 1552 quos

229 1555 447 1594 cederetur.
510 1556 593 1595 Hoc
626 1559 724 1595 enim
756 1556 841 1595 rudi
875 1557 963 1595 fidei
995 1565 1034 1595 et
1065 1557 1188 1596 adhuc
1215 1556 1262 1595 de
1289 1558 1385 1606 legis
1412 1557 1546 1596 obser-

226 1614 380 1651 vatione
406 1627 613 1665 suspensae
641 1615 901 1666 competebat,
941 1616 1023 1666 ipso
1056 1627 1205 1666 quoque
1232 1614 1407 1665 apostolo
1434 1627 1482 1652 ne
1507 1615 1546 1652 in

225 1683 384 1708 vacuum
411 1673 645 1710 cucurrisset
669 1679 734 1710 aut
759 1678 934 1710 curreret
958 1679 1150 1723 suspecto.
1184 1671 1316 1722 Itaque
1338 1670 1547 1709 frustrandi

227 1735 338 1766 eraut
362 1729 448 1766 falsi
474 1730 633 1775 fratres,
671 1729 913 1780 speculantes
940 1729 1157 1767 libertatem
1185 1728 1460 1775 Christianam,
1498 1741 1546 1769 ne

225 1792 312 1823 ante
339 1798 422 1823 eam
450 1787 486 1823 in
511 1787 734 1824 servitutem
765 1785 1003 1823 abduce-rent
1035 1785 1232 1831 Iudaismi,
1272 1798 1381 1836 quam
1409 1783 1547 1823 Paulus

226 1843 344 1880 sciret
368 1855 408 1880 se
436 1856 511 1880 non
537 1844 574 1880 in
598 1855 758 1880 vacuum
780 1843 1010 1888 cucurrisse,
1039 1855 1147 1893 quam
1163 1841 1344 1880 dexteras
1358 1843 1393 1880 ei
1410 1840 1560 1880 darent'

226 1906 506 1945 antecessores,
535 1912 642 1951 quam
671 1912 719 1937 ex
745 1912 861 1937 censu
888 1912 1018 1937 eorum
1045 1900 1083 1937 in
1099 1899 1274 1937 nationes
1296 1897 1546 1950 praedicandi
1592 1896 1597 1901 ”’

226 1968 356 1993 munus
381 1956 591 2003 subiret.3)
653 1955 885 1994 Necessario
931 1957 1048 2006 igitur
1080 1957 1197 1995 cessit
1226 1954 1275 1994 ad
1301 1962 1467 2006 tempus,
1507 1963 1548 1995 et

226 2012 280 2049 sic
307 2013 343 2049 ei
375 2014 472 2050 ratio
507 2019 657 2050 constat
685 2013 924 2051 Timotheum
958 2012 1260 2052 circumcidendi
1285 2019 1325 2050 et
1350 2025 1459 2051 rasos
1484 2013 1543 2061 in·

226 2067 455 2106 troducendi
486 2070 523 2107 in
556 2070 752 2121 templum,
787 2083 881 2121 quae
915 2071 952 2108 in
983 2069 1094 2109 Actis
1108 2072 1143 2121 ⁴¹)
1183 2069 1403 2115 edicuntur,
1443 2068 1542 2108 adeo

225 2138 334 2172 vera,
372 2133 413 2163 ut
437 2126 610 2177 apostolo
638 2133 850 2164 consonent
874 2128 1117 2178 profitenti5)
1154 2128 1293 2166 factum
1326 2140 1367 2165 se
1394 2125 1545 2165 Iudaeis

225 2181 428 2227 Iudaeum,
466 2190 507 2221 ut
544 2182 704 2222 Iudaeos
741 2184 1010 2232 lucrifaceret,
1061 2193 1100 2223 et
1135 2185 1202 2223 sub
1241 2183 1327 2235 lege
1365 2190 1542 2234 agentem

224 2247 383 2291 propter
408 2253 488 2287 eos,
516 2241 577 2292 qui
603 2241 669 2278 sub
698 2241 783 2292 lege
810 2250 994 2292 agerent,
1033 2244 1088 2281 sic
1115 2249 1154 2281 et
1184 2248 1344 2294 propter
1367 2241 1543 2292 superin-

225 2296 360 2335 ductos
386 2298 489 2344 illos,
518 2304 557 2335 et
583 2298 753 2336 omnibus
778 2300 979 2338 novissime
1007 2301 1132 2338 omnia
1159 2299 1318 2345 factum,
1345 2305 1387 2336 ut
1411 2310 1543 2337 omnes

225 2354 449 2392 lucraretur.
513 2354 554 2392 Si
581 2355 676 2394 haec
703 2369 851 2407 quoque
877 2358 1039 2407 intelligi
1071 2370 1120 2395 ex
1149 2356 1223 2395 hoc
1255 2356 1464 2408 postulant,
1503 2352 1543 2392 id

225 2424 372 2463 quoque
399 2424 509 2450 nemo
543 2411 748 2461 dubitabit,
787 2415 867 2452 eius
900 2413 962 2452 dei
995 2421 1034 2453 et
1059 2414 1202 2453 Christi
1233 2411 1541 2466 praedicatorem

318 2550 353 2588 1)
379 2550 452 2582 Gal.
468 2552 540 2589 2,3.
635 2551 670 2591 2)
696 2552 738 2584 ib.
752 2562 782 2583 v.
796 2554 827 2584 4.
843 2555 873 2583 5.
968 2552 1002 2594 3)
1026 2554 1068 2585 ib.
1083 2563 1112 2584 v.
1128 2556 1158 2584 9.
1175 2554 1226 2583 10.
1320 2547 1355 2590 4)
1380 2550 1455 2580 Act.
1479 2549 1542 2588 Ap.

230 2594 281 2634 16,
297 2595 326 2625 3.
343 2596 394 2636 21,
404 2597 447 2625 24
461 2605 534 2634 sqq.
632 2599 667 2637 5)
694 2599 712 2627 1
728 2599 805 2630 Cor.
821 2601 852 2638 9,
867 2600 921 2631 20.
