1624 2826
235 688 682 748 ADVERSUS
717 666 1300 745 HERMOGENEM.

229 955 266 992 1.
316 935 513 992 Solemus
532 952 741 991 haereticis
763 951 980 1004 compendii
1000 953 1125 1004 gratia
1146 950 1194 990 de
1210 952 1438 1004 posteritate

110 1009 406 1060 praescribere3
432 1011 469 1047 in
496 1017 674 1062 quantum
700 1010 799 1048 enim
824 1011 998 1049 veritatis
1024 1009 1159 1061 regula
1190 1010 1309 1062 prior,
1341 1021 1437 1060 quae

110 1066 226 1104 etiam
251 1066 399 1105 futuras
423 1067 607 1106 haereses
631 1068 937 1120 praenuntiavit,
963 1068 999 1105 in
1026 1066 1440 1118 tantumposteriores

111 1134 284 1175 quaeque
322 1123 524 1162 doctrinae
562 1124 744 1163 haereses
782 1123 1165 1175 praeiudicabuntur,
1212 1123 1299 1174 quia
1337 1128 1437 1167 sunt,

112 1191 211 1230 quae
242 1180 392 1219 finurae
423 1181 597 1219 vernaus
634 1182 849 1232 anthpflore
886 1181 1021 1231 regukl
1057 1178 1434 1232 praenunfiabantun

111 1235 366 1288 Hermogenis
391 1244 516 1276 autem
543 1237 719 1276 doctrina
745 1245 819 1276 tam
841 1238 1004 1284 novella,
1030 1236 1194 1289 denique
1215 1235 1262 1275 ad
1282 1235 1439 1275 hodier-

111 1307 199 1332 num
229 1294 343 1332 homo
375 1295 412 1332 in
439 1295 591 1342 seculo,
630 1303 670 1333 et
695 1302 828 1333 natura
862 1307 1012 1347 quoque
1044 1295 1283 1340 haereticus,
1321 1294 1437 1331 etiam

110 1351 363 1397 turbulentus,
390 1353 453 1403 qui
479 1353 750 1404 loquacitatem
778 1351 993 1390 facundiam
1019 1353 1226 1397 existimet,
1253 1357 1293 1389 et
1317 1351 1439 1402 impu-

110 1407 276 1448 dentiam
305 1410 557 1447 constantiam
584 1408 755 1461 deputet,
782 1416 821 1447 et
841 1407 1075 1447 maledicere
1095 1408 1254 1459 singulis
1273 1406 1437 1446 officium

108 1466 236 1504 honae
278 1467 541 1505 conscientiae
585 1466 742 1505 iudicet.
816 1465 1027 1505 Praeterea
1068 1467 1192 1517 pingit
1226 1465 1376 1511 illicite,
1399 1465 1436 1512 ¹)

108 1522 216 1562 nubit
241 1522 458 1572 assidue‚2)
497 1524 621 1575 legem
648 1523 710 1562 dei
737 1525 773 1562 in
800 1522 994 1562 libidinem
1021 1522 1212 1570 defendit,
1251 1523 1289 1561 in
1316 1529 1436 1562 artem

109 1582 339 1627 contemnit,
375 1581 435 1619 bis
467 1581 645 1620 falsarius
676 1589 716 1620 et
746 1582 921 1619 cauterio
948 1588 988 1619 et
1012 1581 1121 1627 stilo,
1158 1587 1262 1619 totus
1286 1579 1438 1619 adulter

108 1644 150 1676 et
172 1637 475 1690 praedicationis
499 1646 540 1677 et
564 1641 704 1684 carnis,
731 1637 917 1689 siquidem
943 1644 982 1676 et
1007 1637 1227 1677 nubentium
1254 1639 1436 1688 contagio

108 1694 250 1740 foetet,
288 1707 361 1733 nec
392 1696 474 1746 ipse
507 1696 743 1746 apostolicus
776 1695 1041 1746 Hermogenes
1054 1695 1092 1741 ³)
1119 1696 1157 1732 in
1189 1694 1324 1745 regula
1349 1706 1437 1745 per-

108 1752 312 1790 severavit.
353 1749 432 1790 Sed
456 1751 599 1789 viderit
623 1764 801 1803 persona,
833 1765 918 1789 cum
943 1751 1120 1789 doctrina
1147 1751 1237 1789 mihi
1263 1752 1437 1802 quaestio

109 1815 182 1847 est.
250 1807 440 1846 Christum
478 1806 669 1846 dominum
708 1821 783 1846 non
821 1808 934 1846 alium
970 1807 1124 1846 videtur
1158 1809 1436 1859 agnoscere,¹)

108 1866 223 1904 alium
249 1871 376 1904 tamen
402 1866 508 1911 facit,
542 1878 652 1917 quem
677 1865 793 1903 aliter
818 1866 1039 1916 cognoscit,
1066 1866 1142 1903 imo
1168 1871 1307 1912 totum,
1335 1864 1437 1917 quod

108 1930 170 1962 est
200 1922 312 1969 deus,
351 1923 495 1967 aufert,
535 1923 670 1961 nolens
700 1922 803 1961 illum
836 1935 885 1960 ex
922 1922 1040 1961 nihilo
1070 1923 1248 1961 universa
1280 1922 1435 1961 fecisse.

107 1979 142 2020 A
171 1979 398 2019 Christianis
429 1981 527 2019 enim
561 1993 769 2019 conversus
799 1979 847 2018 ad
878 1979 1146 2031 philosophoS,
1185 1978 1234 2018 de
1266 1980 1437 2019 ecclesia

107 2039 147 2076 in
172 2037 408 2077 academiam
435 2045 475 2076 et
498 2039 706 2089 porticum,
733 2036 822 2076 inde
847 2038 1005 2088 sumpsit
1028 2050 1051 2075 a
1066 2035 1212 2075 Stoicis
1236 2038 1436 2077 materiam

109 2108 194 2134 cum
220 2094 373 2133 domino
399 2107 559 2147 ponere,
586 2107 682 2147 quae
707 2101 747 2133 et
771 2096 854 2147 ipsa
879 2107 1032 2146 semper
1055 2095 1171 2133 fuerit
1195 2107 1321 2147 neque
1346 2101 1435 2133 nata

108 2165 233 2204 neque
258 2153 362 2191 faeta
393 2165 466 2191 nec
497 2153 643 2190 initium
667 2151 812 2191 hahens
837 2153 990 2190 omnino
1016 2164 1088 2190 nec
1115 2151 1248 2199 finem,
1286 2164 1337 2191 ex
1361 2165 1435 2204 qua

108 2207 282 2249 dominus
307 2210 434 2248 omnia
459 2216 594 2262 postea
618 2210 771 2248 fecerit.

222 2270 262 2310 2.
313 2266 421 2306 Hanc
451 2268 608 2319 primam
640 2266 808 2305 umbram
834 2267 948 2319 plane
974 2269 1055 2306 sine
1083 2268 1222 2305 lumine
1247 2267 1434 2318 pessimus

106 2325 237 2376 pictor
271 2324 347 2363 illis
383 2324 779 2376 argumentationibus
809 2325 1018 2373 coloravit,
1056 2330 1324 2377 praestruens,
1367 2330 1434 2362 aut

200 2476 238 2515 1)
262 2477 314 2506 lta
335 2476 410 2507 eod.
436 2475 632 2515 U'ouweri,
655 2478 689 2506 et
711 2475 837 2519 Rigalt.
862 2475 992 2507 Ceteri:
1019 2474 1156 2505 licite.
1256 2473 1293 2512 2)
1318 2473 1370 2505 Cf.
1391 2473 1432 2503 de

107 2521 326 2561 monogamia
340 2531 368 2553 c.
383 2523 437 2552 16.
532 2522 570 2560 3)
589 2523 609 2552 2
623 2522 710 2552 Tim.
734 2522 766 2561 1,
790 2523 843 2552 15.
937 2522 975 2561 4)
1000 2522 1052 2552 lta
1075 2520 1150 2551 cod.
1165 2519 1296 2558 ναίεις
1323 2519 1430 2550 Rhea.

107 2569 143 2597 et
163 2567 269 2598 ceteri
289 2568 386 2600 editt.
412 2577 491 2599 non
512 2569 646 2599 alium
675 2568 846 2599 videtur
869 2567 1000 2599 aliter
1018 2574 1293 2607 cognoscere.

164 2625 366 2657 'ram-cm..
399 2627 452 2656 tv.
1120 2615 1139 2652 1
