1566 2808
332 188 455 221 ADv.
491 188 855 235 MARploNEM
890 189 1066 220 LIBER
1101 190 1142 222 ΙΙ.
1335 187 1408 224 89

78 288 127 321 et-
154 277 310 334 spinae,
347 279 417 320 sed
453 287 543 320 ante
581 281 736 319 foenum
774 288 814 320 et
849 281 993 320 herbae
1032 288 1076 320 et
1112 281 1292 320 arborum
1327 281 1408 320 fru-

80 346 228 378 ctuosa.
261 336 427 377 'Statim
464 337 589 377 sudor·
620 345 661 377 et
697 339 808 377 labor
844 340 971 391 panis,
1010 338 1078 378 sed
1111 346 1198 377 ante
1232 352 1281 378 ex
1306 340 1409 377 omni

79 396 334 448 lignoyictus
359 396 533 434 immunis
559 403 598 434 et
623 396 804 434 alimenta
829 410 980 435 secura.
1041 395 1192 436 Exinde
1218 397 1332 435 homo
1358 395 1407 435 ad

78 461 242 502 terram,
271 451 350 494 ‚sod
381 460 469 491 ante
503 451 551 491 de
583 460 708 501 terr-‘13
747 453 887 492 exinde
919 453 968 492 ad
998 461 1179 501 mortem,
1218 453 1286 493 sed
1318 460 1407 492 ante

75 510 128 551 -ad
152 512 288 558 vitam3
328 510 468 549 exinde
495 511 532 548 in
559 512 724 550 scorteis
747 512 938 558 vestibus,
977 510 1046 550 sed
1077 519 1166 550 ante
1192 513 1275 550 sine
1300 525 1409 551 scru-

77 569 168 622 pulo
194 567 329 608 nudus.
392 568 450 607 Ita
476 569 584 620 prior
613 568 767 607 bonitas
793 568 856 608 ‹lei
883 568 1090 608 secundum
1117 576 1308 616 naturam,
1347 582 1409 608 se-

77 627 222 666 veritas
247 624 677 678 posterior-secundum
698 639 890 665 caussam:
917 627 982 664 illa
1008 628 1192 677 ingenita,
1220 627 1317 665 haec
1343 639 1409 664 ac-

80 683 233 731 cideus3
268 684 338 733 illa
362 683 540 735 propria,
578 683 675 722 haec
707 683 1018 730 accommodata3
1057 684 1122 721 illa
1148 682 1271 730 edita,
1310 683 1407 722 haec

77 741 263 780 adhibita.
323 739 410 779 Nec
448 747 584 778 natura
620 741 719 778 enim
746 741 983 792 inoperatam
1017 739 1149 778 debuit
1174 741 1407 779 continuisse

76 797 309 844 bonitatem,-
347 796 419 836 nee
459 810 594 836 caussa
632 797 903 836 dissimulatam
943 799 1111 836 evasisse
1149 799 1406 841 severitatem.

76 854 251 895 Alteram
278 855 370 899 sibi,
397 855 557 894 alteram
583 856 640 893 rei
658 854 766 906 *deus
799 857 1003 907 praestitit.
1066 855 1198 908 Incipe
1227 869 1325 894 nunc
1351 863 1409 894 et·-

78 915 152 952 iam
178 912 316 952 iudicis
342 919 499 959 statum,
538 919 580 950 ut
610 913 761 951 affinem
793 914 901 960 mali,
941 923 1125 964 arguere,
1165 915 1228 965 qui
1259 913 1408 952 ideirco

78 971 192 1010 alium
219 969 330 1009 deum
356 970 571 1017 somniasti,
610 970 847 1008 solummodo
874 971 1033 1018 bonum,
1072 972 1159 1023 quia
1191 985 1266 1010 non
1297 978 1410 1023 potes

77 1027 265 1076 iudicem,
306 1031 546 1080 (quamquam
579 1035 618 1066 et
650 1028 754 1066 illum
786 1036 828 1066 ut
858 1027 1022 1067 iudicem
1050 1028 1315 1076 ostendimus,)
1344 1035 1410 1067 aut

78 1087 111 1125 si
126 1100 212 1132 ‚non
237 1085 423 1132 iudicem,
451 1093 559 1124 certe
585 1086 807 1137 perversum
834 1099 878 1125 ac.
903 1100 1038 1124 vanum
1067 1086 1305 1138 disciplinae,
1324 1099 1407 1133 >non

77 1142 355 1190 vindicandae,
392 1143 431 1181 id
457 1150 517 1181 est
554 1157 630 1180 non
668 1142 916 1189 iudicandae,
951 1145 1258 1181 constitutorem.
1319 1142 1408 1180 Non

79 1201 268 1254 reprobas
293 1207 419 1239 autem
446 1199 557 1239 deum
584 1199 769 1246 iudicem,
798 1201 860 1251 qui
886 1214 962 1238 non
989 1200 1154 1239 iudicem
1181 1199 1292 1238 deum
1318 1213 1410 1252 pro-

78 1258 161 1297 bas.
208 1258 346 1311 ·Ipsam
384 1258 466 1296 sine
504 1256 619 1296 dubio
658 1258 839 1295 iustitiam
876 1271 1061 1296 accusare
1095 1257 1272 1304 debebis,
1312 1270 1408 1310 quae

78 1315 246 1358 iudicem
271 1322 462 1368 praestat,
501 1322 567 1354 aut
591 1321 631 1354 et
661 1324 745 1353 eam
772 1316 810 1353 in
835 1316 987 1367 species
1012 1315 1181 1353 malitiae
1208 1315 1408 1367 deputare,

78 1372 118 1412 id
156 1380 234 1420 est,
270 1373 493 1412 iniustitiam
531 1373 568 1409 iu
586 1373 739 1410 'titulos
775 1372 959 1413 bonitatis
996 1371 1236 1411 adscribere.
1295 1371 1409 1410 Nunc

78 1431 187 1470 euim·
216 1430 360 1473 iustitia
393 1430 550 1476 malum,
589 1429 619 1467 si
653 1430 839 1467 iniustitia
863 1429 1017 1467 bonum.
1079 1429 1202 1467 Porro
1230 1442 1321 1468 eum·
1342 1442 1410 1468 eo-

74 1487 432 1541 geris,iniustitiam
459 1486 507 1526 de
540 1487 714 1539 pessimis
746 1488 1017 1539 pronuntiare,
1057 1486 1194 1526 eodem
1227 1488 1318 1538 iugo
1343 1499 1409 1525 ur-

77 1546 184 1597 geris
221 1546 402 1584 iustitiam
441 1543 489 1583 de
528 1545 680 1596 optimis
717 1558 894 1583 censere.
947 1544 1063 1583 ⁴Nihil
1095 1546 1194 1583 enim
1220 1545 1409 1583 aemulum

76 1603 168 1642 mali
199 1616 276 1642 non
305 1602 464 1650 bonum,
504 1604 604 1641 sieut
636 1609 676 1640 et
699 1602 790 1640 boni
816 1603 1004 1641 aemulum
1036 1603 1129 1640 nihil
1155 1616 1231 1640 non
1257 1603 1407 1640 malum.

78 1660 203 1713 Igitur
227 1667 369 1713 quanto
395 1661 532 1703 malum
558 1660 761 1707 iniustitia,
801 1667 907 1698 tanto
939 1660 1079 1698 bonum
1106 1661 1263 1698 iustitia.
1322 1659 1408 1697 Nee

78 1719 231 1770 species
268 1717 526 1764 solummodo,
565 1716 634 1755 sed
671 1719 790 1756 tutela
829 1717 1043 1769 reputanda
1079 1717 1282 1763 bonitatis,
1322 1717 1410 1768 quia

77 1774 251 1821 bonitas,
278 1775 350 1812 nisi
375 1775 518 1812 iu‘stitia
545 1781 721 1825 regatur,
747 1779 790 1812 ut
813 1775 912 1812 iusta
938 1776 1005 1820 sit,
1040 1788 1116 1812 non
1143 1775 1218 1812 erit
1242 1774 1408 1820 bonitas,

78 1833 111 1871 si
137 1833 282 1879 iniusta
301 1832 362 1870 sit.
423 1830 530 1870 Nihil
558 1832 668 1869 -enim
703 1831 864 1878 bouum,
903 1830 1004 1883 quod
1034 1832 1231 1879 iniustum,
1268 1831 1408 1870 bonum

79 1896 206 1929 autem
233 1902 364 1936 omne,
391 1903 493 1941 quoa
518 1889 669 1927 iustum.
1229 1935 1236 1946 Ἰ

198 1951 264 1990 12.
315 1947 372 1986 lta
403 1948 436 1985 si
467 1948 636 1985 societas
668 1954 708 1986 et
740 1947 975 1999 conspiratio
1000 1947 1186 2001 bonitatis
1210 1954 1326 1999 atque
1350 1948 1408 1985 iu-

78 2006 228 2053 stitiae,
267 2005 513 2057 separatione
546 2017 675 2043 earum
707 2018 783 2043 non
815 2012 926 2057 potes
953 2018 1089 2044 carere
1104 2007 1169 2054 ¹)‘.?
1224 2005 1311 2053 Quo
1339 2017 1407 2043 ore

80 2064 292 2102 constitues
336 2061 600 2102 diversitatem
644 2061 803 2100 duorum
847 2061 1026 2109 deorum,
1077 2064 1116 2101 i'n
1160 2057 1417 2114 separatione*

79 2133 252 2159 seorsum
291 2118 477 2172 deputans
515 2118 627 2158 deum
664 2119 803 2159 bonum
839 2127 881 2159 et
910 2133 1081 2158 seorsum
1104 2119 1219 2159 deum
1246 2121 1409 2159 iustum?

78 2177 164 2217 Illie
190 2178 368 2216 consistit
391 2178 544 2224 bonum,
571 2177 636 2215 ubi
661 2184 701 2216 et
725 2179 902 2216 iustum.·‘
935 2179 972 2216 A
998 2177 1208 2229 primordio
1243 2177 1407 2228 denique

80 2241 239 2274 creator
262 2242 338 2273 mm
362 2235 515 2281 bonus,
543 2247 654 2286 quam⁴
678 2242 718 2273 et
741 2236 874 2273 iustus.
913 2234 1066 2273 Pariter
1090 2242 1290 2286 utrumque
1316 2247 1408 2286 pro-

80 2293 215 2340 cessit,
252 2291 405 2330 bonitas
431 2293 512 2330 eius
539 2299 698 2344 operata
724 2300 783 2330 est
807 2291 1002 2338 mundum,
1035 2293 1181 2330 iustitia
1213 2291 1408 2329 modulata

78 2357 151 2396 est,
178 2362 275 2401 quae
302 2350 417 2387 etiam
443 2356 521 2387 tum
552 2348 729 2388 mundum
754 2348 939 2389 iudicavit
963 2363 1012 2388 ex
1036 2350 1148 2387 bonis
1173 2347 1409 2396 faciendum,

171 2453 208 2490 1)
234 2453 451 2485 Edd.0mnes
466 2454 788 2494 sineinterrogandi
808 2454 922 2494 signo,
951 2456 1053 2493 atque
1067 2454 1140 2493 Rig.
1161 2453 1406 2492 separatio-

78 2508 169 2530 nem
200 2509 285 2531 ear.
307 2509 397 2531 -non
429 2502 573 2539 potest
606 2510 772 2539 capere.
834 2501 914 2531 Cod.
940 2501 1047 2531 Pith.:
1085 2500 1407 2538 separationem

79 2555 224 2576 eorum
249 2555 331 2577 non
358 2548 502 2585 potent
529 2555 697 2584 carere3
730 2546 804 2576 cod.
826 2547 920 2576 Um:
955 2546 1234 2585 separatione
1260 2554 1405 2577 eorum

78 2600 158 2622 non
188 2594 331 2632 p'otest
357 2601 539 2623 currere.
588 2586 659 2623 Nos
679 2595 817 2622 tuemur
831 2592 985 2622 Rhenani
1000 2592 1219 2631 scripturam.
