1624 2826
367 219 492 249 anv.
527 217 889 248 ΜΑΒσιοΝΕΜ
927 211 1102 248 mBER
1132 218 1174 250 v.
1333 215 1434 255 315

82 319 145 352 ·et
167 311 245 358 hic,
272 324 344 363 qua
370 312 409 350 in
434 309 559 361 effigie
586 323 670 349 enm
696 308 759 348 dei
785 309 968 355 collocat,
994 316 1118 362 aeque
1143 323 1219 349 non
1246 311 1321 350 erit
1341 310 1436 350 dens

105 370 281 408 Christus
314 381 432 415 vere,
470 369 501 406 si
540 381 613 406 nec
650 367 764 405 homo
800 380 894 406 vere
932 368 1003 405 fuit
1038 368 1076 406 in
1109 367 1234 420 effigie
1272 369 1437 408 bominis

105 428 360 466 constitutus?
385 425 595 477 Utrobique
622 425 722 463 enim
748 425 892 464 veritas
918 425 1252 465 necessehabebit
1265 426 1434 472 excludi,

104 486 137 523 si
168 483 315 536 effigies
346 490 387 522 et
418 482 626 522 similitudo
659 489 698 521 et
730 483 852 534 figura
878 483 1132 534 phantasmati
1156 483 1431 523 vindicabitur.

106 541 250 590 Quodsi
276 542 315 580 in
341 541 467 592 effigie
494 548 534 579 et
558 541 595 578 in
621 541 810 591 imagine,
850 554 920 592 qua
950 540 1047 579 filius
1072 542 1212 593 patris,
1238 555 1330 581 vere
1358 541 1435 588 dei,

103 598 351 652 praedicatus
375 600 506 645 est,¹)
534 598 648 636 etiam
680 599 718 635 in
745 597 871 648 effigie
898 604 938 636 et
962 593 1128 650 imagine
1155 599 1337 646 hominis,
1364 613 1439 652 qua

105 657 206 695 lilius
229 657 406 702 hominis,
431 668 524 694 vere
550 655 740 694 hominem
767 656 1019 704 inventum.²)
1056 655 1155 694 Nam
1182 664 1221 695 et
1246 658 1438 696 inventum

105 715 257 753 ratione
282 714 423 766 posuit,
450 711 486 751 id
513 720 572 751 est
597 713 813 751 certissime
839 713 1051 761 hominem
1078 713 1179 764 quod
1206 715 1305 752 enim
1331 715 1438 753 inve-

106 772 228 819 nitur,
261 777 415 810 constat
439 782 544 816 esse3
583 771 639 808 sic
671 777 712 807 et
742 769 837 808 deus
862 771 1039 808 inventus
1064 777 1124 808 est
1149 783 1220 822 per
1243 772 1437 817 virtutem,

104 829 207 868 sicut
229 828 344 867 homo
368 839 442 879 per
466 831 642 872 carnem,
681 827 767 878 quia
800 839 872 865 nec
904 828 1018 865 morti
1052 826 1240 866 subditum
1267 841 1438 880 pronun-

103 886 241 925 tiasset
281 898 359 924 non
401 885 440 923 in
477 884 690 922 substantia
726 885 878 922 mortali
918 886 1179 924 constitutum.
1252 885 1342 925 Plus
1379 895 1439 925 est

95 950 258 990 autem,
296 941 399 995 quod
423 941 587 980 adiecit:
633 949 673 980 et
697 949 859 981 mortem
886 943 1072 989 crucis-³)
1128 942 1217 981 Non
1243 945 1344 982 enim
1370 957 1439 983 ex-

105 1007 271 1053 aggerat
294 1001 553 1047 atroeitatem,
580 999 804 1039 extollendo
829 1001 1008 1039 virtutem
1036 1000 1300 1048 subiectionis,
1328 1003 1438 1054 quani

105 1059 370 1111 imaginariam
394 1057 660 1111 phantasmate
685 1058 836 1105 scisset,
862 1058 1047 1096 frustrato
1061 1059 1189 1110 potius
1203 1072 1301 1106 eam,
1328 1073 1438 1111 quam

107 1123 296 1169 experto,
334 1129 407 1155 nec
443 1116 585 1154 virtute
617 1116 749 1154 functo
776 1117 812 1154 in
839 1117 1038 1167 passione,
1078 1115 1146 1154 sed
1174 1116 1269 1154 lusu.
1332 1117 1438 1164 Quae

108 1180 235 1212 antem
259 1180 366 1212 retro
393 1173 489 1211 lucri
515 1173 691 1218 duxerat,
718 1186 815 1224 quae
841 1180 882 1210 et
905 1173 1062 1224 supra4)
1088 1181 1262 1211 numerat
1276 1173 1439 1224 gloriam

110 1231 258 1277 carnis,
284 1236 412 1268 notam
440 1230 765 1275 circumcisionis,
792 1230 947 1280 generis
974 1229 1155 1276 Hebraei,
1182 1243 1231 1269 ex
1258 1230 1438 1270 Hebraeo

111 1300 285 1333 censum,
324 1286 472 1326 titulum
505 1287 625 1324 tribus
651 1286 870 1333 Beniamin,
909 1287 1137 1339 pharisaeae
1166 1282 1354 1327 candidae
1381 1288 1439 1327 di-

109 1346 309 1397 gnitatem,
336 1344 434 1382 haec
459 1342 573 1382 modo
600 1343 831 1382 detrimento
858 1344 930 1382 sibi
957 1343 1182 1396 deputat‚⁵)
1210 1359 1285 1383 non
1312 1345 1438 1391 deum,

110 1401 179 1442 sed
215 1409 410 1454 stuporem
449 1400 688 1439 Indaeorum.
752 1401 858 1439 Haec
895 1415 941 1439 ac
974 1403 1005 1440 si
1037 1409 1214 1440 stercora
1245 1404 1441 1442 existimat

110 1473 204 1512 prae
235 1459 523 1510 comparatione
555 1459 763 1509 agnitionis
795 1458 956 1504 Christi,
996 1473 1071 1497 non
1097 1473 1190 1511 prae
1222 1461 1439 1499 reiectione

110 1517 173 1556 dei
200 1516 401 1560 creatoris,
428 1515 573 1553 habens
598 1517 793 1558 iustitiam,
821 1530 896 1553 non
923 1530 1026 1554 suam
1047 1518 1134 1563 iam,
1161 1531 1259 1569 quae
1274 1531 1321 1557 ex
1337 1518 1438 1570 lege,

109 1573 302 1626 sed-quae
328 1586 399 1625 per
429 1574 569 1625 ipsum,
607 1574 760 1611 scilicet
785 1573 997 1621 Christum,
1041 1587 1090 1613 ex
1122 1573 1256 1628 deo.⁶)
1317 1575 1437 1627 Ergo,

109 1632 255 1686 inquis,
280 1631 355 1670 hac
380 1629 629 1669 distinctione
655 1631 718 1669 lex
743 1645 819 1668 non
846 1644 894 1669 ex
920 1630 994 1669 deo
1021 1639 1106 1670 erat
1132 1632 1288 1670 Christi.
1340 1632 1440 1671 Sub-

108 1689 232 1728 tiliter
266 1689 372 1727 satis.
444 1687 594 1739 Accipe
631 1689 759 1739 itaque
797 1688 985 1726 subtilius.
1062 1689 1155 1727 Cum
1194 1691 1293 1728 enim
1330 1689 1438 1735 dicit,

111 1758 189 1784 non
215 1757 313 1796 quae
339 1757 388 1782 ex
414 1745 527 1795 lege,
566 1743 634 1782 sed
660 1757 757 1795 quae
782 1757 854 1795 per
884 1746 1004 1796 ipsum
1020 1773 1030 1790 ,
1070 1760 1145 1784 non
1177 1746 1340 1784 dixisset
1353 1760 1444 1799 ,per

112 1803 231 1854 ipsum
258 1799 306 1839 de
331 1801 422 1845 alio,
449 1813 559 1851 quam
587 1802 693 1838 cuius
718 1802 789 1838 fuit
814 1801 889 1839 lex.
935 1801 1091 1847 Noster,
1118 1804 1252 1854 inquit,
1278 1805 1440 1844 munici-

111 1866 224 1912 patus
254 1859 292 1896 in
325 1857 509 1903 coelisfl)
571 1855 755 1907 Agnosco
787 1865 957 1897 veterem
983 1858 1031 1896 ad
1056 1858 1250 1898 Abraham
1277 1862 1440 1912 promis-

113 1918 259 1955 sionem
285 1915 496 1954 creatoris:
530 1920 568 1952 et
593 1914 730 1952 faciam
756 1927 886 1954 semen
912 1922 1014 1954 tuum
1042 1923 1218 1969 tanquam
1244 1918 1376 1957 stellas
1401 1919 1439 1957 in

113 1972 290 2024 coe10.⁸)
339 1970 432 2010 Ideo
459 1978 499 2010 et
524 1971 635 2009 stella
660 1984 682 2008 a
707 1972 819 2010 stella
844 1971 974 2011 differt
998 1974 1036 2011 in
1063 1975 1245 2025 gloria.⁹)
1295 1975 1440 2023 Quodsi

114 2031 288 2071 Christus
313 2028 522 2068 adveniens
548 2027 596 2066 de
622 2029 743 2067 coelis
768 2030 1056 2082 transfigurabit
1081 2045 1222 2085 corpus
1245 2032 1439 2072 humilita-

113 2090 164 2128 tis
199 2094 356 2127 nostrae
395 2086 633 2125 conformale
671 2088 826 2139 corpori
853 2088 1002 2140 gloriae
1028 2091 1222 2142 suae‚¹0)
1259 2099 1440 2143 resurget

114 2159 211 2197 ergo
245 2158 385 2197 corpus
410 2143 485 2182 hoc
512 2150 701 2190 nostrum,
740 2144 840 2196 quod
867 2145 1088 2185 humiliatur
1116 2140 1155 2185 in
1182 2149 1437 2199 passionibus,

114 2210 156 2242 et
179 2204 218 2241 in
243 2204 325 2254 ipsa
351 2202 439 2252 lege
465 2202 599 2239 mortis
624 2202 661 2239 in
687 2208 828 2241 terram
855 2202 1061 2242 deiectum.
1112 2204 1312 2252 Quomodo
1338 2207 1438 2244 enim

114 2259 474 2310 transfigurabitur,
501 2259 532 2296 si
559 2258 698 2296 nullum
724 2259 824 2298 erit?
869 2259 947 2299 Aut
972 2262 1004 2299 si
1029 2260 1078 2300 de
1104 2263 1161 2300 eis
1186 2261 1348 2308 dictum,
1375 2263 1439 2313 qui

114 2319 153 2356 in
178 2316 343 2356 adventu
374 2315 437 2354 dei
463 2314 695 2367 deprehensi
725 2317 764 2355 in
795 2331 911 2357 carne
937 2317 1115 2371 deputari
1136 2321 1149 2346 ¹
1165 2320 1200 2367 ¹)
1227 2318 1437 2365 habebunt,

209 2433 246 2472 1)
282 2431 389 2464 Rhen.
417 2431 742 2470 praeiudicatu-
779 2435 855 2465 est.
967 2435 1005 2474 2)
1031 2434 1256 2464 Desideratur
1284 2436 1438 2473 verbum,

113 2481 170 2511 nt:
194 2478 284 2510 «lixit
308 2487 336 2510 ι.
361 2477 583 2519 praedicarit.
678 2478 715 2517 3)
738 2478 824 2509 Phil.
839 2480 870 2519 2,
885 2481 916 2508 8.
1009 2479 1046 2518 4)
1073 2479 1159 2509 Phil.
1176 2480 1208 2519 3,
1223 2481 1242 2510 5
1258 2489 1307 2518 sq.
1402 2481 1441 2520 5)

114 2525 161 2557 ib.
185 2534 219 2558 v.
243 2526 276 2556 τ.
371 2522 410 2567 6)
435 2524 478 2555 ib.
497 2533 528 2555 v.
549 2525 581 2555 8.
593 2525 624 2555 9.
719 2524 759 2563 τ)
787 2525 935 2557 ib.v.2⁰.
1031 2526 1069 2565 s)
1095 2526 1308 2567 cen.22‚1·1.
1402 2527 1439 2566 9)

115 2572 225 2605 icor.
241 2572 296 2610 15,
316 2571 372 2601 41.
466 2569 526 2609 10)
545 2569 631 2599 Phil.
651 2570 682 2609 3,
701 2571 754 2600 21.
850 2568 912 2614 11)
938 2571 1050 2602 Latin.
1077 2573 1111 2602 et
1130 2571 1186 2603 Fr.
1205 2571 1323 2603 lunius
1347 2572 1437 2604 coni.

116 2616 337 2650 demutari.
385 2615 666 2657 celem-‚1551
679 2626 727 2655 sq.
