1624 2826
367 206 494 238 Anv.
529 204 895 237 MARCIONEM
930 204 1107 236 nmen
1136 205 1175 236 v.
1334 200 1426 239 222

102 297 395 351 intelligendos,
433 299 496 351 qui
522 298 703 338 haereses
740 305 783 337 ut
818 298 954 336 malum
994 298 1207 348 fugiant.¹)
1262 295 1432 336 Proinde

101 358 211 410 panis
236 364 277 396 et
302 356 435 395 calicis
460 364 700 396 sacramenta
732 357 806 401 iam
831 357 870 394 in
896 356 1144 406 evangelio2)
1171 354 1429 407 probavimus,

104 415 282 467 corporis
317 421 359 453 et
393 415 588 466 sanguinis
626 414 808 453 dominici
851 415 1052 452 veritatem
1090 412 1274 451 adversus
1310 412 1433 463 phan-

102 480 225 511 tasma
266 471 490 511 Marcionis.
564 471 642 511 Sed
687 479 728 511 et
771 484 919 510 omnem
965 470 1152 518 iudicii3)
1199 471 1430 509 mentionem

103 530 273 570 creatori
299 537 534 582 competere,
561 537 602 568 ut
627 530 701 568 deo
727 528 858 575 iudici,
887 535 969 566 toto
995 541 1119 580 paene
1142 541 1260 581 opere
1287 534 1432 566 tracta-

102 595 180 627 tum
216 594 287 626 est.
348 587 462 626 Nune
500 586 548 625 de
592 587 826 639 spiritalibus
864 586 1028 635 dico,4)
1069 586 1165 624 haec
1204 598 1354 638 quoque
1393 587 1431 623 in

103 645 294 684 Christum
319 658 343 683 a
368 652 548 684 creatore
579 646 785 697 promissa,
824 644 892 682 sub
924 645 990 682 illa
1028 645 1335 696 praescriptione
1373 644 1431 681 iu-

101 704 283 750 stissima,
322 703 478 754 opinor,
518 716 590 754 qua
617 717 693 741 non
724 703 883 740 alterius
909 700 1105 745 credenda
1141 702 1191 739 sit
1227 701 1428 747 exhibitio,

101 773 211 814 quam
236 760 345 799 cuius
371 760 536 811 probata
562 761 678 798 fuerit
692 759 954 811 repromissio.
995 758 1261 796 Pronuntiavit
1274 758 1429 796 Esaias:

98 817 270 870 prodibit
292 817 403 868 virga
429 816 477 854 de
502 816 636 855 radice
662 817 781 863 Iesse,
808 823 848 854 et
873 817 943 853 flos
969 815 1017 854 de
1033 814 1166 854 radice
1181 814 1428 862 ascendet,⁵,)

99 882 141 914 et
174 874 396 927 requiescet
432 887 549 926 super
585 888 670 913 eum
707 874 862 926 spiritus
900 872 1062 920 domini3
1101 871 1240 912 dehinc
1278 874 1431 926 species

99 934 182 972 eins
206 939 424 971 enumerat:
462 933 618 984 spiritus
644 932 856 984 sapientiae
883 938 923 969 et
946 931 1247 982 intelligentiae,
1275 932 1431 983 spiritus

98 990 252 1030 consilii
288 996 329 1028 et
363 990 575 1037 valentiae,
621 997 659 1029 et
697 991 852 1042 spiritus
890 989 1098 1039 agnitionis
1136 995 1176 1027 et
1211 989 1427 1039 religionis,

98 1049 254 1101 spiritus
295 1060 381 1086 enm
419 1047 586 1100 replebit
627 1049 775 1086 timoris
813 1046 950 1097 dei.⁶)
1019 1047 1211 1085 Christum
1250 1047 1349 1096 enim
1389 1047 1428 1084 in

97 1106 204 1145 floris
229 1106 352 1156 figura
378 1105 547 1144 ostendit
572 1107 756 1144 oriturum
789 1118 838 1143 ex
861 1106 983 1155 virga,
1017 1105 1195 1156 profecta
1221 1103 1268 1142 de
1295 1103 1429 1142 radice

98 1162 218 1210 lesse,
249 1162 294 1201 id
314 1170 374 1201 est
395 1164 547 1213 virgine
568 1165 729 1214 generis
755 1162 890 1208 David,
919 1163 986 1200 lilii
1013 1162 1130 1207 lesse,
1159 1163 1195 1199 in
1223 1174 1296 1212 quo
1313 1160 1431 1198 *Chri-

74 1226 160 1259 sto
193 1220 407 1258 consistere
438 1220 602 1258 haberet
626 1227 714 1258 tota
745 1219 956 1258 substantia
989 1220 1162 1270 spiritus,
1214 1231 1289 1256 non
1322 1219 1429 1269 quasi

99 1283 237 1330 postea
262 1277 475 1316 obventura
500 1278 573 1324 illi,
614 1279 676 1329 qui
699 1290 856 1329 semper
886 1277 1042 1328 spiritus
1073 1275 1136 1314 dei
1162 1277 1300 1322 suerit,
1339 1283 1430 1314 ante

100 1348 255 1374 carnem
293 1348 463 1387 quoque,
502 1348 549 1373 ne
588 1348 638 1373 ex
673 1335 747 1374 hoe
785 1335 1065 1386 argumenteris
1102 1334 1342 1386 prophetiam
1381 1332 1430 1371 ad

98 1392 183 1432 eum
209 1392 402 1431 Christum
426 1394 637 1444 pertinere,
665 1394 727 1444 qui
758 1399 799 1431 ut
824 1393 938 1430 homo
965 1398 1110 1429 tantum
1137 1404 1185 1429 ex
1211 1391 1295 1429 solo
1311 1403 1430 1428 censu

97 1449 220 1490 David
245 1457 383 1503 postea
408 1457 685 1488 consecuturus
711 1451 761 1488 sit
786 1449 849 1488 dei
875 1451 932 1487 sui
958 1450 1144 1501 spiritum.
1204 1447 1282 1486 Sed
1309 1461 1431 1499 quon-

95 1511 169 1548 iam
201 1506 361 1554 exinde,
401 1521 475 1559 quo
507 1508 702 1546 floruisset
727 1509 765 1546 in
792 1520 929 1553 carne,
957 1514 1104 1559 sumpta
1130 1518 1180 1544 ex
1205 1507 1326 1558 stirpe
1352 1505 1430 1543 Da-

94 1565 184 1614 vid,
233 1566 484 1618 requiescere
523 1567 559 1603 in
599 1566 666 1604 illo
705 1566 826 1604 omnis
863 1565 1026 1603 haberet
1065 1565 1240 1616 operatio
1279 1565 1429 1615 gratiae

96 1621 279 1676 spiritalis
317 1630 357 1662 et
395 1635 628 1662 concessare
660 1630 700 1662 et
736 1624 849 1661 finem
888 1625 1020 1661 facere
1065 1629 1242 1674 quantum
1282 1620 1332 1660 ad
1368 1621 1430 1659 lu-

96 1681 235 1729 daeos3
267 1682 368 1719 sicut
391 1687 433 1719 et
456 1694 520 1719 res
545 1682 628 1733 ipsa
653 1688 829 1727 testatur,
858 1680 1104 1719 nibilexinde
1124 1681 1295 1733 spirante
1311 1691 1430 1730 penes

65 1741 74 1745 ’
96 1739 184 1778 illos
207 1739 344 1790 spiritu
370 1740 575 1784 creatoris,
603 1739 731 1777 ablato
758 1752 780 1777 a
806 1737 949 1776 Iudaea
974 1739 1148 1789 sapiente
1174 1745 1214 1775 et
1240 1735 1430 1788 prudente

96 1795 313 1835 architecto
339 1802 380 1833 et
405 1796 627 1833 consiliario
654 1803 694 1834 et
719 1794 982 1847 propbeta,‘¹)
1015 1801 1057 1832 ut
1081 1795 1155 1833 hoc
1182 1795 1250 1831 sit:
1301 1794 1364 1831 lex
1390 1799 1432 1830 et

95 1853 287 1906 propheta
313 1865 430 1904 usque
457 1851 506 1890 ad
531 1852 777 1901 Ioannem.⁸)
838 1852 986 1903 Accipe
1018 1865 1137 1899 nunc,
1172 1849 1363 1903 quomod'o
1390 1856 1431 1888 et

95 1924 119 1950 a
143 1909 298 1949 Christo
324 1911 363 1948 in
397 1909 545 1948 coelum
585 1917 745 1962 recepto
772 1909 1004 1948 charismata
1035 1909 1248 1947 obventura
1261 1905 1300 1959 ⁹)
1339 1920 1429 1959 pro-

95 1968 294 2007 nuntiarit.
372 1965 561 2006 Ascendit
597 1969 635 2005 in
673 1967 967 2013 sublimitatem,
1018 1966 1056 2004 id
1094 1973 1153 2005 est
1189 1966 1227 2004 in
1265 1966 1428 2011 coelum,

97 2026 285 2079 captivam
311 2023 419 2063 duxit
451 2026 732 2077 captivitatem,
770 2024 809 2064 id
841 2031 901 2063 est
937 2031 1099 2062 mortem
1129 2025 1192 2063 vel
1230 2023 1429 2062 humanam

95 2084 337 2130 servitutem,
376 2081 485 2121 dedit
509 2082 599 2121 data
626 2083 713 2122 filiis
737 2083 949 2129 hominum,
971 2083 1038 2132 ¹⁰)
1076 2081 1116 2121 id
1142 2089 1206 2121 cst
1233 2081 1428 2126 donativa,

98 2151 196 2193 quae
234 2141 465 2179 charismata
502 2140 675 2179 dicimus.
749 2140 962 2192 Eleganter
998 2140 1088 2179 filiis
1130 2140 1323 2178 hominum
1361 2140 1427 2184 ait,

98 2211 174 2236 non
204 2198 343 2249 passim
380 2197 614 2245 hominibus,
653 2211 723 2237 nos
748 2198 963 2240 'ostendens
994 2197 1093 2236 filios
1138 2198 1350 2243 hominum,
1389 2195 1427 2233 id

98 2262 159 2294 est
181 2267 274 2294 vere
298 2254 807 2317 hominumnapostolorum.
831 2253 894 2317 «1³¹
919 2256 1122 2306 evangelio
1149 2252 1273 2302 enim,
1290 2253 1426 2314 inquit.

532 2316 582 2343 W
788 2327 799 2334 ἢ
874 2325 890 2334 μ
1084 2312 1105 2319 Ἃ

195 2430 231 2467 1)
256 2431 274 2459 1
291 2430 434 2468 δοῖ-11,
451 2430 504 2461 18.
522 2430 573 2460 19.
668 2429 704 2469 2)
730 2431 813 2461 Luc.
829 2432 883 2471 22,
900 2432 939 2461 15
955 2440 1026 2469 sqq.
1053 2430 1103 2460 ef.
1119 2427 1309 2459 adv.Marc.
1323 2427 1355 2463 4,
1371 2426 1426 2455 4⁰.

100 2477 137 2516 3)
163 2477 270 2507 1Cor.
297 2477 351 2514 11,
378 2477 430 2505 29.
525 2476 562 2514 4)
591 2476 608 2504 1
624 2476 700 2506 Cor.
716 2477 769 2515 12,
785 2478 816 2507 1.
913 2475 948 2516 5)
975 2477 1117 2505 Praeter
1141 2472 1324 2513 Rigaltium
1352 2480 1424 2502 om-

101 2522 190 2552 nesi
211 2521 447 2560 ascenden*
471 2521 518 2552 de
544 2521 683 2560 virga,
715 2524 756 2551 et
781 2531 896 2559 requ.
1003 2522 1040 2558 6)
1066 2523 1127 2551 les.
1146 2520 1294 2559 1¹‚1sq.
1389 2518 1428 2555 7)

102 2569 164 2599 tes.
180 2568 211 2605 3,
226 2569 257 2599 3.
354 2569 391 2605 8)
418 2569 500 2599 hue.
520 2568 575 2607 16,
595 2569 648 2598 16.
744 2564 778 2606 9)
804 2568 822 2596 1
845 2568 921 2598 Cor.
938 2568 991 2607 12,
1011 2568 1032 2596 4
1047 2575 1118 2605 sqq.
1214 2564 1274 2607 10)
1301 2562 1427 2603 Ephes.

103 2614 133 2652 4,,
149 2614 180 2645 8.
200 2614 259 2645 Ps.
274 2615 329 2654 68,
345 2615 397 2644 19.
