1604 2800
641 183 711 214 DE
743 183 944 216 AN1MA.
1352 186 1451 224 215

120 281 171 308 ex
195 268 327 322 probis
347 277 389 310 et
407 270 630 313 hirundines
655 287 704 314 ex
730 276 894 327 garrulis
920 283 960 315 et
985 276 1186 317 columbae
1212 290 1262 317 ex
1287 279 1450 332 pudicis,

119 332 226 384 qnasi
263 331 399 372 eadem
443 332 654 372 substantia
697 335 847 373 animae
883 334 1023 386 ubique
1060 342 1232 374 naturam
1271 350 1375 376 suam
1411 340 1451 378 iu

117 389 333 428 anImalium
346 391 647 443 proprietatibus
666 399 830 444 repetat.
867 391 983 430 Aliud
1005 399 1064 431 est
1083 400 1209 432 autem
1225 394 1449 443 substantia,

117 445 221 486 aliud
246 454 384 487 natura
408 447 659 496 substantiae,
686 449 870 502 siquidem
898 450 1110 488 substantia
1135 453 1292 504 propria
1312 459 1372 491 est
1390 454 1450 493 rei

117 505 319 556 cuiusque,
351 513 486 544 natura
518 519 611 545 vero
643 514 773 559 potest
797 520 882 546 esse
910 509 1131 547 communis.
1194 507 1356 562 Suspice
1382 523 1450 550 ex-

116 562 293 614 emplum.
361 562 584 602 Substantia
615 572 676 603 est
707 565 822 617 lapis,
861 566 1023 614 ferrum3
1062 565 1203 605 duritia
1240 567 1378 619 lapidis
1409 575 1449 607 et

114 619 210 658 ferri
237 627 372 660 natura
398 621 634 661 substantiae
655 629 725 661 est.
765 622 915 661 Duritia
941 625 1208 671 communicat,
1235 625 1449 664 substantia

113 674 327 716 discordat.
371 678 543 717 'Mollitia
569 679 693 726 lanae,
721 681 879 718 mollitia
906 681 1055 732 plumae
1082 683 1233 733 pariant
1258 683 1448 722 naturalia

112 745 262 782 earum,
294 735 531 774 substantiva
557 750 632 775 non
658 738 821 788 pariant.
884 736 950 776 Sic
977 745 1015 776 et
1040 739 1072 776 si
1097 752 1212 777 saeva
1238 739 1361 778 bestia
1386 741 1447 780 vel

110 790 235 844 proba
259 799 424 831 vocetur
447 793 575 839 bomo,
607 793 675 831 sed
701 807 777 832 non
803 792 937 832 eadem
965 796 1103 833 anima.
1167 795 1264 834 Nam
1292 804 1331 834 et
1356 805 1447 836 tunc

111 853 275 887 naturae
311 848 521 888 similitudo
558 857 732 897 notatur,
778 863 862 888 cum
899 851 1135 890 substantiae
1174 851 1446 893 dissimilitudo

110 906 360 958 conspicitur.
428 905 552 958 lpsum
591 908 691 945 enim
729 907 831 960 quod
868 908 1059 948 hominem
1096 910 1256 949 similem
1296 911 1445 950 bestiae

107 961 276 1011 iudicas,
316 964 515 1002 confiteris
546 965 707 1003 animam
741 978 817 1003 non
850 964 1030 1012 eandem,
1069 967 1229 1006 similem
1262 967 1442 1015 dicendo,

106 1032 184 1058 non
220 1021 356 1073 ipsam.
431 1020 498 1059 Sic
530 1028 569 1060 et
600 1020 728 1060 divina
765 1023 1027 1073 pronuntiatio
1064 1024 1188 1075 sapit,
1232 1024 1444 1076 pecudibus

106 1075 328 1129 adaequans
357 1077 549 1116 hominem
581 1086 735 1126 natura,
774 1092 851 1117 non
876 1079 1100 1118 substantia.
1164 1080 1343 1119 Ceterum
1369 1095 1442 1120 nec

108 1131 203 1173 deus
222 1134 415 1174 bominem
439 1135 514 1174 hoc
540 1135 655 1174 modo
682 1143 867 1183 notasset,
893 1137 925 1175 si
948 1135 1138 1189 pecudem
1159 1136 1207 1176 de
1227 1138 1440 1177 substantia

105 1198 250 1230 nosset.

221 1250 291 1291 33.
328 1248 454 1288 Etiam
481 1262 591 1302 quum
617 1249 749 1289 iudicii
775 1252 928 1289 nomine
953 1250 1172 1290 vindicatur
1190 1252 1265 1290 boc
1286 1251 1438 1303 dogma,

106 1304 208 1358 quod
228 1307 377 1346 animae
403 1307 588 1346 humanae
614 1321 685 1360 pro
711 1309 788 1347 vita
814 1315 854 1347 et
880 1309 1027 1347 meritis
1052 1321 1197 1360 genera
1223 1311 1439 1348 animalium

104 1364 333 1412 sortiantur,
366 1364 596 1416 iugulandae
624 1378 797 1418 quaeque
823 1367 861 1403 in
887 1367 1102 1413 occisoriis,
1137 1373 1177 1404 et
1201 1367 1439 1418 subigendae

104 1433 278 1474 quaeque
303 1422 341 1459 in
368 1422 641 1469 famulatoriis,
673 1429 712 1461 et
737 1422 959 1474 fatigandae
984 1424 1022 1461 in
1049 1425 1257 1475 operariis,
1283 1431 1331 1462 et
1354 1425 1439 1463 foe-

103 1477 253 1518 dandae
278 1479 316 1517 iu
342 1478 561 1526 immundis,
600 1479 762 1531 proinde
794 1479 1045 1519 honorandae
1077 1487 1117 1519 et
1147 1480 1367 1532 diligendae
1400 1489 1439 1520 et

102 1535 298 1575 curandae
342 1543 383 1575 et
426 1536 668 1589 appetendae
711 1538 749 1575 in
793 1538 1087 1590 speciosissimis
1124 1545 1163 1576 et
1200 1538 1438 1590 probissimis

100 1599 142 1632 et
165 1593 375 1632 utilissimis
401 1601 440 1633 et
466 1594 767 1634 delicatissimis:
800 1602 840 1634 et
864 1595 927 1634 hic
953 1594 1097 1634 dicam:
1124 1596 1155 1633 si
1182 1595 1435 1643 demutantur,

100 1662 177 1689 non
203 1652 311 1703 ipsae
338 1651 633 1704 dispungentur,
667 1665 764 1703 quae
790 1652 1051 1690 merebuntur.
1113 1651 1163 1689 Et
1188 1653 1439 1692 evacuabitur

99 1708 202 1746 ratio
228 1707 376 1754 iudicii,
408 1710 439 1746 si
465 1710 687 1747 meritorum
715 1708 841 1747 deerit
866 1721 1019 1755 sensus,
1047 1707 1173 1746 deerit
1198 1716 1322 1747 autem
1349 1722 1436 1747 sen-

101 1777 165 1802 sus
195 1765 438 1811 meritorum,
476 1766 509 1803 si
536 1772 661 1803 status
691 1766 854 1803 verterit
883 1765 1111 1812 animarum3
1155 1766 1273 1804 vertit
1308 1773 1435 1806 autem

99 1827 221 1860 status
246 1822 471 1868 animarum,
499 1822 531 1859 si
557 1835 632 1859 non
659 1821 818 1860 eaedem
844 1823 1192 1873 perseveraverint.
1242 1821 1377 1875 Aeque
1402 1824 1434 1862 si

97 1879 482 1930 perseveraverint¹)
509 1879 546 1916 in
568 1877 762 1917 iudicium.
803 1878 914 1927 Quod
934 1885 974 1918 et
986 1878 1204 1919 Mercurius
1217 1877 1435 1933 Aegyptius

98 1936 223 1983 novit,
260 1934 394 1975 dicens
427 1937 589 1974 animam
623 1935 836 1987 digressam
862 1949 883 1974 a
912 1949 1079 1989 corpore
1110 1950 1186 1975 uon
1217 1937 1368 1976 refundi
1394 1938 1432 1976 in

98 1993 260 2032 animam
287 1993 474 2039 universi,
514 1991 582 2031 sed
614 2006 768 2032 manere
794 1992 1106 2041 determinatam,
1144 1995 1199 2032 uti
1230 1995 1431 2043 rationem,

96 2051 231 2103 inquit,
258 2052 358 2103 patri
384 2050 522 2089 reddat
547 2053 692 2098 eorum,
719 2064 816 2103 quae
841 2052 879 2090 in
906 2064 1072 2104 corpore
1103 2053 1281 2103 gesserit.
1330 2051 1432 2091 Volo

97 2106 232 2146 iudicii
250 2109 380 2160 utique
402 2107 518 2146 divini
539 2108 732 2155 iustitiam,
760 2109 1000 2160 gravitatem,
1027 2110 1279 2156 maiestatem,
1306 2108 1431 2161 digui-

98 2171 217 2204 tatem
236 2178 459 2211 recensere,
486 2166 517 2203 si
537 2178 612 2203 nou
633 2166 855 2205 sublimiore
875 2167 1032 2218 fastigio
1052 2166 1250 2219 praesidet
1269 2167 1431 2205 bumana

100 2234 281 2269 censura,
315 2222 466 2274 plenior
494 2223 692 2275 utriusque
723 2225 938 2263 sententiae
969 2224 1118 2263 bonore
1150 2216 1358 2275 poenarum
1391 2230 1430 2262 et

99 2280 323 2331 gratiarum,
349 2280 524 2318 severior
546 2280 585 2318 in
611 2279 836 2319 ulciscendo
861 2288 901 2319 et
926 2281 1125 2320 liberalior
1150 2282 1187 2318 iu
1214 2279 1427 2332 largiendo.

100 2335 199 2385 Quid
219 2343 330 2389 putas
354 2337 519 2376 futuram
544 2338 706 2376 animam
733 2337 976 2377 homicidae?
1006 2336 1174 2390 aliquod,
1202 2336 1334 2382 credo,
1362 2350 1429 2389 pe-

98 2407 166 2433 cus
198 2394 375 2434 lanienae
408 2402 447 2433 et
478 2395 642 2434 macello
674 2394 923 2443 destinatum,
957 2402 998 2434 ut
1027 2393 1189 2447 perinde
1221 2395 1424 2446 iuguletur,

100 2452 188 2504 quia
219 2459 259 2491 et
290 2453 372 2505 ipsa
402 2453 650 2504 iugulaverit,
689 2451 848 2505 perinde
882 2452 1123 2499 decorietur,
1161 2453 1249 2504 quia
1281 2458 1322 2492 et
1345 2451 1426 2504 ipsa

190 2579 227 2619 1)
243 2580 323 2611 cod.
341 2581 473 2611 Wouw.
500 2580 533 2610 si
560 2590 639 2611 non
666 2587 828 2620 persev.
