1604 2800
154 187 254 226 128
372 188 447 219 DE
482 184 1004 219 RESURRECTIONE
1042 187 1270 221 CARle.

158 291 314 324 ceterae
339 281 489 320 hestiae
517 287 557 319 et
581 281 694 319 alites
721 281 963 328 carnivorae,
993 288 1032 319 ut
1056 286 1275 329 revomant,
1303 293 1398 333 qnos
1423 294 1492 322 co-

155 340 370 387 mederum,
398 339 486 391 quia
512 345 551 377 et
576 337 677 390 apud
702 338 866 391 Moysen
892 339 990 390 legis
1016 339 1167 390 exquiri
1193 339 1418 390 sanguinem
1443 338 1493 379 de

157 397 332 437 omnibus
368 396 529 436 bestiis?
599 395 688 434 Non
726 397 871 449 utique.
942 395 1022 435 Sed
1060 395 1211 435 idcirco
1249 397 1495 436 nominantur

154 457 304 495 bestiae
331 462 372 494 et
396 456 524 507 pisces
549 455 587 492 in
612 453 911 494 redhibitionem
939 455 1067 494 carnis
1093 461 1133 493 et
1163 454 1379 507 sanguinis,
1418 466 1494 507 quo

156 515 278 565 magis
304 514 541 564 exprimatur
565 513 803 551 resurrectio
831 514 945 552 etiam
974 512 1247 551 devoratorum
1274 522 1495 565 corporum,

158 585 242 610 cum
275 570 322 609 de
355 572 448 623 ipsis
481 569 777 609 devoratoribus
809 571 963 609 exactio
997 569 1175 609 edicitur.
1237 569 1336 609 Puto
1368 575 1497 609 autem

155 630 267 668 huius
306 642 457 682 quoque
495 627 647 667 divinae
685 629 890 681 potestatis
924 628 1195 668 documentum
1227 627 1406 668 idoneum
1434 627 1498 667 lo-

157 701 263 734 nam,
291 700 376 725 cum
403 687 649 739 incorruptus
674 694 837 739 utraque
863 686 1096 735 substantia,
1129 699 1247 726 carne
1274 693 1389 739 atque
1415 686 1499 724 ani-

158 758 238 791 ma,
265 743 313 782 de
340 744 427 782 alvo
453 745 570 795 piscis
597 744 798 783 evolvitur.
860 744 912 783 Et
935 746 1067 798 utique
1093 743 1221 784 triduo
1249 756 1500 796 concoquen-

160 802 232 840 dae
272 801 380 839 carni
415 802 568 839 viscera
607 803 684 840 ceti
722 808 799 839 tam
836 802 1098 849 suffecissent,
1151 815 1262 854 quam
1308 801 1499 854 capulum,

161 871 272 911 quam
298 858 534 910 sepulcrum,
574 871 684 910 quam
716 859 861 896 senium
895 860 1095 911 requietae
1129 866 1243 911 atque
1270 858 1500 898 reconditae

161 916 323 955 alicuius
349 916 585 967 sepulturae,
612 916 718 955 salvo
745 929 807 963 eo,
836 915 938 968 quod
964 924 1004 955 et
1023 917 1181 963 bestias,
1208 917 1314 955 feros
1334 916 1372 954 in
1388 915 1502 955 Chri-

161 975 324 1013 stianum
350 974 410 1012 vel
436 974 599 1012 maxime
626 987 764 1012 nomen
797 974 992 1021 homines,
1030 975 1092 1013 vel
1131 975 1236 1026 ipsos
1273 974 1389 1012 etiam
1427 973 1502 1012 ini-

163 1032 319 1083 quitatis
345 1031 506 1082 angelos
532 1030 729 1082 figuravit,
770 1030 817 1069 de
858 1032 993 1083 quibus
1031 1032 1187 1082 sanguis
1220 1031 1402 1081 exigetur
1430 1041 1504 1083 per

160 1089 346 1128 ultionem
385 1087 632 1140 pensandam.
720 1088 812 1136 Quis
856 1102 952 1140 ergo
992 1087 1167 1127 discendi
1206 1088 1328 1140 magis
1365 1087 1501 1135 affinis,

162 1159 273 1198 quam
299 1145 590 1198 praesumendi,
630 1152 669 1185 et
701 1145 888 1185 credendi
916 1145 1160 1198 diligentior,
1202 1149 1312 1198 quam
1339 1147 1502 1198 comen-

163 1202 296 1251 dendi,
337 1211 377 1242 et
408 1203 560 1242 divinae
592 1205 720 1256 potius
752 1205 967 1256 sapientiae
1000 1205 1226 1256 religiosus,
1266 1216 1376 1256 quam
1409 1216 1502 1243 suae

162 1261 408 1309 libidinosus,
449 1260 610 1300 audiens
641 1261 786 1314 aliquid
813 1275 835 1301 a
861 1261 936 1301 deo
969 1261 1200 1301 destinatum
1231 1262 1271 1301 in
1298 1274 1436 1301 carnes
1462 1268 1504 1300 et

164 1327 273 1359 cutes
306 1327 346 1358 et
376 1332 516 1358 nervos
555 1327 595 1358 et
632 1333 738 1367 ossa,
777 1319 880 1359 aliud
913 1318 1004 1373 quid
1036 1319 1132 1359 haec
1166 1318 1501 1367 commentabitur,

165 1378 272 1429 quasi
297 1390 374 1414 non
400 1377 438 1414 in
464 1377 656 1415 hominem
684 1377 917 1426 destinetur,
957 1377 1060 1430 quod
1085 1379 1124 1417 in
1149 1379 1243 1416 istas
1269 1377 1503 1416 substantias

163 1432 438 1485 praedicatur?
496 1432 576 1472 Aut
601 1435 701 1472 enim
734 1435 827 1472 nihil
858 1436 895 1472 in
929 1435 1121 1474 hominem
1154 1434 1387 1483 destinatur,
1426 1447 1504 1473 non

165 1490 378 1529 liberalitas
404 1491 534 1541 regni,
562 1504 638 1529 non
665 1493 852 1529 severitas
878 1490 1031 1538 iudicii,
1059 1506 1135 1530 non
1161 1491 1417 1545 quodcunque
1444 1498 1505 1532 est

165 1548 424 1595 resurrectio3
463 1554 528 1585 ant
560 1549 591 1586 si
617 1549 655 1586 in
681 1548 872 1587 hominem
899 1547 1132 1596 destinatur,
1172 1562 1335 1588 neeesse
1374 1557 1434 1588 est
1463 1551 1503 1588 in

167 1618 235 1644 eas
259 1605 492 1644 substantias
522 1603 755 1653 destinetur,
789 1619 839 1645 ex
864 1606 998 1659 quibus
1024 1606 1138 1644 homo
1165 1613 1333 1645 structus
1359 1613 1437 1654 est,
1464 1607 1503 1644 in

168 1672 277 1715 quem
317 1661 543 1701 destinatur.
606 1662 704 1701 Illud
741 1665 856 1703 etiam
889 1663 937 1702 de
971 1664 1225 1715 argutissimis
1256 1664 1340 1702 istis
1371 1662 1504 1703 demu—

166 1720 357 1759 tatoribus
397 1721 537 1759 ossium
575 1727 615 1759 et
652 1722 823 1759 carnium
861 1727 902 1760 et
938 1734 1140 1759 nervorum
1173 1727 1215 1759 et
1239 1721 1504 1773 sepulcrorum

165 1779 344 1830 requiro,
372 1791 459 1825 cur,
487 1779 518 1816 si
545 1777 697 1829 quando
724 1780 762 1817 in
788 1780 950 1817 animam
978 1777 1067 1830 quid
1093 1779 1383 1830 pronuntiatur,
1409 1778 1505 1832 nihil

168 1835 272 1875 aliud
304 1836 465 1874 animam
498 1836 821 1888 interpretantur,
861 1849 934 1875 nec
973 1837 1249 1888 transfigurant
1267 1833 1304 1886 ι)
1344 1849 1429 1875 eam
1465 1837 1504 1875 in

169 1894 327 1932 alterius
346 1895 404 1932 rei
425 1901 703 1945 argumentum,
733 1908 817 1933 cum
841 1907 936 1933 vero
963 1895 1001 1933 in
1028 1894 1193 1947 aliquam
1219 1895 1390 1947 speciem
1415 1907 1505 1933 cor·

168 1951 343 2002 poi-alem
370 1950 459 2003 quid
479 1950 659 1999 edicitur,
686 1953 813 1991 omnia
837 1953 966 2005 potius
992 1951 1236 2000 adseverant,
1265 1965 1375 2004 quam
1402 1951 1505 2004 quod

171 2009 412 2046 nominatur?
473 2007 515 2046 Si
541 2010 760 2061 corporalia
785 2010 1013 2063 parabolae,
1047 2023 1142 2062 ergo
1169 2016 1209 2048 et
1234 2010 1445 2057 animalim«
1472 2011 1504 2048 si

171 2078 248 2103 non
275 2071 315 2103 et
339 2066 536 2112 animalia,
575 2080 670 2118 ergo
703 2081 775 2107 nec
809 2068 1043 2121 corporalia.
1103 2067 1194 2106 Tam
1229 2067 1328 2105 enim
1362 2080 1504 2119 corpus

171 2122 306 2170 homo,
346 2135 456 2174 quam
482 2130 522 2161 et
553 2126 694 2172 anima,
726 2133 768 2164 ut
793 2140 868 2164 non
893 2126 1017 2178 possit
1041 2125 1164 2165 altera
1190 2126 1342 2176 species
1367 2123 1504 2164 admit-

171 2187 256 2219 tere
282 2180 514 2232 aenigmata,
541 2183 662 2221 altera
688 2183 914 2222 excludere.
1517 2228 1524 2230 ἡ

289 2241 356 2279 33.
409 2237 511 2277 Satis
537 2239 633 2279 haec
661 2238 708 2279 de
734 2242 964 2294 prophetico
996 2241 1269 2285 instrumento,
1307 2238 1367 2290 ad·
1388 2251 1504 2279 evan-

174 2296 277 2346 gelia
301 2309 401 2335 nunc
432 2309 618 2348 provoco.
680 2299 751 2337 Hic
784 2312 934 2351 quoque
969 2311 1199 2337 occursurus
1236 2298 1340 2350 prius
1378 2295 1503 2336 eidem

174 2354 337 2392 astutiae
369 2367 520 2401 eorum,
560 2356 623 2407 qui
648 2356 811 2407 proinde
838 2364 878 2396 et
903 2355 1096 2394 dominum
1123 2357 1249 2394 omnia
1274 2356 1311 2393 in
1338 2355 1504 2407 parabo-

173 2410 222 2448 iis
246 2412 514 2463 pronuntiasse
543 2413 792 2461 contendunt,
821 2415 908 2467 quia
933 2415 1117 2466 scriptum
1144 2420 1220 2452 est:
1253 2413 1351 2452 haec
1378 2412 1503 2452 omnia

176 2467 326 2506 locutus
353 2475 413 2508 est
438 2469 544 2508 Iesus
570 2471 607 2508 in
634 2472 846 2522 parabolis,
881 2479 920 2510 et
950 2472 1033 2510 sine
1058 2470 1244 2523 parabola
1269 2484 1345 2509 non
1370 2469 1503 2521 loque-

270 2594 306 2634 1)
333 2595 388 2626 Sic
403 2595 475 2626 Gel.
491 2598 524 2627 et
538 2597 590 2628 ed.
603 2597 724 2638 Fran.;
751 2599 858 2631 Rhen.
879 2601 913 2630 et
926 2598 1000 2636 Rig.
1015 2598 1296 2638 transfigunt.
