<?xml version="1.0" encoding="UTF-8"?>
<!DOCTYPE html PUBLIC "-//W3C//DTD XHTML 1.0 Transitional//EN"
    "http://www.w3.org/TR/xhtml1/DTD/xhtml1-transitional.dtd">
<html xmlns="http://www.w3.org/1999/xhtml" xml:lang="en" lang="en">
 <head>
  <title>
</title>
<meta http-equiv="Content-Type" content="text/html;charset=utf-8" />
  <meta name='ocr-system' content='tesseract 3.04.00' />
  <meta name='ocr-capabilities' content='ocr_page ocr_carea ocr_par ocr_line ocrx_word'/>
</head>
<body>
  <div class='ocr_page' id='page_1' title='image "./operatert34tertuoft_0606.png"; bbox 0 0 1604 2800; ppageno 0'>
   <div class='ocr_carea' id='block_1_1' title="bbox 174 152 1057 190">
    <p class='ocr_par' dir='ltr' id='par_1_1' title="bbox 174 152 1057 190">
     <span class='ocr_line' id='line_1_1' title="bbox 174 152 1057 190; baseline -0.001 -2"><span class='ocrx_word' id='word_1_1' title='bbox 174 152 271 190; x_wconf 58' lang='lat'><strong>224</strong></span> <span class='ocrx_word' id='word_1_2' title='bbox 606 153 731 184; x_wconf 74' lang='lat' dir='ltr'><strong>ADV.</strong></span> <span class='ocrx_word' id='word_1_3' title='bbox 767 154 1057 187; x_wconf 75' lang='lat' dir='ltr'><strong>PRAXEAN.</strong></span> 
     </span>
    </p>
   </div>
   <div class='ocr_carea' id='block_1_2' title="bbox 171 243 1512 2292">
    <p class='ocr_par' dir='ltr' id='par_1_2' title="bbox 171 243 1512 2292">
     <span class='ocr_line' id='line_1_2' title="bbox 172 243 1494 301; baseline 0.003 -17"><span class='ocrx_word' id='word_1_4' title='bbox 172 247 265 285; x_wconf 85' lang='lat' dir='ltr'><strong>licet</strong></span> <span class='ocrx_word' id='word_1_5' title='bbox 297 251 336 283; x_wconf 89' lang='lat' dir='ltr'><strong>et</strong></span> <span class='ocrx_word' id='word_1_6' title='bbox 365 243 459 283; x_wconf 89' lang='lat' dir='ltr'><strong>deus</strong></span> <span class='ocrx_word' id='word_1_7' title='bbox 490 257 636 291; x_wconf 89' lang='lat' dir='ltr'><strong>sermo,</strong></span> <span class='ocrx_word' id='word_1_8' title='bbox 674 244 742 284; x_wconf 86' lang='lat' dir='ltr'><strong>scd</strong></span> <span class='ocrx_word' id='word_1_9' title='bbox 779 258 852 297; x_wconf 89' lang='lat' dir='ltr'><strong>qua</strong></span> <span class='ocrx_word' id='word_1_10' title='bbox 889 245 952 285; x_wconf 90' lang='lat' dir='ltr'><strong>dei</strong></span> <span class='ocrx_word' id='word_1_11' title='bbox 989 246 1106 293; x_wconf 83' lang='lat' dir='ltr'><strong>iilius,</strong></span> <span class='ocrx_word' id='word_1_12' title='bbox 1143 259 1219 284; x_wconf 86' lang='lat' dir='ltr'><strong>non</strong></span> <span class='ocrx_word' id='word_1_13' title='bbox 1254 259 1330 299; x_wconf 74' lang='lat' dir='ltr'><strong>qua</strong></span> <span class='ocrx_word' id='word_1_14' title='bbox 1363 255 1494 301; x_wconf 72' lang='lat' dir='ltr'><strong>pater,</strong></span> 
     </span>
     <span class='ocr_line' id='line_1_3' title="bbox 173 303 1495 355; baseline 0.003 -15"><span class='ocrx_word' id='word_1_15' title='bbox 173 304 299 349; x_wconf 82' lang='lat' dir='ltr'><strong>alium,</strong></span> <span class='ocrx_word' id='word_1_16' title='bbox 325 314 396 354; x_wconf 91' lang='lat' dir='ltr'><strong>per</strong></span> <span class='ocrx_word' id='word_1_17' title='bbox 421 315 530 354; x_wconf 90' lang='lat' dir='ltr'><strong>quem</strong></span> <span class='ocrx_word' id='word_1_18' title='bbox 558 303 696 350; x_wconf 91' lang='lat' dir='ltr'><strong>omnia,</strong></span> <span class='ocrx_word' id='word_1_19' title='bbox 729 303 855 351; x_wconf 90' lang='lat' dir='ltr'><strong>alium,</strong></span> <span class='ocrx_word' id='word_1_20' title='bbox 882 316 904 342; x_wconf 83' lang='lat' dir='ltr'><strong>a</strong></span> <span class='ocrx_word' id='word_1_21' title='bbox 931 317 1003 355; x_wconf 91' lang='lat' dir='ltr'><strong>quo</strong></span> <span class='ocrx_word' id='word_1_22' title='bbox 1031 303 1170 342; x_wconf 84' lang='lat' dir='ltr'><strong>omnia.</strong></span> <span class='ocrx_word' id='word_1_23' title='bbox 1218 303 1345 344; x_wconf 86' lang='lat' dir='ltr'><strong>Alium</strong></span> <span class='ocrx_word' id='word_1_24' title='bbox 1369 312 1495 346; x_wconf 73' lang='lat' dir='ltr'><strong>autem</strong></span> 
     </span>
     <span class='ocr_line' id='line_1_4' title="bbox 173 359 1496 412; baseline 0.003 -14"><span class='ocrx_word' id='word_1_25' title='bbox 173 359 363 412; x_wconf 90' lang='lat' dir='ltr'><strong>quomodo</strong></span> <span class='ocrx_word' id='word_1_26' title='bbox 390 359 578 406; x_wconf 87' lang='lat' dir='ltr'><strong>dicamus,</strong></span> <span class='ocrx_word' id='word_1_27' title='bbox 610 372 726 412; x_wconf 84' lang='lat' dir='ltr'><strong>saepe</strong></span> <span class='ocrx_word' id='word_1_28' title='bbox 751 361 825 399; x_wconf 90' lang='lat' dir='ltr'><strong>iam</strong></span> <span class='ocrx_word' id='word_1_29' title='bbox 850 359 1056 408; x_wconf 84' lang='lat' dir='ltr'><strong>edidimus3</strong></span> <span class='ocrx_word' id='word_1_30' title='bbox 1090 373 1163 412; x_wconf 91' lang='lat' dir='ltr'><strong>quo</strong></span> <span class='ocrx_word' id='word_1_31' title='bbox 1189 359 1302 401; x_wconf 78' lang='lat' dir='ltr'><strong>alium</strong></span> <span class='ocrx_word' id='word_1_32' title='bbox 1327 360 1496 402; x_wconf 84' lang='lat' dir='ltr'><strong>dicamus</strong></span> 
     </span>
     <span class='ocr_line' id='line_1_5' title="bbox 171 416 1497 472; baseline 0.003 -18"><span class='ocrx_word' id='word_1_33' title='bbox 171 429 333 456; x_wconf 88' lang='lat' dir='ltr'><strong>necesse</strong></span> <span class='ocrx_word' id='word_1_34' title='bbox 354 424 424 463; x_wconf 90' lang='lat' dir='ltr'><strong>est,</strong></span> <span class='ocrx_word' id='word_1_35' title='bbox 451 431 526 455; x_wconf 92' lang='lat' dir='ltr'><strong>non</strong></span> <span class='ocrx_word' id='word_1_36' title='bbox 546 416 728 465; x_wconf 83' lang='lat' dir='ltr'><strong>eundem3</strong></span> <span class='ocrx_word' id='word_1_37' title='bbox 755 418 867 457; x_wconf 88' lang='lat' dir='ltr'><strong>alium</strong></span> <span class='ocrx_word' id='word_1_38' title='bbox 887 425 1026 466; x_wconf 85' lang='lat' dir='ltr'><strong>autem,</strong></span> <span class='ocrx_word' id='word_1_39' title='bbox 1052 431 1128 457; x_wconf 90' lang='lat' dir='ltr'><strong>non</strong></span> <span class='ocrx_word' id='word_1_40' title='bbox 1149 419 1255 470; x_wconf 86' lang='lat' dir='ltr'><strong>quasi</strong></span> <span class='ocrx_word' id='word_1_41' title='bbox 1269 426 1497 472; x_wconf 80' lang='lat' dir='ltr'><strong>separatum,</strong></span> 
     </span>
     <span class='ocr_line' id='line_1_6' title="bbox 173 472 1500 528; baseline 0.003 -16"><span class='ocrx_word' id='word_1_42' title='bbox 173 473 242 513; x_wconf 90' lang='lat' dir='ltr'><strong>sed</strong></span> <span class='ocrx_word' id='word_1_43' title='bbox 268 472 520 526; x_wconf 86' lang='lat' dir='ltr'><strong>dispositione</strong></span> <span class='ocrx_word' id='word_1_44' title='bbox 547 475 674 521; x_wconf 83' lang='lat' dir='ltr'><strong>alium,</strong></span> <span class='ocrx_word' id='word_1_45' title='bbox 707 488 783 513; x_wconf 88' lang='lat' dir='ltr'><strong>non</strong></span> <span class='ocrx_word' id='word_1_46' title='bbox 809 474 1009 514; x_wconf 90' lang='lat' dir='ltr'><strong>divisione.</strong></span> <span class='ocrx_word' id='word_1_47' title='bbox 1071 475 1143 515; x_wconf 86' lang='lat' dir='ltr'><strong>Hic</strong></span> <span class='ocrx_word' id='word_1_48' title='bbox 1169 489 1265 528; x_wconf 84' lang='lat' dir='ltr'><strong>ergo</strong></span> <span class='ocrx_word' id='word_1_49' title='bbox 1290 477 1415 516; x_wconf 80' lang='lat' dir='ltr'><strong>factus</strong></span> <span class='ocrx_word' id='word_1_50' title='bbox 1440 483 1500 516; x_wconf 89' lang='lat' dir='ltr'><strong>est</strong></span> 
     </span>
     <span class='ocr_line' id='line_1_7' title="bbox 175 533 1500 584; baseline 0.002 -14"><span class='ocrx_word' id='word_1_51' title='bbox 175 545 280 579; x_wconf 86' lang='lat' dir='ltr'><strong>caro,</strong></span> <span class='ocrx_word' id='word_1_52' title='bbox 308 545 384 570; x_wconf 88' lang='lat' dir='ltr'><strong>non</strong></span> <span class='ocrx_word' id='word_1_53' title='bbox 410 533 506 584; x_wconf 88' lang='lat' dir='ltr'><strong>ipse,</strong></span> <span class='ocrx_word' id='word_1_54' title='bbox 534 533 640 570; x_wconf 90' lang='lat' dir='ltr'><strong>cuius</strong></span> <span class='ocrx_word' id='word_1_55' title='bbox 666 540 751 571; x_wconf 82' lang='lat' dir='ltr'><strong>erat</strong></span> <span class='ocrx_word' id='word_1_56' title='bbox 775 545 914 579; x_wconf 90' lang='lat' dir='ltr'><strong>sermo,</strong></span> <span class='ocrx_word' id='word_1_57' title='bbox 943 533 1050 572; x_wconf 81' lang='lat' dir='ltr'><strong>huius</strong></span> <span class='ocrx_word' id='word_1_58' title='bbox 1076 533 1202 584; x_wconf 83' lang='lat' dir='ltr'><strong>gloria</strong></span> <span class='ocrx_word' id='word_1_59' title='bbox 1225 534 1306 572; x_wconf 85' lang='lat' dir='ltr'><strong>visa</strong></span> <span class='ocrx_word' id='word_1_60' title='bbox 1331 541 1392 573; x_wconf 86' lang='lat' dir='ltr'><strong>est</strong></span> <span class='ocrx_word' id='word_1_61' title='bbox 1416 534 1500 573; x_wconf 70' lang='lat' dir='ltr'><strong>tait-</strong></span> 
     </span>
     <span class='ocr_line' id='line_1_8' title="bbox 174 590 1499 642; baseline 0.002 -15"><span class='ocrx_word' id='word_1_62' title='bbox 174 603 283 640; x_wconf 82' lang='lat' dir='ltr'><strong>quam</strong></span> <span class='ocrx_word' id='word_1_63' title='bbox 308 590 412 628; x_wconf 88' lang='lat' dir='ltr'><strong>unici</strong></span> <span class='ocrx_word' id='word_1_64' title='bbox 437 602 460 627; x_wconf 86' lang='lat' dir='ltr'><strong>a</strong></span> <span class='ocrx_word' id='word_1_65' title='bbox 484 596 613 641; x_wconf 85' lang='lat' dir='ltr'><strong>patre,</strong></span> <span class='ocrx_word' id='word_1_66' title='bbox 651 603 727 628; x_wconf 85' lang='lat' dir='ltr'><strong>non</strong></span> <span class='ocrx_word' id='word_1_67' title='bbox 765 597 942 642; x_wconf 80' lang='lat' dir='ltr'><strong>tanquam</strong></span> <span class='ocrx_word' id='word_1_68' title='bbox 980 591 1163 642; x_wconf 83' lang='lat' dir='ltr'><strong>patris.¹)</strong></span> <span class='ocrx_word' id='word_1_69' title='bbox 1233 590 1304 630; x_wconf 87' lang='lat' dir='ltr'><strong>Hic</strong></span> <span class='ocrx_word' id='word_1_70' title='bbox 1335 591 1499 641; x_wconf 81' lang='lat' dir='ltr'><strong>nnius2)</strong></span> 
     </span>
     <span class='ocr_line' id='line_1_9' title="bbox 174 645 1502 700; baseline 0.002 -16"><span class='ocrx_word' id='word_1_71' title='bbox 174 648 294 685; x_wconf 91' lang='lat' dir='ltr'><strong>sinum</strong></span> <span class='ocrx_word' id='word_1_72' title='bbox 326 647 446 698; x_wconf 84' lang='lat' dir='ltr'><strong>patris</strong></span> <span class='ocrx_word' id='word_1_73' title='bbox 478 645 675 694; x_wconf 80' lang='lat' dir='ltr'><strong>disseruit,</strong></span> <span class='ocrx_word' id='word_1_74' title='bbox 714 661 789 686; x_wconf 91' lang='lat' dir='ltr'><strong>non</strong></span> <span class='ocrx_word' id='word_1_75' title='bbox 821 649 939 686; x_wconf 89' lang='lat' dir='ltr'><strong>sinum</strong></span> <span class='ocrx_word' id='word_1_76' title='bbox 971 661 1075 686; x_wconf 91' lang='lat' dir='ltr'><strong>suum</strong></span> <span class='ocrx_word' id='word_1_77' title='bbox 1108 654 1230 700; x_wconf 89' lang='lat' dir='ltr'><strong>pater.</strong></span> <span class='ocrx_word' id='word_1_78' title='bbox 1296 647 1502 687; x_wconf 82' lang='lat' dir='ltr'><strong>Praecedit</strong></span> 
     </span>
     <span class='ocr_line' id='line_1_10' title="bbox 174 703 1500 757; baseline 0.002 -16"><span class='ocrx_word' id='word_1_79' title='bbox 174 705 292 742; x_wconf 91' lang='lat' dir='ltr'><strong>enim:</strong></span> <span class='ocrx_word' id='word_1_80' title='bbox 321 703 431 742; x_wconf 90' lang='lat' dir='ltr'><strong>deum</strong></span> <span class='ocrx_word' id='word_1_81' title='bbox 457 717 568 743; x_wconf 88' lang='lat' dir='ltr'><strong>nemo</strong></span> <span class='ocrx_word' id='word_1_82' title='bbox 593 703 689 743; x_wconf 91' lang='lat' dir='ltr'><strong>vidit</strong></span> <span class='ocrx_word' id='word_1_83' title='bbox 712 718 887 757; x_wconf 80' lang='lat' dir='ltr'><strong>unquam.</strong></span> <span class='ocrx_word' id='word_1_84' title='bbox 902 706 941 756; x_wconf 78' lang='lat'><strong>³)</strong></span> <span class='ocrx_word' id='word_1_85' title='bbox 992 703 1096 744; x_wconf 85' lang='lat' dir='ltr'><strong>Idem</strong></span> <span class='ocrx_word' id='word_1_86' title='bbox 1123 706 1359 756; x_wconf 66' lang='lat' dir='ltr'><strong>et⁴)‚aguus</strong></span> <span class='ocrx_word' id='word_1_87' title='bbox 1385 704 1448 744; x_wconf 89' lang='lat' dir='ltr'><strong>dei</strong></span> <span class='ocrx_word' id='word_1_88' title='bbox 1461 706 1500 756; x_wconf 78' lang='lat'><strong>⁵)</strong></span> 
     </span>
     <span class='ocr_line' id='line_1_11' title="bbox 175 759 1502 814; baseline 0.002 -16"><span class='ocrx_word' id='word_1_89' title='bbox 175 761 222 798; x_wconf 84' lang='lat' dir='ltr'><strong>ab</strong></span> <span class='ocrx_word' id='word_1_90' title='bbox 250 761 393 799; x_wconf 82' lang='lat' dir='ltr'>Ioanne</span> <span class='ocrx_word' id='word_1_91' title='bbox 421 759 662 811; x_wconf 85' lang='lat' dir='ltr'><strong>designatur,</strong></span> <span class='ocrx_word' id='word_1_92' title='bbox 696 775 770 800; x_wconf 88' lang='lat' dir='ltr'><strong>non</strong></span> <span class='ocrx_word' id='word_1_93' title='bbox 797 763 897 814; x_wconf 85' lang='lat' dir='ltr'><strong>ipse,</strong></span> <span class='ocrx_word' id='word_1_94' title='bbox 931 763 1037 801; x_wconf 90' lang='lat' dir='ltr'><strong>euius</strong></span> <span class='ocrx_word' id='word_1_95' title='bbox 1064 769 1122 801; x_wconf 87' lang='lat' dir='ltr'><strong>est</strong></span> <span class='ocrx_word' id='word_1_96' title='bbox 1147 761 1322 802; x_wconf 87' lang='lat' dir='ltr'><strong>dilectus.</strong></span> <span class='ocrx_word' id='word_1_97' title='bbox 1384 762 1502 802; x_wconf 81' lang='lat' dir='ltr'><strong>Certe</strong></span> 
     </span>
     <span class='ocr_line' id='line_1_12' title="bbox 174 816 1502 870; baseline 0.003 -16"><span class='ocrx_word' id='word_1_98' title='bbox 174 817 273 855; x_wconf 79' lang='lat' dir='ltr'><strong>filius</strong></span> <span class='ocrx_word' id='word_1_99' title='bbox 298 816 361 855; x_wconf 89' lang='lat' dir='ltr'><strong>dei</strong></span> <span class='ocrx_word' id='word_1_100' title='bbox 388 830 552 868; x_wconf 92' lang='lat' dir='ltr'><strong>semper,</strong></span> <span class='ocrx_word' id='word_1_101' title='bbox 581 817 649 856; x_wconf 92' lang='lat' dir='ltr'><strong>sed</strong></span> <span class='ocrx_word' id='word_1_102' title='bbox 670 832 745 855; x_wconf 90' lang='lat' dir='ltr'><strong>non</strong></span> <span class='ocrx_word' id='word_1_103' title='bbox 771 819 865 869; x_wconf 89' lang='lat' dir='ltr'><strong>ipse,</strong></span> <span class='ocrx_word' id='word_1_104' title='bbox 893 820 999 857; x_wconf 90' lang='lat' dir='ltr'><strong>cuius</strong></span> <span class='ocrx_word' id='word_1_105' title='bbox 1020 826 1079 858; x_wconf 89' lang='lat' dir='ltr'><strong>est</strong></span> <span class='ocrx_word' id='word_1_106' title='bbox 1100 819 1211 858; x_wconf 82' lang='lat' dir='ltr'><strong>filius.</strong></span> <span class='ocrx_word' id='word_1_107' title='bbox 1239 818 1334 858; x_wconf 67' lang='lat' dir='ltr'><strong>&#39;Hoc</strong></span> <span class='ocrx_word' id='word_1_108' title='bbox 1355 817 1502 870; x_wconf 81' lang='lat' dir='ltr'><strong>enim⁶)</strong></span> 
     </span>
     <span class='ocr_line' id='line_1_13' title="bbox 175 872 1503 919; baseline 0.003 -9"><span class='ocrx_word' id='word_1_109' title='bbox 175 872 392 911; x_wconf 79' lang='lat' dir='ltr'><strong>Nathanael</strong></span> <span class='ocrx_word' id='word_1_110' title='bbox 432 874 556 912; x_wconf 88' lang='lat' dir='ltr'><strong>statim</strong></span> <span class='ocrx_word' id='word_1_111' title='bbox 594 875 731 919; x_wconf 88' lang='lat' dir='ltr'><strong>sensit,</strong></span> <span class='ocrx_word' id='word_1_112' title='bbox 770 875 869 912; x_wconf 90' lang='lat' dir='ltr'><strong>sicut</strong></span> <span class='ocrx_word' id='word_1_113' title='bbox 894 882 934 912; x_wconf 87' lang='lat' dir='ltr'><strong>et</strong></span> <span class='ocrx_word' id='word_1_114' title='bbox 958 875 1048 912; x_wconf 89' lang='lat' dir='ltr'><strong>alibi</strong></span> <span class='ocrx_word' id='word_1_115' title='bbox 1074 872 1230 913; x_wconf 79' lang='lat' dir='ltr'><strong>Petrus:</strong></span> <span class='ocrx_word' id='word_1_116' title='bbox 1267 882 1307 914; x_wconf 87' lang='lat' dir='ltr'><strong>tu</strong></span> <span class='ocrx_word' id='word_1_117' title='bbox 1338 888 1380 914; x_wconf 90' lang='lat' dir='ltr'><strong>es</strong></span> <span class='ocrx_word' id='word_1_118' title='bbox 1405 875 1503 914; x_wconf 78' lang='lat' dir='ltr'><strong>filius</strong></span> 
     </span>
     <span class='ocr_line' id='line_1_14' title="bbox 177 929 1504 982; baseline 0.003 -15"><span class='ocrx_word' id='word_1_119' title='bbox 177 929 307 982; x_wconf 79' lang='lat' dir='ltr'><strong>dei.⁷)</strong></span> <span class='ocrx_word' id='word_1_120' title='bbox 368 929 451 968; x_wconf 89' lang='lat' dir='ltr'><strong>Hoc</strong></span> <span class='ocrx_word' id='word_1_121' title='bbox 478 937 517 968; x_wconf 89' lang='lat' dir='ltr'><strong>et</strong></span> <span class='ocrx_word' id='word_1_122' title='bbox 542 931 623 982; x_wconf 88' lang='lat' dir='ltr'><strong>ipse</strong></span> <span class='ocrx_word' id='word_1_123' title='bbox 655 937 763 969; x_wconf 87' lang='lat' dir='ltr'><strong>recte</strong></span> <span class='ocrx_word' id='word_1_124' title='bbox 795 932 959 970; x_wconf 86' lang='lat' dir='ltr'><strong>sensisse</strong></span> <span class='ocrx_word' id='word_1_125' title='bbox 990 931 1076 970; x_wconf 88' lang='lat' dir='ltr'><strong>illos</strong></span> <span class='ocrx_word' id='word_1_126' title='bbox 1107 931 1325 979; x_wconf 83' lang='lat' dir='ltr'><strong>confirmat,</strong></span> <span class='ocrx_word' id='word_1_127' title='bbox 1355 930 1504 971; x_wconf 80' lang='lat' dir='ltr'><strong>Natha-</strong></span> 
     </span>
     <span class='ocr_line' id='line_1_15' title="bbox 178 985 1503 1038; baseline 0.002 -14"><span class='ocrx_word' id='word_1_128' title='bbox 178 987 279 1024; x_wconf 83' lang='lat' dir='ltr'><strong>naeli</strong></span> <span class='ocrx_word' id='word_1_129' title='bbox 312 985 462 1038; x_wconf 91' lang='lat' dir='ltr'><strong>quidem</strong></span> <span class='ocrx_word' id='word_1_130' title='bbox 494 986 751 1037; x_wconf 89' lang='lat' dir='ltr'><strong>respondens:</strong></span> <span class='ocrx_word' id='word_1_131' title='bbox 785 989 871 1038; x_wconf 89' lang='lat' dir='ltr'><strong>quia</strong></span> <span class='ocrx_word' id='word_1_132' title='bbox 897 986 995 1034; x_wconf 85' lang='lat' dir='ltr'><strong>dixi,</strong></span> <span class='ocrx_word' id='word_1_133' title='bbox 1027 987 1103 1026; x_wconf 92' lang='lat' dir='ltr'><strong>vidi</strong></span> <span class='ocrx_word' id='word_1_134' title='bbox 1129 995 1167 1026; x_wconf 89' lang='lat' dir='ltr'><strong>te</strong></span> <span class='ocrx_word' id='word_1_135' title='bbox 1194 988 1262 1026; x_wconf 81' lang='lat' dir='ltr'><strong>suh</strong></span> <span class='ocrx_word' id='word_1_136' title='bbox 1288 988 1382 1035; x_wconf 85' lang='lat' dir='ltr'><strong>ficu,</strong></span> <span class='ocrx_word' id='word_1_137' title='bbox 1414 987 1503 1027; x_wconf 78' lang='lat' dir='ltr'><strong>ideo</strong></span> 
     </span>
     <span class='ocr_line' id='line_1_16' title="bbox 178 1042 1503 1097; baseline 0.002 -15"><span class='ocrx_word' id='word_1_138' title='bbox 178 1042 318 1082; x_wconf 86' lang='lat' dir='ltr'><strong>credis.</strong></span> <span class='ocrx_word' id='word_1_139' title='bbox 333 1045 369 1090; x_wconf 80' lang='lat'><strong>8)</strong></span> <span class='ocrx_word' id='word_1_140' title='bbox 409 1042 563 1081; x_wconf 87' lang='lat' dir='ltr'><strong>Petrum</strong></span> <span class='ocrx_word' id='word_1_141' title='bbox 582 1056 675 1082; x_wconf 89' lang='lat' dir='ltr'><strong>vero</strong></span> <span class='ocrx_word' id='word_1_142' title='bbox 697 1043 849 1082; x_wconf 88' lang='lat' dir='ltr'><strong>beatum</strong></span> <span class='ocrx_word' id='word_1_143' title='bbox 869 1043 1070 1091; x_wconf 87' lang='lat' dir='ltr'><strong>affirmans,</strong></span> <span class='ocrx_word' id='word_1_144' title='bbox 1097 1044 1158 1082; x_wconf 88' lang='lat' dir='ltr'><strong>cui</strong></span> <span class='ocrx_word' id='word_1_145' title='bbox 1178 1057 1252 1082; x_wconf 91' lang='lat' dir='ltr'><strong>non</strong></span> <span class='ocrx_word' id='word_1_146' title='bbox 1274 1057 1366 1083; x_wconf 86' lang='lat' dir='ltr'><strong>caro</strong></span> <span class='ocrx_word' id='word_1_147' title='bbox 1380 1057 1503 1097; x_wconf 87' lang='lat' dir='ltr'><strong>neque</strong></span> 
     </span>
     <span class='ocr_line' id='line_1_17' title="bbox 177 1099 1504 1155; baseline 0.002 -17"><span class='ocrx_word' id='word_1_148' title='bbox 177 1101 331 1151; x_wconf 85' lang='lat' dir='ltr'><strong>sanguis</strong></span> <span class='ocrx_word' id='word_1_149' title='bbox 356 1100 585 1147; x_wconf 84' lang='lat' dir='ltr'><strong>revelasset,</strong></span> <span class='ocrx_word' id='word_1_150' title='bbox 620 1099 719 1151; x_wconf 93' lang='lat' dir='ltr'><strong>quod</strong></span> <span class='ocrx_word' id='word_1_151' title='bbox 746 1107 785 1139; x_wconf 86' lang='lat' dir='ltr'><strong>et</strong></span> <span class='ocrx_word' id='word_1_152' title='bbox 809 1107 955 1152; x_wconf 88' lang='lat' dir='ltr'><strong>patrem</strong></span> <span class='ocrx_word' id='word_1_153' title='bbox 982 1107 1174 1148; x_wconf 80' lang='lat' dir='ltr'><strong>senserat,</strong></span> <span class='ocrx_word' id='word_1_154' title='bbox 1206 1100 1273 1141; x_wconf 91' lang='lat' dir='ltr'><strong>sed</strong></span> <span class='ocrx_word' id='word_1_155' title='bbox 1304 1108 1417 1154; x_wconf 83' lang='lat' dir='ltr'><strong>pater</strong></span> <span class='ocrx_word' id='word_1_156' title='bbox 1441 1102 1504 1155; x_wconf 88' lang='lat' dir='ltr'><strong>qui</strong></span> 
     </span>
     <span class='ocr_line' id='line_1_18' title="bbox 178 1157 1506 1210; baseline 0.002 -15"><span class='ocrx_word' id='word_1_157' title='bbox 178 1159 215 1196; x_wconf 93' lang='lat' dir='ltr'><strong>in</strong></span> <span class='ocrx_word' id='word_1_158' title='bbox 249 1158 370 1196; x_wconf 88' lang='lat' dir='ltr'><strong>coelis</strong></span> <span class='ocrx_word' id='word_1_159' title='bbox 402 1164 472 1196; x_wconf 85' lang='lat' dir='ltr'><strong>est.</strong></span> <span class='ocrx_word' id='word_1_160' title='bbox 488 1158 527 1207; x_wconf 85' lang='lat'><strong>⁹)</strong></span> <span class='ocrx_word' id='word_1_161' title='bbox 596 1157 678 1205; x_wconf 86' lang='lat' dir='ltr'><strong>Quo</strong></span> <span class='ocrx_word' id='word_1_162' title='bbox 711 1157 816 1196; x_wconf 87' lang='lat' dir='ltr'><strong>dicto</strong></span> <span class='ocrx_word' id='word_1_163' title='bbox 849 1159 1042 1210; x_wconf 87' lang='lat' dir='ltr'><strong>utriusque</strong></span> <span class='ocrx_word' id='word_1_164' title='bbox 1080 1171 1269 1210; x_wconf 83' lang='lat' dir='ltr'><strong>personae</strong></span> <span class='ocrx_word' id='word_1_165' title='bbox 1306 1159 1506 1199; x_wconf 81' lang='lat' dir='ltr'><strong>constituit</strong></span> 
     </span>
     <span class='ocr_line' id='line_1_19' title="bbox 179 1214 1506 1268; baseline 0.002 -16"><span class='ocrx_word' id='word_1_166' title='bbox 179 1214 484 1261; x_wconf 86' lang='lat' dir='ltr'><strong>distinctionem,</strong></span> <span class='ocrx_word' id='word_1_167' title='bbox 518 1221 557 1253; x_wconf 91' lang='lat' dir='ltr'><strong>et</strong></span> <span class='ocrx_word' id='word_1_168' title='bbox 588 1215 655 1253; x_wconf 84' lang='lat' dir='ltr'><strong>lilii</strong></span> <span class='ocrx_word' id='word_1_169' title='bbox 681 1215 718 1252; x_wconf 90' lang='lat' dir='ltr'><strong>in</strong></span> <span class='ocrx_word' id='word_1_170' title='bbox 746 1216 878 1262; x_wconf 83' lang='lat' dir='ltr'><strong>terris,</strong></span> <span class='ocrx_word' id='word_1_171' title='bbox 911 1229 1020 1267; x_wconf 88' lang='lat' dir='ltr'><strong>quem</strong></span> <span class='ocrx_word' id='word_1_172' title='bbox 1046 1215 1181 1255; x_wconf 89' lang='lat' dir='ltr'><strong>Petrus</strong></span> <span class='ocrx_word' id='word_1_173' title='bbox 1206 1223 1420 1268; x_wconf 79' lang='lat' dir='ltr'><strong>agnoverat</strong></span> <span class='ocrx_word' id='word_1_174' title='bbox 1443 1214 1506 1255; x_wconf 89' lang='lat' dir='ltr'><strong>dei</strong></span> 
     </span>
     <span class='ocr_line' id='line_1_20' title="bbox 179 1271 1507 1326; baseline 0.003 -17"><span class='ocrx_word' id='word_1_175' title='bbox 179 1272 309 1318; x_wconf 87' lang='lat' dir='ltr'><strong>filium,</strong></span> <span class='ocrx_word' id='word_1_176' title='bbox 343 1279 384 1310; x_wconf 89' lang='lat' dir='ltr'><strong>et</strong></span> <span class='ocrx_word' id='word_1_177' title='bbox 407 1273 539 1323; x_wconf 89' lang='lat' dir='ltr'><strong>patris,</strong></span> <span class='ocrx_word' id='word_1_178' title='bbox 573 1273 636 1324; x_wconf 90' lang='lat' dir='ltr'><strong>qui</strong></span> <span class='ocrx_word' id='word_1_179' title='bbox 662 1273 699 1310; x_wconf 92' lang='lat' dir='ltr'><strong>in</strong></span> <span class='ocrx_word' id='word_1_180' title='bbox 726 1273 859 1319; x_wconf 91' lang='lat' dir='ltr'><strong>coelis,</strong></span> <span class='ocrx_word' id='word_1_181' title='bbox 893 1274 954 1324; x_wconf 92' lang='lat' dir='ltr'><strong>qui</strong></span> <span class='ocrx_word' id='word_1_182' title='bbox 981 1273 1097 1312; x_wconf 89' lang='lat' dir='ltr'><strong>Petro</strong></span> <span class='ocrx_word' id='word_1_183' title='bbox 1123 1274 1377 1321; x_wconf 79' lang='lat' dir='ltr'><strong>revelaverat,</strong></span> <span class='ocrx_word' id='word_1_184' title='bbox 1404 1271 1507 1326; x_wconf 80' lang='lat' dir='ltr'><strong>quod</strong></span> 
     </span>
     <span class='ocr_line' id='line_1_21' title="bbox 179 1328 1506 1382; baseline 0.002 -16"><span class='ocrx_word' id='word_1_185' title='bbox 179 1328 317 1367; x_wconf 86' lang='lat' dir='ltr'><strong>Petrus</strong></span> <span class='ocrx_word' id='word_1_186' title='bbox 354 1336 567 1379; x_wconf 87' lang='lat' dir='ltr'><strong>agnoverat</strong></span> <span class='ocrx_word' id='word_1_187' title='bbox 604 1328 667 1367; x_wconf 93' lang='lat' dir='ltr'><strong>dei</strong></span> <span class='ocrx_word' id='word_1_188' title='bbox 705 1329 820 1367; x_wconf 86' lang='lat' dir='ltr'><strong>filium</strong></span> <span class='ocrx_word' id='word_1_189' title='bbox 854 1329 1057 1368; x_wconf 88' lang='lat' dir='ltr'><strong>Christum.</strong></span> <span class='ocrx_word' id='word_1_190' title='bbox 1132 1330 1225 1370; x_wconf 88' lang='lat' dir='ltr'><strong>Cum</strong></span> <span class='ocrx_word' id='word_1_191' title='bbox 1257 1331 1295 1369; x_wconf 90' lang='lat' dir='ltr'><strong>in</strong></span> <span class='ocrx_word' id='word_1_192' title='bbox 1325 1330 1506 1382; x_wconf 86' lang='lat' dir='ltr'><strong>templum</strong></span> 
     </span>
     <span class='ocr_line' id='line_1_22' title="bbox 179 1385 1507 1436; baseline 0.002 -14"><span class='ocrx_word' id='word_1_193' title='bbox 179 1386 341 1431; x_wconf 88' lang='lat' dir='ltr'><strong>introiit,</strong></span> <span class='ocrx_word' id='word_1_194' title='bbox 369 1385 504 1423; x_wconf 87' lang='lat' dir='ltr'><strong>aedem</strong></span> <span class='ocrx_word' id='word_1_195' title='bbox 530 1387 648 1436; x_wconf 80' lang='lat' dir='ltr'><strong>patris</strong></span> <span class='ocrx_word' id='word_1_196' title='bbox 673 1387 853 1436; x_wconf 86' lang='lat' dir='ltr'><strong>appellat,</strong></span> <span class='ocrx_word' id='word_1_197' title='bbox 871 1388 935 1436; x_wconf 89' lang='lat'><strong>¹⁰)</strong></span> <span class='ocrx_word' id='word_1_198' title='bbox 962 1394 1003 1425; x_wconf 93' lang='lat' dir='ltr'><strong>ut</strong></span> <span class='ocrx_word' id='word_1_199' title='bbox 1027 1387 1137 1426; x_wconf 88' lang='lat' dir='ltr'><strong>filius.</strong></span> <span class='ocrx_word' id='word_1_200' title='bbox 1193 1387 1287 1426; x_wconf 89' lang='lat' dir='ltr'><strong>Cum</strong></span> <span class='ocrx_word' id='word_1_201' title='bbox 1312 1387 1365 1427; x_wconf 78' lang='lat' dir='ltr'><strong>ad</strong></span> <span class='ocrx_word' id='word_1_202' title='bbox 1384 1386 1507 1426; x_wconf 85' lang='lat' dir='ltr'><strong>Nico-</strong></span> 
     </span>
     <span class='ocr_line' id='line_1_23' title="bbox 182 1439 1508 1492; baseline 0.003 -14"><span class='ocrx_word' id='word_1_203' title='bbox 182 1440 330 1479; x_wconf 89' lang='lat' dir='ltr'><strong>demum</strong></span> <span class='ocrx_word' id='word_1_204' title='bbox 357 1439 469 1478; x_wconf 90' lang='lat' dir='ltr'><strong>dicit:</strong></span> <span class='ocrx_word' id='word_1_205' title='bbox 508 1442 579 1486; x_wconf 87' lang='lat' dir='ltr'><strong>ita,</strong></span> <span class='ocrx_word' id='word_1_206' title='bbox 618 1442 756 1492; x_wconf 88' lang='lat' dir='ltr'><strong>inquit,</strong></span> <span class='ocrx_word' id='word_1_207' title='bbox 795 1441 932 1480; x_wconf 86' lang='lat' dir='ltr'><strong>dilexit</strong></span> <span class='ocrx_word' id='word_1_208' title='bbox 962 1443 1055 1483; x_wconf 92' lang='lat' dir='ltr'><strong>deus</strong></span> <span class='ocrx_word' id='word_1_209' title='bbox 1087 1443 1281 1491; x_wconf 89' lang='lat' dir='ltr'><strong>mundum,</strong></span> <span class='ocrx_word' id='word_1_210' title='bbox 1318 1451 1361 1484; x_wconf 89' lang='lat' dir='ltr'><strong>ut</strong></span> <span class='ocrx_word' id='word_1_211' title='bbox 1389 1445 1508 1483; x_wconf 82' lang='lat' dir='ltr'><strong>filium</strong></span> 
     </span>
     <span class='ocr_line' id='line_1_24' title="bbox 184 1495 1508 1552; baseline 0.005 -17"><span class='ocrx_word' id='word_1_212' title='bbox 184 1510 299 1535; x_wconf 89' lang='lat' dir='ltr'><strong>suum·</strong></span> <span class='ocrx_word' id='word_1_213' title='bbox 324 1497 475 1534; x_wconf 85' lang='lat' dir='ltr'><strong>unicum</strong></span> <span class='ocrx_word' id='word_1_214' title='bbox 508 1495 677 1542; x_wconf 85' lang='lat' dir='ltr'><strong>dederit,</strong></span> <span class='ocrx_word' id='word_1_215' title='bbox 715 1498 752 1534; x_wconf 93' lang='lat' dir='ltr'><strong>in</strong></span> <span class='ocrx_word' id='word_1_216' title='bbox 785 1510 894 1548; x_wconf 88' lang='lat' dir='ltr'><strong>quem</strong></span> <span class='ocrx_word' id='word_1_217' title='bbox 928 1501 1048 1538; x_wconf 90' lang='lat' dir='ltr'><strong>omnis</strong></span> <span class='ocrx_word' id='word_1_218' title='bbox 1086 1502 1148 1552; x_wconf 90' lang='lat' dir='ltr'><strong>qui</strong></span> <span class='ocrx_word' id='word_1_219' title='bbox 1185 1500 1396 1541; x_wconf 85' lang='lat' dir='ltr'><strong>crediderit</strong></span> <span class='ocrx_word' id='word_1_220' title='bbox 1431 1514 1508 1540; x_wconf 83' lang='lat' dir='ltr'><strong>non</strong></span> 
     </span>
     <span class='ocr_line' id='line_1_25' title="bbox 183 1551 1508 1606; baseline 0.003 -14"><span class='ocrx_word' id='word_1_221' title='bbox 183 1560 331 1606; x_wconf 86' lang='lat' dir='ltr'><strong>pereat,</strong></span> <span class='ocrx_word' id='word_1_222' title='bbox 357 1551 426 1590; x_wconf 92' lang='lat' dir='ltr'><strong>sed</strong></span> <span class='ocrx_word' id='word_1_223' title='bbox 445 1552 587 1591; x_wconf 87' lang='lat' dir='ltr'><strong>habeat</strong></span> <span class='ocrx_word' id='word_1_224' title='bbox 603 1554 717 1592; x_wconf 85' lang='lat' dir='ltr'><strong>vitam</strong></span> <span class='ocrx_word' id='word_1_225' title='bbox 739 1555 1021 1605; x_wconf 82' lang='lat' dir='ltr'><strong>sempiternam.</strong></span> <span class='ocrx_word' id='word_1_226' title='bbox 1058 1555 1109 1594; x_wconf 90' lang='lat' dir='ltr'><strong>Et</strong></span> <span class='ocrx_word' id='word_1_227' title='bbox 1133 1570 1280 1595; x_wconf 90' lang='lat' dir='ltr'><strong>rursus:</strong></span> <span class='ocrx_word' id='word_1_228' title='bbox 1306 1571 1382 1596; x_wconf 86' lang='lat' dir='ltr'><strong>non</strong></span> <span class='ocrx_word' id='word_1_229' title='bbox 1408 1559 1508 1597; x_wconf 85' lang='lat' dir='ltr'><strong>enim</strong></span> 
     </span>
     <span class='ocr_line' id='line_1_26' title="bbox 183 1609 1510 1661; baseline 0.004 -14"><span class='ocrx_word' id='word_1_230' title='bbox 183 1611 284 1648; x_wconf 90' lang='lat' dir='ltr'><strong>misit</strong></span> <span class='ocrx_word' id='word_1_231' title='bbox 309 1609 402 1648; x_wconf 88' lang='lat' dir='ltr'><strong>deus</strong></span> <span class='ocrx_word' id='word_1_232' title='bbox 428 1610 544 1647; x_wconf 86' lang='lat' dir='ltr'><strong>filium</strong></span> <span class='ocrx_word' id='word_1_233' title='bbox 570 1623 675 1648; x_wconf 91' lang='lat' dir='ltr'><strong>suum</strong></span> <span class='ocrx_word' id='word_1_234' title='bbox 700 1611 738 1649; x_wconf 91' lang='lat' dir='ltr'><strong>in</strong></span> <span class='ocrx_word' id='word_1_235' title='bbox 763 1610 952 1658; x_wconf 88' lang='lat' dir='ltr'><strong>mundum,</strong></span> <span class='ocrx_word' id='word_1_236' title='bbox 983 1619 1025 1650; x_wconf 90' lang='lat' dir='ltr'><strong>ut</strong></span> <span class='ocrx_word' id='word_1_237' title='bbox 1049 1611 1196 1652; x_wconf 86' lang='lat' dir='ltr'><strong>iudicet</strong></span> <span class='ocrx_word' id='word_1_238' title='bbox 1219 1613 1408 1661; x_wconf 86' lang='lat' dir='ltr'><strong>mundum,</strong></span> <span class='ocrx_word' id='word_1_239' title='bbox 1440 1611 1510 1652; x_wconf 86' lang='lat' dir='ltr'><strong>sed</strong></span> 
     </span>
     <span class='ocr_line' id='line_1_27' title="bbox 183 1666 1507 1719; baseline 0.005 -15"><span class='ocrx_word' id='word_1_240' title='bbox 183 1674 225 1705; x_wconf 92' lang='lat' dir='ltr'><strong>ut</strong></span> <span class='ocrx_word' id='word_1_241' title='bbox 249 1668 374 1705; x_wconf 89' lang='lat' dir='ltr'><strong>salvus</strong></span> <span class='ocrx_word' id='word_1_242' title='bbox 399 1668 448 1705; x_wconf 88' lang='lat' dir='ltr'><strong>sit</strong></span> <span class='ocrx_word' id='word_1_243' title='bbox 472 1666 630 1705; x_wconf 90' lang='lat' dir='ltr'><strong>muudus</strong></span> <span class='ocrx_word' id='word_1_244' title='bbox 655 1679 726 1718; x_wconf 92' lang='lat' dir='ltr'><strong>per</strong></span> <span class='ocrx_word' id='word_1_245' title='bbox 750 1680 853 1715; x_wconf 86' lang='lat' dir='ltr'><strong>eum3</strong></span> <span class='ocrx_word' id='word_1_246' title='bbox 885 1669 948 1719; x_wconf 92' lang='lat' dir='ltr'><strong>qui</strong></span> <span class='ocrx_word' id='word_1_247' title='bbox 980 1667 1192 1708; x_wconf 88' lang='lat' dir='ltr'><strong>crediderit</strong></span> <span class='ocrx_word' id='word_1_248' title='bbox 1215 1671 1252 1708; x_wconf 91' lang='lat' dir='ltr'><strong>in</strong></span> <span class='ocrx_word' id='word_1_249' title='bbox 1279 1671 1402 1718; x_wconf 86' lang='lat' dir='ltr'><strong>illum,</strong></span> <span class='ocrx_word' id='word_1_250' title='bbox 1432 1683 1507 1709; x_wconf 82' lang='lat' dir='ltr'><strong>non</strong></span> 
     </span>
     <span class='ocr_line' id='line_1_28' title="bbox 183 1723 1508 1775; baseline 0.003 -13"><span class='ocrx_word' id='word_1_251' title='bbox 183 1723 394 1771; x_wconf 60' lang='lat' dir='ltr'><strong>iudicatum</strong></span> <span class='ocrx_word' id='word_1_252' title='bbox 433 1724 496 1775; x_wconf 87' lang='lat' dir='ltr'><strong>qui</strong></span> <span class='ocrx_word' id='word_1_253' title='bbox 527 1737 602 1762; x_wconf 91' lang='lat' dir='ltr'><strong>non</strong></span> <span class='ocrx_word' id='word_1_254' title='bbox 634 1723 847 1763; x_wconf 80' lang='lat' dir='ltr'><strong>crediderit</strong></span> <span class='ocrx_word' id='word_1_255' title='bbox 876 1726 914 1763; x_wconf 90' lang='lat' dir='ltr'><strong>in</strong></span> <span class='ocrx_word' id='word_1_256' title='bbox 943 1725 1067 1773; x_wconf 90' lang='lat' dir='ltr'><strong>illum,</strong></span> <span class='ocrx_word' id='word_1_257' title='bbox 1105 1727 1179 1765; x_wconf 86' lang='lat' dir='ltr'><strong>iam</strong></span> <span class='ocrx_word' id='word_1_258' title='bbox 1217 1726 1406 1766; x_wconf 88' lang='lat' dir='ltr'><strong>iudicatus</strong></span> <span class='ocrx_word' id='word_1_259' title='bbox 1436 1734 1508 1775; x_wconf 86' lang='lat' dir='ltr'><strong>est,</strong></span> 
     </span>
     <span class='ocr_line' id='line_1_29' title="bbox 186 1779 1510 1833; baseline 0.004 -15"><span class='ocrx_word' id='word_1_260' title='bbox 186 1782 273 1833; x_wconf 86' lang='lat' dir='ltr'><strong>quia</strong></span> <span class='ocrx_word' id='word_1_261' title='bbox 310 1794 386 1819; x_wconf 89' lang='lat' dir='ltr'><strong>non</strong></span> <span class='ocrx_word' id='word_1_262' title='bbox 425 1779 590 1819; x_wconf 90' lang='lat' dir='ltr'><strong>credidit</strong></span> <span class='ocrx_word' id='word_1_263' title='bbox 614 1782 652 1819; x_wconf 91' lang='lat' dir='ltr'><strong>in</strong></span> <span class='ocrx_word' id='word_1_264' title='bbox 678 1782 830 1820; x_wconf 90' lang='lat' dir='ltr'><strong>nomine</strong></span> <span class='ocrx_word' id='word_1_265' title='bbox 867 1782 970 1821; x_wconf 90' lang='lat' dir='ltr'><strong>unici</strong></span> <span class='ocrx_word' id='word_1_266' title='bbox 1007 1782 1075 1821; x_wconf 83' lang='lat' dir='ltr'><strong>filii</strong></span> <span class='ocrx_word' id='word_1_267' title='bbox 1111 1783 1273 1832; x_wconf 84' lang='lat' dir='ltr'><strong>dei.¹¹)</strong></span> <span class='ocrx_word' id='word_1_268' title='bbox 1346 1783 1510 1823; x_wconf 83' lang='lat' dir='ltr'><strong>Ioannes</strong></span> 
     </span>
     <span class='ocr_line' id='line_1_30' title="bbox 186 1838 1508 1894; baseline 0.003 -18"><span class='ocrx_word' id='word_1_269' title='bbox 186 1845 312 1876; x_wconf 88' lang='lat' dir='ltr'><strong>autem</strong></span> <span class='ocrx_word' id='word_1_270' title='bbox 351 1851 435 1876; x_wconf 90' lang='lat' dir='ltr'><strong>cum</strong></span> <span class='ocrx_word' id='word_1_271' title='bbox 472 1839 798 1889; x_wconf 84' lang='lat' dir='ltr'><strong>interrogaretur,</strong></span> <span class='ocrx_word' id='word_1_272' title='bbox 838 1838 927 1890; x_wconf 91' lang='lat' dir='ltr'><strong>quid</strong></span> <span class='ocrx_word' id='word_1_273' title='bbox 959 1838 1045 1887; x_wconf 85' lang='lat' dir='ltr'><strong>Iesu</strong></span> <span class='ocrx_word' id='word_1_274' title='bbox 1083 1841 1348 1892; x_wconf 86' lang='lat' dir='ltr'><strong>contingeret,</strong></span> <span class='ocrx_word' id='word_1_275' title='bbox 1385 1847 1508 1894; x_wconf 85' lang='lat' dir='ltr'><strong>pater,</strong></span> 
     </span>
     <span class='ocr_line' id='line_1_31' title="bbox 185 1895 1511 1950; baseline 0.002 -17"><span class='ocrx_word' id='word_1_276' title='bbox 185 1896 324 1947; x_wconf 89' lang='lat' dir='ltr'><strong>inquit,</strong></span> <span class='ocrx_word' id='word_1_277' title='bbox 362 1895 498 1934; x_wconf 85' lang='lat' dir='ltr'><strong>dilexit</strong></span> <span class='ocrx_word' id='word_1_278' title='bbox 534 1895 668 1942; x_wconf 92' lang='lat' dir='ltr'><strong>filium,</strong></span> <span class='ocrx_word' id='word_1_279' title='bbox 707 1903 747 1934; x_wconf 91' lang='lat' dir='ltr'><strong>et</strong></span> <span class='ocrx_word' id='word_1_280' title='bbox 777 1897 903 1935; x_wconf 86' lang='lat' dir='ltr'><strong>omnia</strong></span> <span class='ocrx_word' id='word_1_281' title='bbox 927 1895 1085 1935; x_wconf 87' lang='lat' dir='ltr'><strong>tradidit</strong></span> <span class='ocrx_word' id='word_1_282' title='bbox 1108 1899 1146 1936; x_wconf 83' lang='lat' dir='ltr'><strong>in</strong></span> <span class='ocrx_word' id='word_1_283' title='bbox 1171 1911 1283 1939; x_wconf 89' lang='lat' dir='ltr'><strong>manu</strong></span> <span class='ocrx_word' id='word_1_284' title='bbox 1307 1899 1408 1946; x_wconf 79' lang='lat' dir='ltr'><strong>eius3</strong></span> <span class='ocrx_word' id='word_1_285' title='bbox 1447 1898 1511 1950; x_wconf 86' lang='lat' dir='ltr'><strong>qui</strong></span> 
     </span>
     <span class='ocr_line' id='line_1_32' title="bbox 187 1951 1512 2007; baseline 0.003 -17"><span class='ocrx_word' id='word_1_286' title='bbox 187 1951 354 1991; x_wconf 87' lang='lat' dir='ltr'><strong>credidit</strong></span> <span class='ocrx_word' id='word_1_287' title='bbox 377 1953 415 1991; x_wconf 94' lang='lat' dir='ltr'><strong>iu</strong></span> <span class='ocrx_word' id='word_1_288' title='bbox 440 1952 574 1999; x_wconf 85' lang='lat' dir='ltr'><strong>filium,</strong></span> <span class='ocrx_word' id='word_1_289' title='bbox 612 1952 729 1992; x_wconf 89' lang='lat' dir='ltr'><strong>habet</strong></span> <span class='ocrx_word' id='word_1_290' title='bbox 757 1954 872 1992; x_wconf 88' lang='lat' dir='ltr'><strong>vitam</strong></span> <span class='ocrx_word' id='word_1_291' title='bbox 904 1961 1118 2003; x_wconf 82' lang='lat' dir='ltr'><strong>aeternam3</strong></span> <span class='ocrx_word' id='word_1_292' title='bbox 1151 1956 1214 2007; x_wconf 88' lang='lat' dir='ltr'><strong>qui</strong></span> <span class='ocrx_word' id='word_1_293' title='bbox 1243 1969 1320 1994; x_wconf 85' lang='lat' dir='ltr'><strong>non</strong></span> <span class='ocrx_word' id='word_1_294' title='bbox 1345 1954 1512 1994; x_wconf 84' lang='lat' dir='ltr'><strong>eredidit</strong></span> 
     </span>
     <span class='ocr_line' id='line_1_33' title="bbox 185 2008 1511 2063; baseline 0.003 -16"><span class='ocrx_word' id='word_1_295' title='bbox 185 2010 224 2047; x_wconf 91' lang='lat' dir='ltr'><strong>in</strong></span> <span class='ocrx_word' id='word_1_296' title='bbox 250 2009 329 2048; x_wconf 84' lang='lat' dir='ltr'><strong>filio</strong></span> <span class='ocrx_word' id='word_1_297' title='bbox 355 2008 436 2055; x_wconf 86' lang='lat' dir='ltr'><strong>dei,</strong></span> <span class='ocrx_word' id='word_1_298' title='bbox 475 2023 549 2047; x_wconf 90' lang='lat' dir='ltr'><strong>uon</strong></span> <span class='ocrx_word' id='word_1_299' title='bbox 587 2009 739 2049; x_wconf 82' lang='lat' dir='ltr'><strong>videbit.</strong></span> <span class='ocrx_word' id='word_1_300' title='bbox 763 2008 891 2057; x_wconf 87' lang='lat' dir='ltr'><strong>deum,</strong></span> <span class='ocrx_word' id='word_1_301' title='bbox 930 2009 997 2049; x_wconf 88' lang='lat' dir='ltr'><strong>sed</strong></span> <span class='ocrx_word' id='word_1_302' title='bbox 1029 2012 1086 2050; x_wconf 89' lang='lat' dir='ltr'><strong>ira</strong></span> <span class='ocrx_word' id='word_1_303' title='bbox 1116 2010 1180 2051; x_wconf 89' lang='lat' dir='ltr'><strong>dei</strong></span> <span class='ocrx_word' id='word_1_304' title='bbox 1203 2012 1373 2051; x_wconf 73' lang='lat' dir='ltr'><strong>manebit</strong></span> <span class='ocrx_word' id='word_1_305' title='bbox 1395 2023 1511 2063; x_wconf 73' lang='lat' dir='ltr'><strong>snper</strong></span> 
     </span>
     <span class='ocr_line' id='line_1_34' title="bbox 187 2065 1512 2120; baseline 0.003 -16"><span class='ocrx_word' id='word_1_306' title='bbox 187 2068 367 2117; x_wconf 80' lang='lat' dir='ltr'><strong>eum.¹²)</strong></span> <span class='ocrx_word' id='word_1_307' title='bbox 419 2065 537 2114; x_wconf 81' lang='lat' dir='ltr'><strong>Quem</strong></span> <span class='ocrx_word' id='word_1_308' title='bbox 561 2079 655 2105; x_wconf 89' lang='lat' dir='ltr'><strong>vero</strong></span> <span class='ocrx_word' id='word_1_309' title='bbox 682 2065 903 2106; x_wconf 85' lang='lat' dir='ltr'><strong>Samaritidi</strong></span> <span class='ocrx_word' id='word_1_310' title='bbox 927 2067 1121 2108; x_wconf 80' lang='lat' dir='ltr'><strong>ostendit?</strong></span> <span class='ocrx_word' id='word_1_311' title='bbox 1156 2067 1198 2107; x_wconf 88' lang='lat' dir='ltr'><strong>Si</strong></span> <span class='ocrx_word' id='word_1_312' title='bbox 1222 2068 1414 2116; x_wconf 71' lang='lat' dir='ltr'><strong>Messian,</strong></span> <span class='ocrx_word' id='word_1_313' title='bbox 1447 2069 1512 2120; x_wconf 86' lang='lat' dir='ltr'><strong>qui</strong></span> 
     </span>
     <span class='ocr_line' id='line_1_35' title="bbox 188 2122 1509 2176; baseline 0.003 -15"><span class='ocrx_word' id='word_1_314' title='bbox 188 2122 331 2162; x_wconf 89' lang='lat' dir='ltr'><strong>dicitur</strong></span> <span class='ocrx_word' id='word_1_315' title='bbox 338 2122 524 2169; x_wconf 85' lang='lat' dir='ltr'><strong>Christus,</strong></span> <span class='ocrx_word' id='word_1_316' title='bbox 539 2123 655 2162; x_wconf 88' lang='lat' dir='ltr'><strong>filium</strong></span> <span class='ocrx_word' id='word_1_317' title='bbox 668 2125 798 2176; x_wconf 90' lang='lat' dir='ltr'><strong>utique</strong></span> <span class='ocrx_word' id='word_1_318' title='bbox 813 2136 867 2171; x_wconf 83' lang='lat' dir='ltr'><strong>se,</strong></span> <span class='ocrx_word' id='word_1_319' title='bbox 883 2138 958 2163; x_wconf 88' lang='lat' dir='ltr'><strong>non</strong></span> <span class='ocrx_word' id='word_1_320' title='bbox 972 2132 1132 2176; x_wconf 86' lang='lat' dir='ltr'><strong>patrem,</strong></span> <span class='ocrx_word' id='word_1_321' title='bbox 1147 2124 1457 2172; x_wconf 73' lang='lat' dir='ltr'><strong>demonstravit,¹</strong></span> <span class='ocrx_word' id='word_1_322' title='bbox 1469 2125 1509 2176; x_wconf 79' lang='lat'><strong>³)</strong></span> 
     </span>
     <span class='ocr_line' id='line_1_36' title="bbox 189 2179 1510 2233; baseline 0.004 -16"><span class='ocrx_word' id='word_1_323' title='bbox 189 2181 250 2231; x_wconf 88' lang='lat' dir='ltr'><strong>qui</strong></span> <span class='ocrx_word' id='word_1_324' title='bbox 271 2187 311 2218; x_wconf 92' lang='lat' dir='ltr'><strong>et</strong></span> <span class='ocrx_word' id='word_1_325' title='bbox 329 2180 420 2218; x_wconf 89' lang='lat' dir='ltr'><strong>alibi</strong></span> <span class='ocrx_word' id='word_1_326' title='bbox 435 2179 621 2227; x_wconf 84' lang='lat' dir='ltr'><strong>Christus,</strong></span> <span class='ocrx_word' id='word_1_327' title='bbox 648 2179 711 2219; x_wconf 92' lang='lat' dir='ltr'><strong>dei</strong></span> <span class='ocrx_word' id='word_1_328' title='bbox 731 2181 842 2228; x_wconf 87' lang='lat' dir='ltr'><strong>filius,</strong></span> <span class='ocrx_word' id='word_1_329' title='bbox 869 2195 944 2220; x_wconf 86' lang='lat' dir='ltr'><strong>non</strong></span> <span class='ocrx_word' id='word_1_330' title='bbox 965 2189 1087 2233; x_wconf 86' lang='lat' dir='ltr'><strong>pater,</strong></span> <span class='ocrx_word' id='word_1_331' title='bbox 1114 2181 1238 2222; x_wconf 86' lang='lat' dir='ltr'><strong>dictus</strong></span> <span class='ocrx_word' id='word_1_332' title='bbox 1251 2189 1323 2222; x_wconf 83' lang='lat' dir='ltr'><strong>est.</strong></span> <span class='ocrx_word' id='word_1_333' title='bbox 1361 2181 1510 2222; x_wconf 82' lang='lat' dir='ltr'><strong>Exinde</strong></span> 
     </span>
     <span class='ocr_line' id='line_1_37' title="bbox 189 2235 1511 2292; baseline 0.003 -18"><span class='ocrx_word' id='word_1_334' title='bbox 189 2235 404 2288; x_wconf 85' lang='lat' dir='ltr'><strong>discipulis:</strong></span> <span class='ocrx_word' id='word_1_335' title='bbox 429 2249 551 2276; x_wconf 91' lang='lat' dir='ltr'><strong>meum</strong></span> <span class='ocrx_word' id='word_1_336' title='bbox 577 2244 649 2284; x_wconf 88' lang='lat' dir='ltr'><strong>est,</strong></span> <span class='ocrx_word' id='word_1_337' title='bbox 679 2239 814 2290; x_wconf 87' lang='lat' dir='ltr'><strong>inquit,</strong></span> <span class='ocrx_word' id='word_1_338' title='bbox 839 2245 881 2277; x_wconf 88' lang='lat' dir='ltr'><strong>ut</strong></span> <span class='ocrx_word' id='word_1_339' title='bbox 903 2239 1042 2278; x_wconf 78' lang='lat' dir='ltr'><strong>faciam</strong></span> <span class='ocrx_word' id='word_1_340' title='bbox 1067 2240 1300 2279; x_wconf 88' lang='lat' dir='ltr'><strong>voluntatem</strong></span> <span class='ocrx_word' id='word_1_341' title='bbox 1326 2240 1420 2287; x_wconf 87' lang='lat' dir='ltr'><strong>eius,</strong></span> <span class='ocrx_word' id='word_1_342' title='bbox 1447 2240 1511 2292; x_wconf 86' lang='lat' dir='ltr'><strong>qui</strong></span> 
     </span>
    </p>
   </div>
   <div class='ocr_carea' id='block_1_3' title="bbox 193 2347 1545 2575">
    <p class='ocr_par' dir='ltr' id='par_1_3' title="bbox 193 2347 1545 2575">
     <span class='ocr_line' id='line_1_38' title="bbox 283 2347 1509 2396; baseline 0.006 -20"><span class='ocrx_word' id='word_1_343' title='bbox 283 2347 316 2385; x_wconf 85' lang='lat'><strong>1)</strong></span> <span class='ocrx_word' id='word_1_344' title='bbox 336 2350 382 2379; x_wconf 86' lang='lat'><strong>10.</strong></span> <span class='ocrx_word' id='word_1_345' title='bbox 398 2351 428 2389; x_wconf 92' lang='lat'><strong>1,</strong></span> <span class='ocrx_word' id='word_1_346' title='bbox 444 2353 497 2383; x_wconf 81' lang='lat'><strong>14.</strong></span> <span class='ocrx_word' id='word_1_347' title='bbox 569 2348 606 2390; x_wconf 84' lang='lat'><strong>2)</strong></span> <span class='ocrx_word' id='word_1_348' title='bbox 626 2351 688 2381; x_wconf 88' lang='lat' dir='ltr'><strong>Ed.</strong></span> <span class='ocrx_word' id='word_1_349' title='bbox 701 2352 812 2393; x_wconf 84' lang='lat' dir='ltr'><strong>Fran.‚</strong></span> <span class='ocrx_word' id='word_1_350' title='bbox 826 2353 901 2392; x_wconf 82' lang='lat' dir='ltr'><strong>Rig.</strong></span> <span class='ocrx_word' id='word_1_351' title='bbox 920 2362 970 2383; x_wconf 89' lang='lat' dir='ltr'><strong>un</strong></span> <span class='ocrx_word' id='word_1_352' title='bbox 981 2363 1001 2383; x_wconf 92' lang='lat' dir='ltr'><strong>u</strong></span> <span class='ocrx_word' id='word_1_353' title='bbox 1012 2363 1040 2383; x_wconf 76' lang='lat' dir='ltr'><strong>s.</strong></span> <span class='ocrx_word' id='word_1_354' title='bbox 1113 2351 1149 2396; x_wconf 81' lang='lat'><strong>3)</strong></span> <span class='ocrx_word' id='word_1_355' title='bbox 1171 2355 1218 2385; x_wconf 88' lang='lat'><strong>10.</strong></span> <span class='ocrx_word' id='word_1_356' title='bbox 1234 2356 1265 2392; x_wconf 86' lang='lat'><strong>1,</strong></span> <span class='ocrx_word' id='word_1_357' title='bbox 1282 2355 1336 2386; x_wconf 89' lang='lat'><strong>18.</strong></span> <span class='ocrx_word' id='word_1_358' title='bbox 1395 2354 1432 2392; x_wconf 83' lang='lat'><strong>4)</strong></span> <span class='ocrx_word' id='word_1_359' title='bbox 1452 2352 1509 2384; x_wconf 83' lang='lat' dir='ltr'><strong>Sic</strong></span> 
     </span>
     <span class='ocr_line' id='line_1_39' title="bbox 193 2391 1506 2439; baseline 0.006 -19"><span class='ocrx_word' id='word_1_360' title='bbox 193 2391 266 2422; x_wconf 89' lang='lat' dir='ltr'><strong>cod.</strong></span> <span class='ocrx_word' id='word_1_361' title='bbox 281 2392 418 2423; x_wconf 80' lang='lat' dir='ltr'><strong>VVouw.</strong></span> <span class='ocrx_word' id='word_1_362' title='bbox 439 2398 474 2426; x_wconf 78' lang='lat' dir='ltr'><strong>et</strong></span> <span class='ocrx_word' id='word_1_363' title='bbox 492 2396 564 2435; x_wconf 80' lang='lat' dir='ltr'><strong>Rig.</strong></span> <span class='ocrx_word' id='word_1_364' title='bbox 586 2397 714 2428; x_wconf 84' lang='lat' dir='ltr'><strong>Ceteri:</strong></span> <span class='ocrx_word' id='word_1_365' title='bbox 740 2398 837 2428; x_wconf 82' lang='lat' dir='ltr'><strong>Inde</strong></span> <span class='ocrx_word' id='word_1_366' title='bbox 862 2399 946 2428; x_wconf 84' lang='lat' dir='ltr'><strong>etsi</strong></span> <span class='ocrx_word' id='word_1_367' title='bbox 970 2401 1192 2439; x_wconf 65' lang='lat' dir='ltr'><strong>agnusdei</strong></span> <span class='ocrx_word' id='word_1_368' title='bbox 1210 2402 1276 2431; x_wconf 83' lang='lat' dir='ltr'><strong>etc.</strong></span> <span class='ocrx_word' id='word_1_369' title='bbox 1346 2399 1384 2438; x_wconf 76' lang='lat'><strong>5)</strong></span> <span class='ocrx_word' id='word_1_370' title='bbox 1402 2400 1450 2429; x_wconf 88' lang='lat' dir='ltr'><strong>lo.</strong></span> <span class='ocrx_word' id='word_1_371' title='bbox 1471 2399 1506 2433; x_wconf 89' lang='lat'><strong>1,</strong></span> 
     </span>
     <span class='ocr_line' id='line_1_40' title="bbox 194 2436 1545 2484; baseline 0.008 -20"><span class='ocrx_word' id='word_1_372' title='bbox 194 2436 248 2466; x_wconf 80' lang='grc'><strong>29.</strong></span> <span class='ocrx_word' id='word_1_373' title='bbox 309 2436 346 2478; x_wconf 87' lang='grc'><strong>6)</strong></span> <span class='ocrx_word' id='word_1_374' title='bbox 362 2439 418 2469; x_wconf 87' lang='lat' dir='ltr'><strong>Sic</strong></span> <span class='ocrx_word' id='word_1_375' title='bbox 432 2440 538 2473; x_wconf 85' lang='lat' dir='ltr'><strong>Rhen.</strong></span> <span class='ocrx_word' id='word_1_376' title='bbox 553 2450 571 2472; x_wconf 88' lang='lat' dir='ltr'><strong>e</strong></span> <span class='ocrx_word' id='word_1_377' title='bbox 585 2442 660 2473; x_wconf 90' lang='lat' dir='ltr'><strong>cod.</strong></span> <span class='ocrx_word' id='word_1_378' title='bbox 673 2442 773 2473; x_wconf 79' lang='lat' dir='ltr'><strong>Gorz,</strong></span> <span class='ocrx_word' id='word_1_379' title='bbox 788 2444 918 2474; x_wconf 87' lang='lat' dir='ltr'><strong>Ceteri:</strong></span> <span class='ocrx_word' id='word_1_380' title='bbox 945 2445 1030 2474; x_wconf 88' lang='lat' dir='ltr'><strong>Hoc</strong></span> <span class='ocrx_word' id='word_1_381' title='bbox 1049 2454 1137 2475; x_wconf 88' lang='lat' dir='ltr'><strong>eum</strong></span> <span class='ocrx_word' id='word_1_382' title='bbox 1159 2445 1277 2478; x_wconf 77' lang='lat' dir='ltr'><strong>Nath.</strong></span> <span class='ocrx_word' id='word_1_383' title='bbox 1337 2445 1376 2484; x_wconf 76' lang='grc'><strong>7)</strong></span> <span class='ocrx_word' id='word_1_384' title='bbox 1387 2441 1510 2480; x_wconf 61' lang='lat' dir='ltr'><strong>Matth-</strong></span> <span class='ocrx_word' id='word_1_385' title='bbox 1539 2457 1545 2460; x_wconf 84' lang='lat'>·</span> 
     </span>
     <span class='ocr_line' id='line_1_41' title="bbox 194 2482 1507 2530; baseline 0.006 -18"><span class='ocrx_word' id='word_1_386' title='bbox 194 2482 316 2519; x_wconf 81' lang='grc'>16,16.</span> <span class='ocrx_word' id='word_1_387' title='bbox 387 2485 423 2523; x_wconf 89' lang='lat'><strong>8)</strong></span> <span class='ocrx_word' id='word_1_388' title='bbox 436 2487 482 2516; x_wconf 80' lang='grc' dir='ltr'><strong>ιο.</strong></span> <span class='ocrx_word' id='word_1_389' title='bbox 495 2488 527 2525; x_wconf 84' lang='grc'>1,</span> <span class='ocrx_word' id='word_1_390' title='bbox 544 2489 597 2519; x_wconf 84' lang='lat'><strong>50.</strong></span> <span class='ocrx_word' id='word_1_391' title='bbox 669 2485 707 2530; x_wconf 83' lang='lat'><strong>9)</strong></span> <span class='ocrx_word' id='word_1_392' title='bbox 726 2489 850 2518; x_wconf 78' lang='lat' dir='ltr'><strong>Matth.</strong></span> <span class='ocrx_word' id='word_1_393' title='bbox 868 2490 990 2528; x_wconf 72' lang='lat'><strong>16,17.</strong></span> <span class='ocrx_word' id='word_1_394' title='bbox 1064 2490 1123 2529; x_wconf 85' lang='lat'><strong>10)</strong></span> <span class='ocrx_word' id='word_1_395' title='bbox 1142 2492 1189 2522; x_wconf 82' lang='grc' dir='ltr'><strong>ιο.</strong></span> <span class='ocrx_word' id='word_1_396' title='bbox 1206 2492 1238 2530; x_wconf 86' lang='lat'><strong>2,</strong></span> <span class='ocrx_word' id='word_1_397' title='bbox 1255 2491 1308 2522; x_wconf 77' lang='lat'><strong>16.</strong></span> <span class='ocrx_word' id='word_1_398' title='bbox 1380 2485 1443 2530; x_wconf 87' lang='grc'>11)</span> <span class='ocrx_word' id='word_1_399' title='bbox 1457 2489 1507 2520; x_wconf 85' lang='lat'><strong>10.</strong></span> 
     </span>
     <span class='ocr_line' id='line_1_42' title="bbox 195 2526 1087 2575; baseline 0.011 -20"><span class='ocrx_word' id='word_1_400' title='bbox 195 2526 369 2566; x_wconf 76' lang='lat' dir='ltr'><strong>3,16·qq.</strong></span> <span class='ocrx_word' id='word_1_401' title='bbox 441 2531 500 2571; x_wconf 86' lang='lat'><strong>12)</strong></span> <span class='ocrx_word' id='word_1_402' title='bbox 515 2533 563 2563; x_wconf 89' lang='lat'><strong>10.</strong></span> <span class='ocrx_word' id='word_1_403' title='bbox 578 2534 609 2573; x_wconf 82' lang='lat'><strong>3,</strong></span> <span class='ocrx_word' id='word_1_404' title='bbox 624 2534 665 2563; x_wconf 84' lang='lat'><strong>35</strong></span> <span class='ocrx_word' id='word_1_405' title='bbox 680 2542 729 2571; x_wconf 85' lang='lat' dir='ltr'><strong>sq.</strong></span> <span class='ocrx_word' id='word_1_406' title='bbox 800 2534 859 2573; x_wconf 84' lang='lat'><strong>13)</strong></span> <span class='ocrx_word' id='word_1_407' title='bbox 873 2532 920 2566; x_wconf 90' lang='lat' dir='ltr'><strong>lo.</strong></span> <span class='ocrx_word' id='word_1_408' title='bbox 935 2536 967 2575; x_wconf 83' lang='lat'><strong>4,</strong></span> <span class='ocrx_word' id='word_1_409' title='bbox 983 2536 1024 2565; x_wconf 84' lang='lat'><strong>25</strong></span> <span class='ocrx_word' id='word_1_410' title='bbox 1040 2545 1087 2573; x_wconf 80' lang='lat' dir='ltr'><strong>sq.</strong></span> 
     </span>
    </p>
   </div>
  </div>
 </body>
</html>
