<?xml version="1.0" encoding="UTF-8"?>
<!DOCTYPE html PUBLIC "-//W3C//DTD XHTML 1.0 Transitional//EN"
    "http://www.w3.org/TR/xhtml1/DTD/xhtml1-transitional.dtd">
<html xmlns="http://www.w3.org/1999/xhtml" xml:lang="en" lang="en">
 <head>
  <title>
</title>
<meta http-equiv="Content-Type" content="text/html;charset=utf-8" />
  <meta name='ocr-system' content='tesseract 3.04.00' />
  <meta name='ocr-capabilities' content='ocr_page ocr_carea ocr_par ocr_line ocrx_word'/>
</head>
<body>
  <div class='ocr_page' id='page_1' title='image "./operatert34tertuoft_0385.png"; bbox 0 0 1604 2800; ppageno 0'>
   <div class='ocr_carea' id='block_1_1' title="bbox 436 167 1442 204">
    <p class='ocr_par' dir='ltr' id='par_1_1' title="bbox 436 167 1442 204">
     <span class='ocr_line' id='line_1_1' title="bbox 436 167 1442 204; baseline -0.006 0"><span class='ocrx_word' id='word_1_1' title='bbox 436 172 562 204; x_wconf 83' lang='lat' dir='ltr'><strong>ADV.</strong></span> <span class='ocrx_word' id='word_1_2' title='bbox 598 169 1116 203; x_wconf 78' lang='lat' dir='ltr'><strong>VALENTINIANOS.</strong></span> <span class='ocrx_word' id='word_1_3' title='bbox 1372 167 1442 204; x_wconf 75' lang='grc'><strong>53</strong></span> 
     </span>
    </p>
   </div>
   <div class='ocr_carea' id='block_1_2' title="bbox 112 262 1448 722">
    <p class='ocr_par' dir='ltr' id='par_1_2' title="bbox 112 262 1448 722">
     <span class='ocr_line' id='line_1_2' title="bbox 114 262 1442 320; baseline -0.004 -14"><span class='ocrx_word' id='word_1_4' title='bbox 114 279 223 320; x_wconf 88' lang='lat' dir='ltr'><strong>quam</strong></span> <span class='ocrx_word' id='word_1_5' title='bbox 255 272 326 305; x_wconf 90' lang='lat' dir='ltr'><strong>est.</strong></span> <span class='ocrx_word' id='word_1_6' title='bbox 390 264 432 304; x_wconf 91' lang='lat' dir='ltr'><strong>Si</strong></span> <span class='ocrx_word' id='word_1_7' title='bbox 475 278 575 303; x_wconf 78' lang='lat' dir='ltr'><strong>enim</strong></span> <span class='ocrx_word' id='word_1_8' title='bbox 607 264 720 303; x_wconf 84' lang='lat' dir='ltr'><strong>fusile</strong></span> <span class='ocrx_word' id='word_1_9' title='bbox 752 270 792 302; x_wconf 89' lang='lat' dir='ltr'><strong>et</strong></span> <span class='ocrx_word' id='word_1_10' title='bbox 823 263 952 301; x_wconf 84' lang='lat' dir='ltr'><strong>fluxile</strong></span> <span class='ocrx_word' id='word_1_11' title='bbox 985 263 1145 314; x_wconf 88' lang='lat' dir='ltr'><strong>liquoris</strong></span> <span class='ocrx_word' id='word_1_12' title='bbox 1176 269 1235 300; x_wconf 88' lang='lat' dir='ltr'><strong>est</strong></span> <span class='ocrx_word' id='word_1_13' title='bbox 1267 262 1442 313; x_wconf 81' lang='lat' dir='ltr'><strong>qualitas,</strong></span> 
     </span>
     <span class='ocr_line' id='line_1_3' title="bbox 113 321 1446 377; baseline -0.005 -14"><span class='ocrx_word' id='word_1_14' title='bbox 113 325 241 377; x_wconf 87' lang='lat' dir='ltr'><strong>liquor</strong></span> <span class='ocrx_word' id='word_1_15' title='bbox 265 330 392 363; x_wconf 87' lang='lat' dir='ltr'><strong>autem</strong></span> <span class='ocrx_word' id='word_1_16' title='bbox 419 323 540 362; x_wconf 88' lang='lat' dir='ltr'><strong>omnis</strong></span> <span class='ocrx_word' id='word_1_17' title='bbox 567 321 614 361; x_wconf 90' lang='lat' dir='ltr'><strong>de</strong></span> <span class='ocrx_word' id='word_1_18' title='bbox 642 321 812 374; x_wconf 85' lang='lat' dir='ltr'>Sophiae</span> <span class='ocrx_word' id='word_1_19' title='bbox 838 321 991 359; x_wconf 89' lang='lat' dir='ltr'><strong>fletibus</strong></span> <span class='ocrx_word' id='word_1_20' title='bbox 1016 321 1143 366; x_wconf 85' lang='lat' dir='ltr'><strong>fluxit,</strong></span> <span class='ocrx_word' id='word_1_21' title='bbox 1176 321 1366 372; x_wconf 89' lang='lat' dir='ltr'><strong>sequitur,</strong></span> <span class='ocrx_word' id='word_1_22' title='bbox 1403 327 1446 358; x_wconf 91' lang='lat' dir='ltr'><strong>ut</strong></span> 
     </span>
     <span class='ocr_line' id='line_1_4' title="bbox 112 376 1444 434; baseline -0.005 -13"><span class='ocrx_word' id='word_1_23' title='bbox 112 382 239 421; x_wconf 91' lang='lat' dir='ltr'><strong>limum</strong></span> <span class='ocrx_word' id='word_1_24' title='bbox 271 394 321 421; x_wconf 86' lang='lat' dir='ltr'><strong>ex</strong></span> <span class='ocrx_word' id='word_1_25' title='bbox 350 381 497 434; x_wconf 82' lang='lat' dir='ltr'><strong>pituitis</strong></span> <span class='ocrx_word' id='word_1_26' title='bbox 528 387 568 419; x_wconf 91' lang='lat' dir='ltr'><strong>et</strong></span> <span class='ocrx_word' id='word_1_27' title='bbox 598 380 740 432; x_wconf 81' lang='lat' dir='ltr'><strong>gramis</strong></span> <span class='ocrx_word' id='word_1_28' title='bbox 773 378 942 430; x_wconf 85' lang='lat' dir='ltr'><strong>Sophiae</strong></span> <span class='ocrx_word' id='word_1_29' title='bbox 976 379 1195 417; x_wconf 77' lang='lat' dir='ltr'><strong>constitisse</strong></span> <span class='ocrx_word' id='word_1_30' title='bbox 1229 376 1444 423; x_wconf 79' lang='lat' dir='ltr'><strong>credamus,</strong></span> 
     </span>
     <span class='ocr_line' id='line_1_5' title="bbox 114 434 1445 492; baseline -0.005 -13"><span class='ocrx_word' id='word_1_31' title='bbox 114 452 210 492; x_wconf 90' lang='lat' dir='ltr'><strong>quae</strong></span> <span class='ocrx_word' id='word_1_32' title='bbox 237 439 480 478; x_wconf 85' lang='lat' dir='ltr'><strong>lacrimarum</strong></span> <span class='ocrx_word' id='word_1_33' title='bbox 506 437 668 490; x_wconf 81' lang='lat' dir='ltr'><strong>proinde</strong></span> <span class='ocrx_word' id='word_1_34' title='bbox 694 443 781 475; x_wconf 90' lang='lat' dir='ltr'><strong>sunt</strong></span> <span class='ocrx_word' id='word_1_35' title='bbox 805 437 957 483; x_wconf 86' lang='lat' dir='ltr'><strong>faeces,</strong></span> <span class='ocrx_word' id='word_1_36' title='bbox 990 436 1090 474; x_wconf 87' lang='lat' dir='ltr'><strong>sicut</strong></span> <span class='ocrx_word' id='word_1_37' title='bbox 1114 449 1315 488; x_wconf 90' lang='lat' dir='ltr'><strong>aquarum,</strong></span> <span class='ocrx_word' id='word_1_38' title='bbox 1343 434 1445 487; x_wconf 91' lang='lat' dir='ltr'><strong>quod</strong></span> 
     </span>
     <span class='ocr_line' id='line_1_6' title="bbox 113 492 1445 547; baseline -0.004 -11"><span class='ocrx_word' id='word_1_39' title='bbox 113 495 282 544; x_wconf 86' lang='lat' dir='ltr'><strong>desidet,</strong></span> <span class='ocrx_word' id='word_1_40' title='bbox 321 497 430 535; x_wconf 92' lang='lat' dir='ltr'><strong>limus</strong></span> <span class='ocrx_word' id='word_1_41' title='bbox 461 503 531 535; x_wconf 89' lang='lat' dir='ltr'><strong>est.</strong></span> <span class='ocrx_word' id='word_1_42' title='bbox 594 495 746 547; x_wconf 82' lang='lat' dir='ltr'><strong>Figulat</strong></span> <span class='ocrx_word' id='word_1_43' title='bbox 776 495 829 532; x_wconf 91' lang='lat' dir='ltr'><strong>ita</strong></span> <span class='ocrx_word' id='word_1_44' title='bbox 860 494 1051 532; x_wconf 90' lang='lat' dir='ltr'><strong>hominem</strong></span> <span class='ocrx_word' id='word_1_45' title='bbox 1078 493 1306 544; x_wconf 75' lang='lat' dir='ltr'><strong>Demiurgus</strong></span> <span class='ocrx_word' id='word_1_46' title='bbox 1332 500 1372 532; x_wconf 89' lang='lat' dir='ltr'><strong>et</strong></span> <span class='ocrx_word' id='word_1_47' title='bbox 1397 492 1445 531; x_wconf 93' lang='lat' dir='ltr'><strong>de</strong></span> 
     </span>
     <span class='ocr_line' id='line_1_7' title="bbox 113 549 1446 594; baseline -0.005 0"><span class='ocrx_word' id='word_1_48' title='bbox 113 554 239 594; x_wconf 85' lang='lat' dir='ltr'><strong>afflatu</strong></span> <span class='ocrx_word' id='word_1_49' title='bbox 266 568 334 593; x_wconf 93' lang='lat' dir='ltr'><strong>suo</strong></span> <span class='ocrx_word' id='word_1_50' title='bbox 360 554 514 592; x_wconf 88' lang='lat' dir='ltr'><strong>animat.</strong></span> <span class='ocrx_word' id='word_1_51' title='bbox 571 552 637 591; x_wconf 91' lang='lat' dir='ltr'><strong>Sic</strong></span> <span class='ocrx_word' id='word_1_52' title='bbox 664 554 739 591; x_wconf 85' lang='lat' dir='ltr'><strong>erit</strong></span> <span class='ocrx_word' id='word_1_53' title='bbox 763 559 804 590; x_wconf 91' lang='lat' dir='ltr'><strong>et</strong></span> <span class='ocrx_word' id='word_1_54' title='bbox 829 551 988 590; x_wconf 86' lang='lat' dir='ltr'><strong>choicus</strong></span> <span class='ocrx_word' id='word_1_55' title='bbox 1014 558 1055 589; x_wconf 87' lang='lat' dir='ltr'><strong>et</strong></span> <span class='ocrx_word' id='word_1_56' title='bbox 1079 552 1254 590; x_wconf 88' lang='lat' dir='ltr'><strong>animalis</strong></span> <span class='ocrx_word' id='word_1_57' title='bbox 1279 549 1328 589; x_wconf 86' lang='lat' dir='ltr'><strong>ad</strong></span> <span class='ocrx_word' id='word_1_58' title='bbox 1352 552 1446 589; x_wconf 90' lang='lat' dir='ltr'><strong>ima-</strong></span> 
     </span>
     <span class='ocr_line' id='line_1_8' title="bbox 113 608 1445 664; baseline -0.004 -13"><span class='ocrx_word' id='word_1_59' title='bbox 113 614 242 664; x_wconf 86' lang='lat' dir='ltr'><strong>ginem</strong></span> <span class='ocrx_word' id='word_1_60' title='bbox 268 619 309 651; x_wconf 89' lang='lat' dir='ltr'><strong>et</strong></span> <span class='ocrx_word' id='word_1_61' title='bbox 333 610 616 650; x_wconf 88' lang='lat' dir='ltr'><strong>similitudinem</strong></span> <span class='ocrx_word' id='word_1_62' title='bbox 643 611 781 649; x_wconf 84' lang='lat' dir='ltr'><strong>factus.</strong></span> <span class='ocrx_word' id='word_1_63' title='bbox 845 608 1094 660; x_wconf 82' lang='lat' dir='ltr'><strong>Quadruplex</strong></span> <span class='ocrx_word' id='word_1_64' title='bbox 1124 622 1207 655; x_wconf 91' lang='lat' dir='ltr'><strong>res,</strong></span> <span class='ocrx_word' id='word_1_65' title='bbox 1246 615 1287 646; x_wconf 89' lang='lat' dir='ltr'><strong>ut</strong></span> <span class='ocrx_word' id='word_1_66' title='bbox 1318 609 1445 659; x_wconf 86' lang='lat' dir='ltr'><strong>imago</strong></span> 
     </span>
     <span class='ocr_line' id='line_1_9' title="bbox 115 667 1448 722; baseline -0.005 -13"><span class='ocrx_word' id='word_1_67' title='bbox 115 669 267 722; x_wconf 90' lang='lat' dir='ltr'><strong>quidem</strong></span> <span class='ocrx_word' id='word_1_68' title='bbox 293 670 453 708; x_wconf 86' lang='lat' dir='ltr'><strong>choicus</strong></span> <span class='ocrx_word' id='word_1_69' title='bbox 479 668 702 720; x_wconf 88' lang='lat' dir='ltr'><strong>deputetur,</strong></span> <span class='ocrx_word' id='word_1_70' title='bbox 741 667 949 705; x_wconf 87' lang='lat' dir='ltr'><strong>materialis</strong></span> <span class='ocrx_word' id='word_1_71' title='bbox 975 667 1145 713; x_wconf 90' lang='lat' dir='ltr'><strong>scilicet,</strong></span> <span class='ocrx_word' id='word_1_72' title='bbox 1185 667 1258 704; x_wconf 87' lang='lat' dir='ltr'><strong>etsi</strong></span> <span class='ocrx_word' id='word_1_73' title='bbox 1290 679 1366 703; x_wconf 87' lang='lat' dir='ltr'><strong>non</strong></span> <span class='ocrx_word' id='word_1_74' title='bbox 1398 679 1448 704; x_wconf 82' lang='lat' dir='ltr'><strong>ex</strong></span> 
     </span>
    </p>
   </div>
   <div class='ocr_carea' id='block_1_3' title="bbox 43 724 1448 778">
    <p class='ocr_par' dir='ltr' id='par_1_3' title="bbox 43 724 1448 778">
     <span class='ocr_line' id='line_1_10' title="bbox 43 724 1448 778; baseline -0.006 -11"><span class='ocrx_word' id='word_1_75' title='bbox 43 755 50 763; x_wconf 31' lang='grc' dir='ltr'><strong>ι.</strong></span> <span class='ocrx_word' id='word_1_76' title='bbox 113 728 276 766; x_wconf 88' lang='lat' dir='ltr'><strong>materia</strong></span> <span class='ocrx_word' id='word_1_77' title='bbox 302 726 551 778; x_wconf 76' lang='lat' dir='ltr'><strong>Demiurgu33</strong></span> <span class='ocrx_word' id='word_1_78' title='bbox 579 724 786 763; x_wconf 79' lang='lat' dir='ltr'><strong>similitudo</strong></span> <span class='ocrx_word' id='word_1_79' title='bbox 813 731 938 762; x_wconf 86' lang='lat' dir='ltr'><strong>autem</strong></span> <span class='ocrx_word' id='word_1_80' title='bbox 965 725 1152 770; x_wconf 86' lang='lat' dir='ltr'><strong>animalis,</strong></span> <span class='ocrx_word' id='word_1_81' title='bbox 1181 724 1254 761; x_wconf 91' lang='lat' dir='ltr'><strong>hoc</strong></span> <span class='ocrx_word' id='word_1_82' title='bbox 1281 724 1381 760; x_wconf 90' lang='lat' dir='ltr'><strong>enim</strong></span> <span class='ocrx_word' id='word_1_83' title='bbox 1407 730 1448 760; x_wconf 89' lang='lat' dir='ltr'><strong>et</strong></span> 
     </span>
    </p>
   </div>
   <div class='ocr_carea' id='block_1_4' title="bbox 112 780 1457 2380">
    <p class='ocr_par' dir='ltr' id='par_1_4' title="bbox 112 780 1446 939">
     <span class='ocr_line' id='line_1_11' title="bbox 113 780 1446 834; baseline -0.005 -11"><span class='ocrx_word' id='word_1_84' title='bbox 113 784 356 834; x_wconf 78' lang='lat' dir='ltr'><strong>Demiurgus·</strong></span> <span class='ocrx_word' id='word_1_85' title='bbox 431 783 559 821; x_wconf 88' lang='lat' dir='ltr'><strong>Habes</strong></span> <span class='ocrx_word' id='word_1_86' title='bbox 597 781 706 820; x_wconf 90' lang='lat' dir='ltr'><strong>duos.</strong></span> <span class='ocrx_word' id='word_1_87' title='bbox 774 781 931 819; x_wconf 86' lang='lat' dir='ltr'><strong>Interim</strong></span> <span class='ocrx_word' id='word_1_88' title='bbox 970 781 1164 819; x_wconf 88' lang='lat' dir='ltr'><strong>carnalem</strong></span> <span class='ocrx_word' id='word_1_89' title='bbox 1203 780 1446 831; x_wconf 81' lang='lat' dir='ltr'><strong>superficiem</strong></span> 
     </span>
     <span class='ocr_line' id='line_1_12' title="bbox 112 837 1445 895; baseline -0.005 -14"><span class='ocrx_word' id='word_1_90' title='bbox 112 848 249 895; x_wconf 85' lang='lat' dir='ltr'><strong>postea</strong></span> <span class='ocrx_word' id='word_1_91' title='bbox 285 842 392 879; x_wconf 89' lang='lat' dir='ltr'><strong>aiunt</strong></span> <span class='ocrx_word' id='word_1_92' title='bbox 428 840 566 879; x_wconf 88' lang='lat' dir='ltr'><strong>choico</strong></span> <span class='ocrx_word' id='word_1_93' title='bbox 603 845 886 890; x_wconf 82' lang='lat' dir='ltr'><strong>supertextam,</strong></span> <span class='ocrx_word' id='word_1_94' title='bbox 925 844 965 876; x_wconf 88' lang='lat' dir='ltr'><strong>et</strong></span> <span class='ocrx_word' id='word_1_95' title='bbox 994 837 1092 876; x_wconf 90' lang='lat' dir='ltr'><strong>hanc</strong></span> <span class='ocrx_word' id='word_1_96' title='bbox 1126 850 1211 876; x_wconf 90' lang='lat' dir='ltr'><strong>esse</strong></span> <span class='ocrx_word' id='word_1_97' title='bbox 1245 837 1445 889; x_wconf 88' lang='lat' dir='ltr'><strong>pelliceam</strong></span> 
     </span>
     <span class='ocr_line' id='line_1_13' title="bbox 112 897 680 939; baseline -0.009 0"><span class='ocrx_word' id='word_1_98' title='bbox 112 900 281 939; x_wconf 87' lang='lat' dir='ltr'><strong>tunicam</strong></span> <span class='ocrx_word' id='word_1_99' title='bbox 307 898 513 937; x_wconf 82' lang='lat' dir='ltr'><strong>obnoxiam</strong></span> <span class='ocrx_word' id='word_1_100' title='bbox 539 897 680 935; x_wconf 90' lang='lat' dir='ltr'><strong>sensui.</strong></span> 
     </span>
    </p>

    <p class='ocr_par' dir='ltr' id='par_1_5' title="bbox 114 951 1455 1984">
     <span class='ocr_line' id='line_1_14' title="bbox 228 951 1446 1004; baseline -0.005 -8"><span class='ocrx_word' id='word_1_101' title='bbox 228 959 298 999; x_wconf 87' lang='grc'><strong>25.</strong></span> <span class='ocrx_word' id='word_1_102' title='bbox 343 955 475 995; x_wconf 88' lang='lat' dir='ltr'><strong>Inerat</strong></span> <span class='ocrx_word' id='word_1_103' title='bbox 499 962 626 994; x_wconf 87' lang='lat' dir='ltr'><strong>autem</strong></span> <span class='ocrx_word' id='word_1_104' title='bbox 651 955 689 992; x_wconf 91' lang='lat' dir='ltr'><strong>in</strong></span> <span class='ocrx_word' id='word_1_105' title='bbox 715 953 947 999; x_wconf 84' lang='lat' dir='ltr'><strong>Achamoth,</strong></span> <span class='ocrx_word' id='word_1_106' title='bbox 975 965 1024 991; x_wconf 79' lang='lat' dir='ltr'><strong>ex</strong></span> <span class='ocrx_word' id='word_1_107' title='bbox 1049 953 1259 991; x_wconf 87' lang='lat' dir='ltr'><strong>substantia</strong></span> <span class='ocrx_word' id='word_1_108' title='bbox 1277 951 1446 1004; x_wconf 81' lang='lat' dir='ltr'><strong>Sophiae</strong></span> 
     </span>
     <span class='ocr_line' id='line_1_15' title="bbox 114 1011 1448 1066; baseline -0.004 -12"><span class='ocrx_word' id='word_1_109' title='bbox 114 1014 265 1061; x_wconf 83' lang='lat' dir='ltr'><strong>matris,</strong></span> <span class='ocrx_word' id='word_1_110' title='bbox 308 1014 500 1066; x_wconf 88' lang='lat' dir='ltr'><strong>peculium</strong></span> <span class='ocrx_word' id='word_1_111' title='bbox 532 1011 723 1064; x_wconf 87' lang='lat' dir='ltr'><strong>quoddam</strong></span> <span class='ocrx_word' id='word_1_112' title='bbox 754 1011 909 1049; x_wconf 90' lang='lat' dir='ltr'><strong>seminis</strong></span> <span class='ocrx_word' id='word_1_113' title='bbox 934 1011 1137 1061; x_wconf 89' lang='lat' dir='ltr'><strong>spiritalis,</strong></span> <span class='ocrx_word' id='word_1_114' title='bbox 1175 1011 1276 1048; x_wconf 90' lang='lat' dir='ltr'><strong>sicut</strong></span> <span class='ocrx_word' id='word_1_115' title='bbox 1300 1017 1340 1048; x_wconf 89' lang='lat' dir='ltr'><strong>et</strong></span> <span class='ocrx_word' id='word_1_116' title='bbox 1366 1011 1448 1061; x_wconf 89' lang='lat' dir='ltr'><strong>ipsa</strong></span> 
     </span>
     <span class='ocr_line' id='line_1_16' title="bbox 114 1066 1447 1120; baseline -0.005 -9"><span class='ocrx_word' id='word_1_117' title='bbox 114 1071 333 1111; x_wconf 87' lang='lat' dir='ltr'><strong>Achamoth</strong></span> <span class='ocrx_word' id='word_1_118' title='bbox 359 1072 398 1110; x_wconf 90' lang='lat' dir='ltr'><strong>in</strong></span> <span class='ocrx_word' id='word_1_119' title='bbox 424 1071 503 1109; x_wconf 86' lang='lat' dir='ltr'><strong>filio</strong></span> <span class='ocrx_word' id='word_1_120' title='bbox 531 1069 740 1120; x_wconf 83' lang='lat' dir='ltr'><strong>Demiurgo</strong></span> <span class='ocrx_word' id='word_1_121' title='bbox 767 1074 1092 1119; x_wconf 80' lang='lat' dir='ltr'><strong>sequestraverat,</strong></span> <span class='ocrx_word' id='word_1_122' title='bbox 1120 1079 1167 1105; x_wconf 92' lang='lat' dir='ltr'><strong>ne</strong></span> <span class='ocrx_word' id='word_1_123' title='bbox 1194 1067 1268 1105; x_wconf 90' lang='lat' dir='ltr'><strong>hoc</strong></span> <span class='ocrx_word' id='word_1_124' title='bbox 1296 1066 1447 1118; x_wconf 90' lang='lat' dir='ltr'><strong>quidem</strong></span> 
     </span>
     <span class='ocr_line' id='line_1_17' title="bbox 116 1123 1446 1180; baseline -0.005 -12"><span class='ocrx_word' id='word_1_125' title='bbox 116 1142 251 1180; x_wconf 85' lang='lat' dir='ltr'><strong>gnaro.</strong></span> <span class='ocrx_word' id='word_1_126' title='bbox 313 1127 463 1180; x_wconf 84' lang='lat' dir='ltr'><strong>Accipe</strong></span> <span class='ocrx_word' id='word_1_127' title='bbox 487 1126 714 1166; x_wconf 90' lang='lat' dir='ltr'><strong>industriam</strong></span> <span class='ocrx_word' id='word_1_128' title='bbox 732 1124 1003 1164; x_wconf 86' lang='lat' dir='ltr'><strong>&#39;clandestinae</strong></span> <span class='ocrx_word' id='word_1_129' title='bbox 1031 1123 1296 1175; x_wconf 87' lang='lat' dir='ltr'><strong>providentiae</strong></span> <span class='ocrx_word' id='word_1_130' title='bbox 1323 1124 1446 1161; x_wconf 90' lang='lat' dir='ltr'><strong>huius.</strong></span> 
     </span>
     <span class='ocr_line' id='line_1_18' title="bbox 115 1179 1450 1235; baseline -0.004 -11"><span class='ocrx_word' id='word_1_131' title='bbox 115 1185 177 1225; x_wconf 89' lang='lat' dir='ltr'><strong>Ad</strong></span> <span class='ocrx_word' id='word_1_132' title='bbox 204 1186 279 1224; x_wconf 91' lang='lat' dir='ltr'><strong>hoc</strong></span> <span class='ocrx_word' id='word_1_133' title='bbox 305 1186 406 1224; x_wconf 90' lang='lat' dir='ltr'><strong>enim</strong></span> <span class='ocrx_word' id='word_1_134' title='bbox 432 1192 472 1223; x_wconf 90' lang='lat' dir='ltr'><strong>et</strong></span> <span class='ocrx_word' id='word_1_135' title='bbox 497 1183 731 1235; x_wconf 87' lang='lat' dir='ltr'><strong>deposuerat</strong></span> <span class='ocrx_word' id='word_1_136' title='bbox 762 1189 802 1220; x_wconf 91' lang='lat' dir='ltr'><strong>et</strong></span> <span class='ocrx_word' id='word_1_137' title='bbox 833 1182 1117 1227; x_wconf 83' lang='lat' dir='ltr'><strong>occultaverat,</strong></span> <span class='ocrx_word' id='word_1_138' title='bbox 1156 1188 1214 1227; x_wconf 92' lang='lat' dir='ltr'><strong>ut,</strong></span> <span class='ocrx_word' id='word_1_139' title='bbox 1254 1194 1338 1218; x_wconf 89' lang='lat' dir='ltr'><strong>cum</strong></span> <span class='ocrx_word' id='word_1_140' title='bbox 1371 1179 1450 1219; x_wconf 90' lang='lat' dir='ltr'><strong>De-</strong></span> 
     </span>
     <span class='ocr_line' id='line_1_19' title="bbox 118 1237 1449 1294; baseline -0.004 -12"><span class='ocrx_word' id='word_1_141' title='bbox 118 1244 287 1294; x_wconf 83' lang='lat' dir='ltr'><strong>miurgus</strong></span> <span class='ocrx_word' id='word_1_142' title='bbox 324 1243 486 1280; x_wconf 83' lang='lat' dir='ltr'><strong>animam</strong></span> <span class='ocrx_word' id='word_1_143' title='bbox 518 1254 607 1278; x_wconf 86' lang='lat' dir='ltr'><strong>mox</strong></span> <span class='ocrx_word' id='word_1_144' title='bbox 638 1239 686 1278; x_wconf 92' lang='lat' dir='ltr'><strong>de</strong></span> <span class='ocrx_word' id='word_1_145' title='bbox 712 1253 781 1277; x_wconf 92' lang='lat' dir='ltr'><strong>suo</strong></span> <span class='ocrx_word' id='word_1_146' title='bbox 813 1239 941 1277; x_wconf 80' lang='lat' dir='ltr'><strong>afflatu</strong></span> <span class='ocrx_word' id='word_1_147' title='bbox 973 1240 1010 1276; x_wconf 91' lang='lat' dir='ltr'><strong>in</strong></span> <span class='ocrx_word' id='word_1_148' title='bbox 1035 1237 1160 1276; x_wconf 86' lang='lat' dir='ltr'><strong>Adam</strong></span> <span class='ocrx_word' id='word_1_149' title='bbox 1188 1239 1449 1277; x_wconf 88' lang='lat' dir='ltr'><strong>communica-</strong></span> 
     </span>
     <span class='ocr_line' id='line_1_20' title="bbox 117 1296 1448 1352; baseline -0.005 -13"><span class='ocrx_word' id='word_1_150' title='bbox 117 1307 198 1347; x_wconf 87' lang='lat' dir='ltr'><strong>ret,</strong></span> <span class='ocrx_word' id='word_1_151' title='bbox 236 1301 384 1352; x_wconf 89' lang='lat' dir='ltr'><strong>pariter</strong></span> <span class='ocrx_word' id='word_1_152' title='bbox 420 1306 460 1338; x_wconf 91' lang='lat' dir='ltr'><strong>et</strong></span> <span class='ocrx_word' id='word_1_153' title='bbox 496 1311 626 1337; x_wconf 89' lang='lat' dir='ltr'><strong>semen</strong></span> <span class='ocrx_word' id='word_1_154' title='bbox 658 1296 751 1336; x_wconf 88' lang='lat' dir='ltr'><strong>illud</strong></span> <span class='ocrx_word' id='word_1_155' title='bbox 783 1297 955 1348; x_wconf 90' lang='lat' dir='ltr'><strong>spiritale</strong></span> <span class='ocrx_word' id='word_1_156' title='bbox 988 1297 1097 1347; x_wconf 89' lang='lat' dir='ltr'><strong>quasi</strong></span> <span class='ocrx_word' id='word_1_157' title='bbox 1121 1309 1192 1347; x_wconf 87' lang='lat' dir='ltr'><strong>per</strong></span> <span class='ocrx_word' id='word_1_158' title='bbox 1217 1296 1389 1334; x_wconf 87' lang='lat' dir='ltr'><strong>canalem</strong></span> <span class='ocrx_word' id='word_1_159' title='bbox 1411 1297 1448 1344; x_wconf 89' lang='lat'><strong>¹)</strong></span> 
     </span>
     <span class='ocr_line' id='line_1_21' title="bbox 119 1354 1451 1406; baseline -0.005 -9"><span class='ocrx_word' id='word_1_160' title='bbox 119 1357 362 1397; x_wconf 89' lang='lat' dir='ltr'><strong>derivaretur</strong></span> <span class='ocrx_word' id='word_1_161' title='bbox 386 1358 423 1395; x_wconf 90' lang='lat' dir='ltr'><strong>in</strong></span> <span class='ocrx_word' id='word_1_162' title='bbox 455 1357 646 1401; x_wconf 88' lang='lat' dir='ltr'><strong>choicum,</strong></span> <span class='ocrx_word' id='word_1_163' title='bbox 673 1362 787 1406; x_wconf 89' lang='lat' dir='ltr'><strong>atque</strong></span> <span class='ocrx_word' id='word_1_164' title='bbox 812 1355 866 1392; x_wconf 90' lang='lat' dir='ltr'><strong>ita</strong></span> <span class='ocrx_word' id='word_1_165' title='bbox 892 1354 1097 1392; x_wconf 85' lang='lat' dir='ltr'><strong>feturatum</strong></span> <span class='ocrx_word' id='word_1_166' title='bbox 1124 1354 1162 1390; x_wconf 93' lang='lat' dir='ltr'><strong>in</strong></span> <span class='ocrx_word' id='word_1_167' title='bbox 1183 1365 1350 1404; x_wconf 87' lang='lat' dir='ltr'><strong>corpore</strong></span> <span class='ocrx_word' id='word_1_168' title='bbox 1371 1366 1451 1391; x_wconf 92' lang='lat' dir='ltr'><strong>ma-</strong></span> 
     </span>
     <span class='ocr_line' id='line_1_22' title="bbox 120 1410 1452 1462; baseline -0.005 -8"><span class='ocrx_word' id='word_1_169' title='bbox 120 1415 260 1462; x_wconf 86' lang='lat' dir='ltr'><strong>teriali,</strong></span> <span class='ocrx_word' id='word_1_170' title='bbox 285 1415 391 1454; x_wconf 91' lang='lat' dir='ltr'><strong>velut</strong></span> <span class='ocrx_word' id='word_1_171' title='bbox 415 1415 452 1452; x_wconf 87' lang='lat' dir='ltr'><strong>in</strong></span> <span class='ocrx_word' id='word_1_172' title='bbox 479 1421 605 1459; x_wconf 88' lang='lat' dir='ltr'><strong>utero,</strong></span> <span class='ocrx_word' id='word_1_173' title='bbox 632 1417 673 1451; x_wconf 90' lang='lat' dir='ltr'><strong>et</strong></span> <span class='ocrx_word' id='word_1_174' title='bbox 697 1411 865 1450; x_wconf 90' lang='lat' dir='ltr'><strong>adultum</strong></span> <span class='ocrx_word' id='word_1_175' title='bbox 890 1411 984 1457; x_wconf 87' lang='lat' dir='ltr'><strong>illic,</strong></span> <span class='ocrx_word' id='word_1_176' title='bbox 1011 1410 1190 1449; x_wconf 88' lang='lat' dir='ltr'><strong>idoneum</strong></span> <span class='ocrx_word' id='word_1_177' title='bbox 1211 1411 1452 1448; x_wconf 87' lang='lat' dir='ltr'><strong>inveniretur</strong></span> 
     </span>
     <span class='ocr_line' id='line_1_23' title="bbox 119 1467 1451 1525; baseline -0.005 -13"><span class='ocrx_word' id='word_1_178' title='bbox 119 1471 368 1525; x_wconf 86' lang='lat' dir='ltr'><strong>suscipiendo</strong></span> <span class='ocrx_word' id='word_1_179' title='bbox 399 1469 627 1523; x_wconf 87' lang='lat' dir='ltr'><strong>quandoque</strong></span> <span class='ocrx_word' id='word_1_180' title='bbox 654 1469 823 1508; x_wconf 91' lang='lat' dir='ltr'><strong>sermoni</strong></span> <span class='ocrx_word' id='word_1_181' title='bbox 848 1469 1039 1521; x_wconf 85' lang='lat' dir='ltr'><strong>perfecto.</strong></span> <span class='ocrx_word' id='word_1_182' title='bbox 1102 1468 1234 1519; x_wconf 86' lang='lat' dir='ltr'><strong>Itaque</strong></span> <span class='ocrx_word' id='word_1_183' title='bbox 1262 1481 1346 1505; x_wconf 90' lang='lat' dir='ltr'><strong>cum</strong></span> <span class='ocrx_word' id='word_1_184' title='bbox 1373 1467 1451 1506; x_wconf 92' lang='lat' dir='ltr'><strong>De-</strong></span> 
     </span>
     <span class='ocr_line' id='line_1_24' title="bbox 118 1524 1454 1582; baseline -0.005 -13"><span class='ocrx_word' id='word_1_185' title='bbox 118 1532 289 1582; x_wconf 81' lang='lat' dir='ltr'><strong>miurgus</strong></span> <span class='ocrx_word' id='word_1_186' title='bbox 314 1528 512 1568; x_wconf 86' lang='lat' dir='ltr'><strong>traducem</strong></span> <span class='ocrx_word' id='word_1_187' title='bbox 544 1529 692 1566; x_wconf 90' lang='lat' dir='ltr'><strong>animae</strong></span> <span class='ocrx_word' id='word_1_188' title='bbox 724 1539 816 1565; x_wconf 89' lang='lat' dir='ltr'><strong>suae</strong></span> <span class='ocrx_word' id='word_1_189' title='bbox 855 1526 1059 1565; x_wconf 85' lang='lat' dir='ltr'><strong>committit</strong></span> <span class='ocrx_word' id='word_1_190' title='bbox 1089 1526 1128 1564; x_wconf 90' lang='lat' dir='ltr'><strong>in</strong></span> <span class='ocrx_word' id='word_1_191' title='bbox 1158 1524 1302 1571; x_wconf 85' lang='lat' dir='ltr'><strong>Adam,</strong></span> <span class='ocrx_word' id='word_1_192' title='bbox 1341 1525 1454 1563; x_wconf 88' lang='lat' dir='ltr'><strong>latuit</strong></span> 
     </span>
     <span class='ocr_line' id='line_1_25' title="bbox 119 1582 1451 1639; baseline -0.005 -12"><span class='ocrx_word' id='word_1_193' title='bbox 119 1588 235 1627; x_wconf 89' lang='lat' dir='ltr'><strong>homo</strong></span> <span class='ocrx_word' id='word_1_194' title='bbox 255 1587 439 1639; x_wconf 86' lang='lat' dir='ltr'><strong>spiritalis</strong></span> <span class='ocrx_word' id='word_1_195' title='bbox 463 1587 554 1624; x_wconf 87' lang='lat' dir='ltr'><strong>flatu</strong></span> <span class='ocrx_word' id='word_1_196' title='bbox 567 1584 607 1638; x_wconf 84' lang='lat'><strong>2)</strong></span> <span class='ocrx_word' id='word_1_197' title='bbox 628 1586 810 1630; x_wconf 87' lang='lat' dir='ltr'><strong>insertus,</strong></span> <span class='ocrx_word' id='word_1_198' title='bbox 838 1591 878 1623; x_wconf 91' lang='lat' dir='ltr'><strong>et</strong></span> <span class='ocrx_word' id='word_1_199' title='bbox 902 1584 1051 1636; x_wconf 90' lang='lat' dir='ltr'><strong>pariter</strong></span> <span class='ocrx_word' id='word_1_200' title='bbox 1076 1584 1234 1635; x_wconf 86' lang='lat' dir='ltr'><strong>corpori</strong></span> <span class='ocrx_word' id='word_1_201' title='bbox 1260 1582 1451 1629; x_wconf 90' lang='lat' dir='ltr'><strong>inductus,</strong></span> 
     </span>
     <span class='ocr_line' id='line_1_26' title="bbox 120 1640 1453 1698; baseline -0.006 -13"><span class='ocrx_word' id='word_1_202' title='bbox 120 1646 210 1698; x_wconf 78' lang='lat' dir='ltr'><strong>quia</strong></span> <span class='ocrx_word' id='word_1_203' title='bbox 244 1658 323 1684; x_wconf 87' lang='lat' dir='ltr'><strong>non</strong></span> <span class='ocrx_word' id='word_1_204' title='bbox 358 1644 479 1695; x_wconf 85' lang='lat' dir='ltr'><strong>magis</strong></span> <span class='ocrx_word' id='word_1_205' title='bbox 516 1655 647 1681; x_wconf 89' lang='lat' dir='ltr'><strong>semen</strong></span> <span class='ocrx_word' id='word_1_206' title='bbox 684 1648 847 1680; x_wconf 89' lang='lat' dir='ltr'><strong>noverat</strong></span> <span class='ocrx_word' id='word_1_207' title='bbox 882 1642 1016 1679; x_wconf 88' lang='lat' dir='ltr'><strong>matris</strong></span> <span class='ocrx_word' id='word_1_208' title='bbox 1052 1640 1301 1691; x_wconf 87' lang='lat' dir='ltr'><strong>Demiurgus,</strong></span> <span class='ocrx_word' id='word_1_209' title='bbox 1341 1653 1453 1691; x_wconf 89' lang='lat' dir='ltr'><strong>quam</strong></span> 
     </span>
     <span class='ocr_line' id='line_1_27' title="bbox 120 1696 1452 1755; baseline -0.006 -13"><span class='ocrx_word' id='word_1_210' title='bbox 120 1704 255 1755; x_wconf 85' lang='lat' dir='ltr'><strong>ipsam.</strong></span> <span class='ocrx_word' id='word_1_211' title='bbox 317 1701 400 1740; x_wconf 85' lang='lat' dir='ltr'><strong>Hoc</strong></span> <span class='ocrx_word' id='word_1_212' title='bbox 432 1713 563 1739; x_wconf 86' lang='lat' dir='ltr'><strong>semen</strong></span> <span class='ocrx_word' id='word_1_213' title='bbox 587 1699 804 1737; x_wconf 91' lang='lat' dir='ltr'><strong>Ecclesiam</strong></span> <span class='ocrx_word' id='word_1_214' title='bbox 837 1697 987 1743; x_wconf 89' lang='lat' dir='ltr'><strong>dicunt,</strong></span> <span class='ocrx_word' id='word_1_215' title='bbox 1026 1696 1229 1736; x_wconf 88' lang='lat' dir='ltr'><strong>Ecclesiae</strong></span> <span class='ocrx_word' id='word_1_216' title='bbox 1262 1709 1452 1748; x_wconf 86' lang='lat' dir='ltr'><strong>supernae</strong></span> 
     </span>
     <span class='ocr_line' id='line_1_28' title="bbox 122 1753 1454 1811; baseline -0.005 -13"><span class='ocrx_word' id='word_1_217' title='bbox 122 1760 318 1811; x_wconf 88' lang='lat' dir='ltr'><strong>speculum</strong></span> <span class='ocrx_word' id='word_1_218' title='bbox 350 1765 391 1796; x_wconf 90' lang='lat' dir='ltr'><strong>et</strong></span> <span class='ocrx_word' id='word_1_219' title='bbox 421 1757 584 1795; x_wconf 89' lang='lat' dir='ltr'><strong>hominis</strong></span> <span class='ocrx_word' id='word_1_220' title='bbox 622 1768 797 1801; x_wconf 88' lang='lat' dir='ltr'><strong>censum,</strong></span> <span class='ocrx_word' id='word_1_221' title='bbox 836 1753 999 1810; x_wconf 79' lang='lat' dir='ltr'><strong>proinde</strong></span> <span class='ocrx_word' id='word_1_222' title='bbox 1037 1766 1123 1791; x_wconf 86' lang='lat' dir='ltr'><strong>eum</strong></span> <span class='ocrx_word' id='word_1_223' title='bbox 1154 1754 1201 1791; x_wconf 88' lang='lat' dir='ltr'><strong>ab</strong></span> <span class='ocrx_word' id='word_1_224' title='bbox 1233 1753 1454 1792; x_wconf 87' lang='lat' dir='ltr'><strong>Achamoth</strong></span> 
     </span>
     <span class='ocr_line' id='line_1_29' title="bbox 123 1809 1454 1868; baseline -0.005 -13"><span class='ocrx_word' id='word_1_225' title='bbox 123 1815 370 1868; x_wconf 83' lang='lat' dir='ltr'><strong>deputantes,</strong></span> <span class='ocrx_word' id='word_1_226' title='bbox 398 1811 713 1865; x_wconf 90' lang='lat' dir='ltr'><strong>quemadmodum</strong></span> <span class='ocrx_word' id='word_1_227' title='bbox 739 1811 940 1850; x_wconf 82' lang='lat' dir='ltr'><strong>animalem</strong></span> <span class='ocrx_word' id='word_1_228' title='bbox 965 1824 989 1849; x_wconf 91' lang='lat' dir='ltr'><strong>a</strong></span> <span class='ocrx_word' id='word_1_229' title='bbox 1013 1809 1235 1861; x_wconf 89' lang='lat' dir='ltr'><strong>demiurgo,</strong></span> <span class='ocrx_word' id='word_1_230' title='bbox 1275 1811 1454 1849; x_wconf 89' lang='lat' dir='ltr'><strong>choicum</strong></span> 
     </span>
     <span class='ocr_line' id='line_1_30' title="bbox 124 1867 1455 1924; baseline -0.005 -12"><span class='ocrx_word' id='word_1_231' title='bbox 124 1873 337 1913; x_wconf 85' lang='lat' dir='ltr'><strong>substantia</strong></span> <span class='ocrx_word' id='word_1_232' title='bbox 374 1868 510 1924; x_wconf 83' lang='grc' dir='ltr'><em>ἀρχῆς,</em></span> <span class='ocrx_word' id='word_1_233' title='bbox 549 1881 704 1908; x_wconf 86' lang='lat' dir='ltr'><strong>carnem</strong></span> <span class='ocrx_word' id='word_1_234' title='bbox 736 1869 912 1907; x_wconf 85' lang='lat' dir='ltr'><strong>materia.</strong></span> <span class='ocrx_word' id='word_1_235' title='bbox 974 1867 1103 1907; x_wconf 84' lang='lat' dir='ltr'><strong>Habes</strong></span> <span class='ocrx_word' id='word_1_236' title='bbox 1134 1881 1291 1915; x_wconf 91' lang='lat' dir='ltr'><strong>novum,</strong></span> <span class='ocrx_word' id='word_1_237' title='bbox 1330 1867 1369 1907; x_wconf 91' lang='lat' dir='ltr'><strong>id</strong></span> <span class='ocrx_word' id='word_1_238' title='bbox 1395 1875 1455 1906; x_wconf 86' lang='lat' dir='ltr'><strong>est</strong></span> 
     </span>
     <span class='ocr_line' id='line_1_31' title="bbox 124 1927 636 1984; baseline -0.012 -14"><span class='ocrx_word' id='word_1_239' title='bbox 124 1929 374 1984; x_wconf 83' lang='lat' dir='ltr'><strong>quadruplum</strong></span> <span class='ocrx_word' id='word_1_240' title='bbox 403 1927 636 1979; x_wconf 89' lang='lat' dir='ltr'><strong>Geryonem.</strong></span> 
     </span>
    </p>

    <p class='ocr_par' dir='ltr' id='par_1_6' title="bbox 125 1982 1457 2380">
     <span class='ocr_line' id='line_1_32' title="bbox 224 1982 1455 2035; baseline -0.003 -10"><span class='ocrx_word' id='word_1_241' title='bbox 224 1991 310 2030; x_wconf 81' lang='grc'><strong>-26,</strong></span> <span class='ocrx_word' id='word_1_242' title='bbox 368 1984 435 2024; x_wconf 88' lang='lat' dir='ltr'><strong>Sic</strong></span> <span class='ocrx_word' id='word_1_243' title='bbox 473 1991 514 2023; x_wconf 89' lang='lat' dir='ltr'><strong>et</strong></span> <span class='ocrx_word' id='word_1_244' title='bbox 550 1984 692 2023; x_wconf 81' lang='lat' dir='ltr'><strong>exitum</strong></span> <span class='ocrx_word' id='word_1_245' title='bbox 723 1983 883 2034; x_wconf 85' lang='lat' dir='ltr'><strong>singulis</strong></span> <span class='ocrx_word' id='word_1_246' title='bbox 914 1982 1105 2030; x_wconf 82' lang='lat' dir='ltr'><strong>dividunt3</strong></span> <span class='ocrx_word' id='word_1_247' title='bbox 1149 1983 1339 2022; x_wconf 88' lang='lat' dir='ltr'><strong>materiali</strong></span> <span class='ocrx_word' id='word_1_248' title='bbox 1372 1985 1455 2035; x_wconf 91' lang='lat' dir='ltr'><strong>qui-</strong></span> 
     </span>
     <span class='ocr_line' id='line_1_33' title="bbox 125 2039 1455 2093; baseline -0.005 -8"><span class='ocrx_word' id='word_1_249' title='bbox 125 2045 232 2092; x_wconf 91' lang='lat' dir='ltr'><strong>dem,</strong></span> <span class='ocrx_word' id='word_1_250' title='bbox 258 2043 298 2083; x_wconf 88' lang='lat' dir='ltr'><strong>id</strong></span> <span class='ocrx_word' id='word_1_251' title='bbox 323 2051 383 2083; x_wconf 89' lang='lat' dir='ltr'><strong>est</strong></span> <span class='ocrx_word' id='word_1_252' title='bbox 408 2043 572 2088; x_wconf 87' lang='lat' dir='ltr'><strong>carnali,</strong></span> <span class='ocrx_word' id='word_1_253' title='bbox 600 2053 710 2093; x_wconf 88' lang='lat' dir='ltr'><strong>quem</strong></span> <span class='ocrx_word' id='word_1_254' title='bbox 735 2047 775 2078; x_wconf 88' lang='lat' dir='ltr'><strong>et</strong></span> <span class='ocrx_word' id='word_1_255' title='bbox 798 2041 992 2079; x_wconf 85' lang='lat' dir='ltr'><strong>sinistrum</strong></span> <span class='ocrx_word' id='word_1_256' title='bbox 1015 2047 1175 2087; x_wconf 89' lang='lat' dir='ltr'><strong>vocant,</strong></span> <span class='ocrx_word' id='word_1_257' title='bbox 1202 2039 1455 2080; x_wconf 88' lang='lat' dir='ltr'><strong>indubitatum</strong></span> 
     </span>
     <span class='ocr_line' id='line_1_34' title="bbox 127 2097 1455 2150; baseline -0.004 -9"><span class='ocrx_word' id='word_1_258' title='bbox 127 2103 342 2149; x_wconf 82' lang='lat' dir='ltr'><strong>interitum;</strong></span> <span class='ocrx_word' id='word_1_259' title='bbox 369 2101 522 2139; x_wconf 91' lang='lat' dir='ltr'><strong>animali</strong></span> <span class='ocrx_word' id='word_1_260' title='bbox 547 2112 655 2144; x_wconf 91' lang='lat' dir='ltr'><strong>vero,</strong></span> <span class='ocrx_word' id='word_1_261' title='bbox 683 2111 793 2149; x_wconf 89' lang='lat' dir='ltr'><strong>quem</strong></span> <span class='ocrx_word' id='word_1_262' title='bbox 813 2105 854 2136; x_wconf 90' lang='lat' dir='ltr'><strong>et</strong></span> <span class='ocrx_word' id='word_1_263' title='bbox 873 2097 1049 2137; x_wconf 81' lang='lat' dir='ltr'><strong>dextrum</strong></span> <span class='ocrx_word' id='word_1_264' title='bbox 1068 2098 1276 2150; x_wconf 84' lang='lat' dir='ltr'><strong>appellant,</strong></span> <span class='ocrx_word' id='word_1_265' title='bbox 1304 2097 1455 2137; x_wconf 85' lang='lat' dir='ltr'><strong>dubita-</strong></span> 
     </span>
     <span class='ocr_line' id='line_1_35' title="bbox 128 2156 1455 2209; baseline -0.004 -11"><span class='ocrx_word' id='word_1_266' title='bbox 128 2167 208 2198; x_wconf 90' lang='lat' dir='ltr'><strong>tum</strong></span> <span class='ocrx_word' id='word_1_267' title='bbox 233 2166 423 2204; x_wconf 92' lang='lat' dir='ltr'><strong>eventum,</strong></span> <span class='ocrx_word' id='word_1_268' title='bbox 451 2164 583 2209; x_wconf 85' lang='lat' dir='ltr'><strong>utpote</strong></span> <span class='ocrx_word' id='word_1_269' title='bbox 610 2157 712 2194; x_wconf 91' lang='lat' dir='ltr'><strong>inter</strong></span> <span class='ocrx_word' id='word_1_270' title='bbox 730 2156 965 2194; x_wconf 85' lang='lat' dir='ltr'><strong>materialem</strong></span> <span class='ocrx_word' id='word_1_271' title='bbox 992 2156 1279 2208; x_wconf 90' lang='lat' dir='ltr'><strong>spiritalemque</strong></span> <span class='ocrx_word' id='word_1_272' title='bbox 1306 2156 1455 2194; x_wconf 87' lang='lat' dir='ltr'><strong>nutanti</strong></span> 
     </span>
     <span class='ocr_line' id='line_1_36' title="bbox 128 2212 1455 2266; baseline -0.004 -11"><span class='ocrx_word' id='word_1_273' title='bbox 128 2224 169 2255; x_wconf 85' lang='lat' dir='ltr'><strong>et</strong></span> <span class='ocrx_word' id='word_1_274' title='bbox 193 2217 282 2255; x_wconf 89' lang='lat' dir='ltr'><strong>illac</strong></span> <span class='ocrx_word' id='word_1_275' title='bbox 309 2215 459 2261; x_wconf 83' lang='lat' dir='ltr'><strong>debito,</strong></span> <span class='ocrx_word' id='word_1_276' title='bbox 487 2228 560 2266; x_wconf 86' lang='lat' dir='ltr'><strong>qua</strong></span> <span class='ocrx_word' id='word_1_277' title='bbox 587 2214 785 2265; x_wconf 89' lang='lat' dir='ltr'><strong>plurimum</strong></span> <span class='ocrx_word' id='word_1_278' title='bbox 810 2212 1007 2261; x_wconf 85' lang='lat' dir='ltr'><strong>adnuerit3</strong></span> <span class='ocrx_word' id='word_1_279' title='bbox 1046 2220 1218 2252; x_wconf 87' lang='lat' dir='ltr'><strong>ceterum</strong></span> <span class='ocrx_word' id='word_1_280' title='bbox 1244 2213 1455 2264; x_wconf 86' lang='lat' dir='ltr'><strong>spiritalem</strong></span> 
     </span>
     <span class='ocr_line' id='line_1_37' title="bbox 130 2269 1457 2322; baseline -0.005 -9"><span class='ocrx_word' id='word_1_281' title='bbox 130 2274 252 2313; x_wconf 88' lang='lat' dir='ltr'><strong>emitti</strong></span> <span class='ocrx_word' id='word_1_282' title='bbox 290 2274 328 2311; x_wconf 89' lang='lat' dir='ltr'><strong>in</strong></span> <span class='ocrx_word' id='word_1_283' title='bbox 365 2273 537 2310; x_wconf 84' lang='lat' dir='ltr'><strong>animalis</strong></span> <span class='ocrx_word' id='word_1_284' title='bbox 576 2271 921 2322; x_wconf 86' lang='lat' dir='ltr'><strong>comparationem,</strong></span> <span class='ocrx_word' id='word_1_285' title='bbox 960 2277 1001 2309; x_wconf 92' lang='lat' dir='ltr'><strong>ut</strong></span> <span class='ocrx_word' id='word_1_286' title='bbox 1037 2269 1182 2309; x_wconf 90' lang='lat' dir='ltr'><strong>erudiri</strong></span> <span class='ocrx_word' id='word_1_287' title='bbox 1221 2282 1304 2307; x_wconf 91' lang='lat' dir='ltr'><strong>cum</strong></span> <span class='ocrx_word' id='word_1_288' title='bbox 1337 2282 1384 2308; x_wconf 93' lang='lat' dir='ltr'><strong>eo</strong></span> <span class='ocrx_word' id='word_1_289' title='bbox 1417 2276 1457 2308; x_wconf 89' lang='lat' dir='ltr'><strong>et</strong></span> 
     </span>
     <span class='ocr_line' id='line_1_38' title="bbox 130 2327 1456 2380; baseline -0.005 -9"><span class='ocrx_word' id='word_1_290' title='bbox 130 2332 309 2371; x_wconf 85' lang='lat' dir='ltr'><strong>exerceri</strong></span> <span class='ocrx_word' id='word_1_291' title='bbox 335 2331 372 2368; x_wconf 90' lang='lat' dir='ltr'><strong>in</strong></span> <span class='ocrx_word' id='word_1_292' title='bbox 399 2327 755 2368; x_wconf 88' lang='lat' dir='ltr'><strong>conversationibus</strong></span> <span class='ocrx_word' id='word_1_293' title='bbox 785 2329 920 2380; x_wconf 89' lang='lat' dir='ltr'><strong>possit.</strong></span> <span class='ocrx_word' id='word_1_294' title='bbox 983 2327 1198 2379; x_wconf 85' lang='lat' dir='ltr'><strong>Indiguisse</strong></span> <span class='ocrx_word' id='word_1_295' title='bbox 1237 2327 1337 2365; x_wconf 89' lang='lat' dir='ltr'><strong>enim</strong></span> <span class='ocrx_word' id='word_1_296' title='bbox 1374 2327 1456 2365; x_wconf 86' lang='lat' dir='ltr'><strong>aui-</strong></span> 
     </span>
    </p>
   </div>
   <div class='ocr_carea' id='block_1_5' title="bbox 133 2475 1457 2605">
    <p class='ocr_par' dir='ltr' id='par_1_7' title="bbox 133 2475 1457 2605">
     <span class='ocr_line' id='line_1_39' title="bbox 224 2475 1457 2521; baseline -0.004 -9"><span class='ocrx_word' id='word_1_297' title='bbox 224 2482 261 2521; x_wconf 92' lang='lat'><strong>1)</strong></span> <span class='ocrx_word' id='word_1_298' title='bbox 287 2480 394 2512; x_wconf 86' lang='lat' dir='ltr'><strong>Rhen.</strong></span> <span class='ocrx_word' id='word_1_299' title='bbox 410 2488 483 2519; x_wconf 84' lang='lat' dir='ltr'><strong>per</strong></span> <span class='ocrx_word' id='word_1_300' title='bbox 507 2478 697 2509; x_wconf 78' lang='lat' dir='ltr'><strong>canalem</strong></span> <span class='ocrx_word' id='word_1_301' title='bbox 722 2477 909 2508; x_wconf 79' lang='lat' dir='ltr'><strong>animam.</strong></span> <span class='ocrx_word' id='word_1_302' title='bbox 1050 2475 1084 2515; x_wconf 81' lang='lat'><strong>2)</strong></span> <span class='ocrx_word' id='word_1_303' title='bbox 1109 2477 1215 2508; x_wconf 87' lang='lat' dir='ltr'><strong>Rhen.</strong></span> <span class='ocrx_word' id='word_1_304' title='bbox 1233 2476 1285 2507; x_wconf 88' lang='lat' dir='ltr'><strong>ed.</strong></span> <span class='ocrx_word' id='word_1_305' title='bbox 1303 2477 1326 2506; x_wconf 84' lang='lat'><strong>¹.</strong></span> <span class='ocrx_word' id='word_1_306' title='bbox 1345 2476 1457 2507; x_wconf 80' lang='lat' dir='ltr'><strong>flatu</strong></span> 
     </span>
     <span class='ocr_line' id='line_1_40' title="bbox 133 2522 1456 2563; baseline -0.002 -4"><span class='ocrx_word' id='word_1_307' title='bbox 133 2530 251 2559; x_wconf 79' lang='lat' dir='ltr'><strong>lesus</strong></span> <span class='ocrx_word' id='word_1_308' title='bbox 277 2527 493 2563; x_wconf 73' lang='lat' dir='ltr'><strong>insertus,</strong></span> <span class='ocrx_word' id='word_1_309' title='bbox 528 2525 664 2555; x_wconf 74' lang='lat' dir='ltr'><strong>lunius:</strong></span> <span class='ocrx_word' id='word_1_310' title='bbox 694 2524 806 2554; x_wconf 78' lang='lat' dir='ltr'><strong>flatu</strong></span> <span class='ocrx_word' id='word_1_311' title='bbox 836 2522 972 2562; x_wconf 77' lang='lat' dir='ltr'><strong>ipsius</strong></span> <span class='ocrx_word' id='word_1_312' title='bbox 1004 2523 1207 2554; x_wconf 81' lang='lat' dir='ltr'><strong>insertus.</strong></span> <span class='ocrx_word' id='word_1_313' title='bbox 1255 2523 1322 2555; x_wconf 85' lang='lat' dir='ltr'><strong>Sed</strong></span> <span class='ocrx_word' id='word_1_314' title='bbox 1346 2522 1456 2556; x_wconf 75' lang='lat' dir='ltr'><strong>Rhen.</strong></span> 
     </span>
     <span class='ocr_line' id='line_1_41' title="bbox 133 2570 573 2605; baseline -0.007 -1"><span class='ocrx_word' id='word_1_315' title='bbox 133 2573 254 2604; x_wconf 83' lang='lat' dir='ltr'><strong>deinde</strong></span> <span class='ocrx_word' id='word_1_316' title='bbox 269 2575 439 2605; x_wconf 83' lang='lat' dir='ltr'><strong>v.1esus</strong></span> <span class='ocrx_word' id='word_1_317' title='bbox 460 2570 573 2602; x_wconf 80' lang='lat' dir='ltr'><strong>eiecit.</strong></span> 
     </span>
    </p>
   </div>
  </div>
 </body>
</html>
