1604 2800
576 178 700 212 Auv.
735 178 1008 215 mutuos.
1341 184 1453 225 3⁰9

136 264 268 306 dicunt
293 265 492 322 Iudaei,¹)
526 283 778 322 provocemus
810 275 919 312 istam
943 272 1269 326 praedicationem
1294 276 1449 327 Esaiae,

134 330 175 363 et
197 325 383 366 faciamus
407 329 745 379 comparationem,
771 343 819 368 an
834 330 1000 378 Christo,
1028 332 1091 383 qui
1110 334 1182 371 iam
1202 335 1320 382 venit,
1346 348 1453 375 com-

130 388 239 433 petat
257 383 336 422 illie
354 385 477 435 primo
502 398 654 431 nomen,
681 386 781 438 quod
799 387 935 426 Esaias
952 388 1202 440 praedicavit,
1228 398 1269 430 et
1287 393 1454 444 insignia

130 439 226 486 cius,
252 453 350 491 quae
375 441 423 479 de
449 455 497 480 eo
522 443 720 481 nuntiavit.
773 443 958 496 Equidem
984 445 1119 485 Esaias
1142 447 1343 499 praedicat
1366 462 1452 488 eum

129 493 414 537 Emmanuelem
445 500 577 538 vocari
609 507 809 551 oportere,
842 500 980 540 debinc
1011 504 1188 542 virtutem
1219 512 1450 557 sumpturum

128 550 307 593 Damasci
342 562 383 594 et
417 556 540 607 spolia
577 554 772 595 Samariae
810 557 992 597 adversus
1027 573 1159 612 regem
1188 560 1450 614 Assyriorum.

126 607 264 657 Porro,
290 612 475 663 inquiunt,
502 614 587 658 iste,
615 615 676 664 qui
702 615 817 660 venit,
844 628 966 667 neque
992 617 1060 655 sub
1085 617 1271 656 eiusmodi
1295 621 1448 658 nomine

126 672 187 704 est
221 665 347 707 dictus
384 682 508 721 neque
540 682 582 708 re
608 670 750 709 bellica
785 672 948 710 functus.
1019 673 1073 711 At
1103 688 1173 712 nos
1203 687 1224 713 e
1251 677 1447 714 contrario

124 721 386 765 admonendos
406 738 474 764 eos
493 727 800 774 existimavimus,
827 730 881 767 uti
902 729 1149 769 cohaerentia
1170 744 1318 783 quoque
1339 733 1448 771 huius

125 781 282 832 capituli
317 789 621 833 recognoscant3
659 784 858 822 subiuncta
889 792 949 823 est
978 787 1077 824 enim
1109 794 1149 825 et
1177 789 1447 838 interpretatio

122 834 366 884 Emmanuel,
403 839 601 876 nobiscum
633 838 745 885 deuS‚
782 841 837 877 uti
867 854 944 878 non
975 842 1096 878 solum
1125 855 1259 881 sonum
1284 845 1447 882 nominis

122 899 295 944 spectes,
326 890 396 933 sed
426 902 468 934 et
490 907 653 933 sensum.
715 894 841 934 Sonus
871 897 971 935 enim
997 896 1229 946 Hebraieus,
1262 899 1363 951 quod
1388 908 1448 939 est

121 947 358 998 Emmanuel,
383 950 423 989 id
449 959 508 990 est
533 952 731 990 nobiscum
758 951 870 998 deus,
902 966 993 991 suae
1019 955 1144 1004 gentis
1169 961 1241 994 est.
1302 955 1445 995 Sensus

120 1012 248 1044 autem
285 1008 386 1054 cius,
426 1007 527 1059 quod
564 1015 623 1046 est
658 1008 752 1046 deus
788 1009 1003 1055 nobiscum,
1041 1023 1090 1048 ex
1125 1012 1443 1062 interpretatione

122 1064 332 1101 communis
356 1065 480 1112 est.²)
519 1063 670 1111 Quaere
696 1078 805 1115 ergo,
830 1078 878 1103 an
903 1066 976 1103 ista
999 1080 1086 1113 vox,
1113 1067 1309 1106 nobiscum
1334 1067 1441 1116 deus,

121 1118 225 1171 quod
248 1127 309 1158 est
332 1117 566 1167 Emmanuel,
605 1121 763 1167 exinde,
803 1134 876 1173 quo
903 1122 1075 1161 Christus
1101 1124 1242 1170 illuxit,
1275 1126 1442 1175 agitetur

120 1176 160 1214 in
186 1176 353 1216 Christo.
424 1177 476 1215 Et
504 1176 630 1229 puto,
654 1191 703 1217 ex
727 1185 809 1216 toto
842 1192 916 1217 non
948 1180 1120 1231 negabis.
1179 1180 1278 1219 Nam
1304 1183 1367 1233 qui
1392 1195 1442 1221 ex

120 1232 311 1272 Iudaismo
337 1234 500 1274 credunt
525 1234 693 1282 Christo,
724 1248 774 1274 ex
798 1249 872 1287 quo
898 1237 935 1274 in
961 1249 1046 1275 eum
1071 1235 1251 1284 credunt,
1288 1237 1440 1287 Emma-

119 1289 208 1330 nuel
245 1304 330 1330 cum
366 1293 497 1330 volent
534 1292 686 1339 dicere,
723 1292 920 1331 uobiscum
952 1292 1062 1332 deum
1093 1307 1178 1332 esse
1208 1295 1438 1345 significant,

119 1354 233 1400 atque
269 1349 338 1386 ita·
361 1356 512 1388 constat
547 1351 640 1395 iam,
688 1351 840 1388 venisse
877 1350 1003 1400 illum,
1046 1352 1110 1402 qui
1143 1351 1440 1402 praedicabatur

117 1403 360 1452 Emmanuel,
399 1408 505 1458 quia,
543 1405 644 1458 quod
668 1407 862 1457 significat
883 1406 1126 1453 Emmanuel,
1161 1410 1284 1454 venit,
1316 1407 1356 1446 id
1381 1416 1441 1447 est

116 1462 317 1513 nobiscum
342 1461 450 1502 deus.
508 1462 645 1515 Aeque
671 1477 766 1501 sono
791 1464 954 1502 nominis
979 1463 1220 1510 inducuntur,
1252 1478 1337 1503 cum
1360 1466 1439 1503 vir-

115 1526 235 1558 tutem
265 1518 445 1558 Damasci
475 1527 517 1558 et
547 1521 671 1572 spolia
701 1518 898 1558 Samariae
935 1527 975 1559 et
1004 1533 1162 1571 regnum
1191 1519 1438 1572 Assyriorum

115 1577 173 1614 sie
195 1576 409 1627 accipiunt,
447 1579 554 1629 quasi
589 1576 817 1615 bellatorem
852 1576 1086 1628 portendant
1116 1577 1324 1623 Christum,
1361 1591 1438 1616 non

113 1631 482 1679 animadvertentes,
515 1633 603 1684 quid
629 1635 817 1683 scriptura
842 1634 1080 1682 praemittat,
1113 1633 1288 1682 quoniam
1312 1635 1437 1683 prius-

114 1701 224 1740 quam
251 1695 466 1738 cognoscat
488 1702 585 1739 puer
606 1700 750 1726 vocare
781 1695 927 1738 patrem
958 1695 1024 1725 aut
1053 1694 1230 1733 matrem,
1268 1690 1436 1739 accipiet

111 1745 291 1784 virtutem
316 1744 494 1782 Damasci
521 1751 561 1782 et
584 1745 704 1795 spolia
731 1741 927 1781 Samariae
952 1743 1135 1781 adversus
1158 1756 1290 1794 regem
1313 1744 1435 1797 Assy·

112 1803 269 1840 riorum.
304 1799 408 1838 Ante
428 1807 488 1838 cst
507 1801 621 1846 enim,
642 1800 822 1850 inspicias
835 1798 875 1850 ³)
899 1801 1037 1838 aetatis
1056 1798 1432 1849 demonstrationem,

111 1871 161 1897 an
184 1859 305 1896 virum
334 1858 409 1895 iam
436 1857 626 1895 Christum
657 1856 840 1894 exhibere
871 1857 945 1895 ista
974 1863 1082 1895 aetas
1116 1858 1258 1908 possit,
1294 1857 1433 1897 nedum

111 1916 401 1966 imperatorem;
438 1914 590 1952 scilicet
623 1914 756 1964 vagitu
791 1912 841 1951 ad
870 1926 975 1951 arma
1012 1920 1116 1952 esset
1151 1921 1433 1954 convocaturus

109 1972 254 2019 infans,
291 1977 331 2009 et
361 1971 508 2021 signum
533 1970 624 2008 belli
650 1983 726 2008 non
751 1970 861 2015 tuba,
900 1969 968 2008 sed
1000 1970 1235 2022 crepitaculo
1262 1970 1430 2018 daturus,

109 2031 259 2067 uec‘ex
281 2040 381 2078 equo
405 2028 466 2066 vel
492 2026 540 2065 de
564 2040 691 2073 muro,
723 2025 792 2064 sed
823 2025 871 2064 de
902 2027 1062 2066 nutricis
1086 2034 1127 2065 et
1150 2028 1308 2077 gerulae
1339 2041 1431 2067 suae

109 2083 226 2124 dorso
256 2085 337 2123 sive
369 2084 471 2122 collo
497 2084 645 2122 bostem
670 2082 955 2133 designaturus,
987 2091 1101 2135 atque
1127 2085 1180 2121 ita
1204 2083 1429 2123 Damascum

58 2170 61 2175 -
109 2149 151 2181 et
174 2140 385 2180 Samariam
415 2154 486 2192 pro
517 2141 685 2178 mammis
709 2140 946 2179 subacturus.
1003 2139 1122 2179 'Aliud
1147 2147 1223 2185 est,
1254 2141 1286 2178 si
1310 2153 1429 2192 penes

108 2212 177 2238 vos
200 2199 366 2238 infantes
395 2199 433 2236 in
462 2197 649 2250 proelium
686 2203 903 2249 erumpunt,
942 2195 1059 2235 credo
1090 2195 1138 2235 ad
1169 2196 1287 2234 solem
1323 2198 1428 2236 uncti

202 2326 237 2359 t)
253 2324 350 2357 Quae
372 2324 564 2361 sequuntur
582 2331 693 2360 usque
713 2322 754 2353 ud
776 2323 874 2353 finem
895 2323 973 2354 libri
991 2322 1174 2352 maximam
1187 2323 1320 2360 purtem
1333 2321 1423 2353 elib.

109 2371 165 2402 ΙΙΙ.
179 2371 254 2402 adv.
267 2370 479 2400 Marcionem
493 2378 568 2408 cap.
582 2370 602 2398 ‘1
617 2371 651 2398 et
663 2378 734 2406 sqq.
749 2369 933 2406 compilata
947 2371 981 2398 et
994 2367 1236 2398 consarcinata.
1255 2376 1341 2408 csse,
1361 2367 1423 2398 do·

109 2418 255 2446 cnei-unt
268 2415 401 2446 semler
412 2415 447 2444 in
461 2414 542 2445 diso.
556 2414 592 2444 in
601 2414 747 2445 Tertuu.
758 2411 793 2455 §.
805 2415 860 2443 11.
872 2415 955 2445 etA.
965 2413 1124 2444 Neauder
1135 2413 1171 2443 in
1183 2413 1422 2451 Antignootico

107 2471 139 2502 p.
155 2463 219 2492 511
233 2471 305 2500 sqq.
387 2461 424 2500 2)
438 2461 531 2490 Haec
544 2461 647 2490 verba
665 2460 828 2490 Sensu-
850 2475 897 2481 -—
921 2468 939 2489 e
950 2458 1154 2489 ommunis
1181 2460 1246 2488 est
1269 2458 1303 2487 in
1331 2467 1422 2488 mar-

107 2507 187 2547 gine
208 2507 282 2537 cod.
294 2505 570 2538 Paternincensin
590 2504 763 2543 adscripta
776 2504 882 2535 Rben.
896 2504 1071 2542 ceterique
1084 2503 1158 2534 edd.
1171 2503 1205 2533 in
1220 2506 1421 2534 contextum

57 2597 60 2601 “
107 2555 323 2592 receperunt.
419 2551 455 2590 3)
478 2550 552 2589 Rig.
576 2550 618 2580 in
643 2559 658 2580 s
666 2559 687 2588 p
694 2550 706 2580 i
714 2559 732 2580 c
741 2559 760 2581 a
768 2559 796 2580 ι.
