1566 2808
132 179 200 216 52
396 181 521 213 Anv.
559 179 927 214 MARCIONEM
962 180 1139 211 LIBER
1173 180 1198 210 1.

133 280 238 312 tanta
260 272 481 312 idololatria
502 272 800 311 dominationem
815 274 851 321 1)
869 272 1134 319 obumbrante,
1150 283 1322 313 seorsum
1336 277 1464 310 tamen

132 332 237 369 illum
265 331 371 381 quasi
396 332 555 382 proprio
589 331 741 368 nomine
775 329 887 377 deum
917 330 1123 381 perhibent
1154 335 1194 366 et
1231 327 1343 367 deum
1369 327 1465 367 deo-

133 402 233 434 rum,
274 395 331 426 et:
373 389 403 426 si
430 387 524 426 deus
557 386 728 434 dederit,
773 394 830 426 et:
871 386 972 439 quod
1005 386 1078 425 deo
1104 386 1253 438 placet,
1292 392 1350 424 et:
1390 384 1464 424 deo

135 444 360 483 commendo
375 447 428 494 2).
495 444 616 492 Vide,
656 445 926 491 anvnoverint,
966 458 1076 496 quem
1103 445 1230 482 omnia
1260 456 1375 495 posse
1407 450 1466 482 te-

134 510 294 541 stantur.
321 502 406 541 Nec
432 503 506 541 hoc
529 503 616 541 ullis
629 502 756 554 Moysi
772 503 878 541 libris
893 501 1048 540 debent.
1080 499 1183 540 Ante
1199 502 1336 548 anima,
1354 514 1467 554 quam

135 561 358 612 prophetia,
398 562 546 598 animae
585 562 684 599 enim
717 574 740 598 a
770 558 983 612 primordio
1018 559 1257 597 conscientia
1295 558 1358 597 dei
1396 557 1468 596 dos

92 614 95 616 μ
135 626 213 665 cst,
242 617 377 656 eadem
410 631 481 656 nec
509 619 584 656 alia
611 625 650 656 et
676 619 713 655 in
739 616 953 670 Aegyptiis
972 623 1011 655 et
1035 617 1074 654 in
1101 614 1211 667 Syris
1238 623 1278 655 et
1301 617 1340 655 in
1365 615 1468 654 Pon-

136 677 236 713 ticis.
288 675 453 713 Iudaeo:
457 689 516 713 um
543 677 642 714 enim
670 674 781 714 deum
807 675 940 714 dicunt
965 674 1115 712 animae
1143 672 1254 712 deum
1268 674 1320 723 ³).
1349 672 1467 720 Noli,

135 733 301 771 barirbire
340 733 559 779 haeretice,
604 734 774 785 priorem
810 732 1006 771 Abraham
1053 732 1310 778 constituere,
1357 726 1468 783 quain

137 789 330 831 muudum.
392 790 476 829 Etsi
508 792 617 829 unius
649 791 816 828 familiae
850 789 943 828 deus
968 790 1104 827 fuisset
1130 795 1298 836 creator,
1338 795 1467 826 tamen

136 849 334 899 posterior
370 855 435 886 tuo
475 862 550 886 non
589 855 690 894 erat,
730 849 845 886 etiam
883 847 1054 885 Ponticis
1091 853 1180 885 ante
1218 859 1302 885 eum
1340 853 1466 884 notus.

136 906 286 956 Accipe
313 906 431 956 igitur
456 906 502 943 ab
531 913 780 945 antecessore
812 906 992 950 somnam,
1032 918 1054 942 a
1087 911 1196 942 certo
1222 905 1412 950 incertus,
1445 915 1470 942 a

139 964 296 1013 cognito
324 964 556 1013 incognitus.
619 963 820 1015 Nunquam
847 962 941 1001 deus
968 962 1120 1007 latebit,
1160 974 1346 1013 nunquam
1374 959 1470 1000 deus

139 1019 284 1067 deerit,
313 1033 465 1071 semper
490 1021 746 1072 intelligetur,
779 1034 932 1072 semper
956 1019 1151 1066 audietur,
1180 1020 1294 1058 etiam
1319 1017 1470 1057 videbi-

139 1085 218 1122 tur,
259 1075 448 1128 quomodo
475 1079 592 1116 volet.
656 1078 782 1116 Habet
814 1077 907 1116 deus
944 1077 1180 1122 testimonia,
1219 1082 1340 1114 totum
1378 1075 1468 1123 hoc,

139 1133 241 1184 quod
267 1147 392 1173 sumus
419 1142 458 1172 ct
482 1136 519 1172 in
547 1148 620 1186 quo
647 1149 785 1173 sumus.
826 1133 891 1173 Sic
917 1134 1103 1185 probatur
1128 1140 1168 1172 et
1187 1132 1281 1172 deus
1302 1140 1342 1172 et
1359 1146 1468 1180 unuS,

139 1190 225 1228 dum
254 1204 328 1228 non
355 1192 575 1241 ignoratur,
608 1192 684 1230 alio
712 1191 836 1230 adhuc
863 1191 1020 1243 probari
1047 1191 1261 1234 laborante.

259 1253 323 1288 11.
374 1248 425 1286 Et
449 1250 606 1296 merito,
634 1250 825 1300 inquiunt,
860 1249 941 1300 quis
967 1249 1066 1286 enim
1094 1262 1169 1286 non
1195 1255 1271 1286 tam
1298 1249 1375 1287 suis
1400 1243 1470 1287 no·-¹

140 1314 198 1344 tus
232 1313 308 1351 est,
349 1319 458 1357 quam
491 1308 711 1345 extraneis?
764 1305 903 1344 Nemo.
954 1305 1086 1344 Teneo
1119 1313 1159 1349 et
1188 1306 1287 1345 hanc
1318 1307 1469 1345 Vocem.

141 1363 261 1409 Quale
289 1370 348 1400 est
374 1365 486 1410 enim,
515 1371 555 1402 ut
579 1363 722 1415 aliquid
748 1371 971 1414 extraneum
1000 1363 1073 1401 deo
1100 1364 1166 1410 sit,
1195 1365 1257 1402 cui
1283 1363 1376 1402 nihil
1402 1376 1471 1402 ex-

140 1428 313 1458 traneum
341 1428 463 1466 esset,
502 1420 538 1459 si'
566 1422 648 1471 quis
680 1423 808 1459 esset?
846 1422 933 1472 quia
959 1420 1022 1459 dei
1049 1420 1122 1458 hoc
1150 1428 1226 1467 est,
1266 1422 1394 1459 omnia
1423 1420 1470 1459 il-

140 1478 212 1515 lius
238 1490 323 1515 esse
351 1484 390 1515 ct
415 1478 541 1516 omnia
573 1478 621 1515 ad
653 1479 755 1516 illum
788 1479 1003 1529 pertinere,
1041 1478 1102 1516 vel
1129 1488 1176 1517 ne
1208 1480 1333 1516 statim
1361 1477 1470 1517 audi·
1510 1482 1518 1486 “

141 1542 201 1573 ret
233 1548 255 1573 a
286 1534 415 1580 nobis,
456 1534 543 1586 quid
577 1548 672 1586 ergo
705 1535 760 1574 illi
793 1549 876 1574 cum
903 1536 1122 1573 extraneis?
1184 1535 1294 1589 Quod
1319 1536 1470 1588 plenius

142 1606 209 1630 suo
237 1593 325 1630 1060
352 1592 495 1631 audiet.
556 1592 610 1630 At
635 1606 734 1631 nunc
761 1593 852 1630 satis
886 1599 962 1639 est,
990 1593 1130 1631 nullum
1157 1594 1333 1646 probari,
1362 1595 1470 1632 cuius

141 1650 234 1687 nihil
266 1649 464 1701 probatur.
528 1649 638 1688 Sicut
670 1652 770 1689 enim
804 1657 978 1697 creator,
1018 1663 1067 1691 ex
1098 1651 1172 1689 hoc
1206 1658 1246 1689 et
1278 1650 1392 1698 denS,
1431 1658 1472 1699 et

141 1706 375 1745 indubitatus
401 1707 507 1754 deus,
535 1709 622 1759 quia
649 1708 776 1746 omnia
802 1708 932 1760 ipsius,
960 1715 999 1747 et
1024 1708 1368 1747 nihil-extraneum
1394 1708 1469 1757 illi3

141 1766 195 1802 ita
221 1771 261 1802 et
286 1765 381 1802 alius
408 1764 556 1803 idcirco
584 1779 659 1804 non
686 1765 792 1811 deus,
822 1766 909 1817 quia
935 1766 1061 1804 omnia
1081 1779 1157 1810 non
1183 1767 1277 1813 eius,
1304 1765 1470 1818 ideoque

141 1829 181 1859 et
206 1829 404 1860 extranea.
454 1822 628 1875 Denique
661 1824 693 1861 si
719 1824 947 1862 universitas
974 1824 1165 1862 creatoris
1192 1830 1269 1870 est,
1297 1824 1371 1862 iam
1397 1836 1469 1863 nec

142 1879 267 1916 locum
304 1878 418 1917 video
458 1879 521 1918 dei
559 1881 735 1928 alterius,
775 1881 889 1932 plena
928 1888 967 1919 et
999 1887 1189 1935 occupata
1226 1888 1313 1919 sunt
1344 1883 1472 1920 omnia

141 1949 209 1973 suo
236 1942 410 1974 auctore.
474 1936 516 1974 Si
547 1945 660 1976 vacat
691 1938 833 1989 aliquid
865 1940 978 1990 spatii
1010 1939 1173 1977 alicuius
1205 1937 1394 1982 divinitati
1431 1940 1470 1977 in

142 1994 348 2039 creaturis,
388 1994 500 2044 plane
532 1995 653 2033 falsae
686 1996 852 2034 vacabit.
901 1995 1032 2034 'Patet
1068 1995 1270 2049 mendacio
1309 1997 1467 2035 veritas.

139 2050 263 2088 Tanta
292 2052 349 2088 vis
380 2050 571 2090 idolorum
605 2065 674 2090 cur
699 2066 774 2092 non
801 2053 965 2104 recipiat
995 2053 1136 2092 alicubi
1161 2050 1273 2096 deum
1298 2053 1470 2092 Marcio-

141 2109 224 2145 nis?
284 2107 408 2158 Igitur
445 2116 486 2147 et
516 2109 590 2148 hoc
629 2123 678 2148 ex
708 2111 833 2148 forma
866 2111 1058 2148 creatoris·
1094 2112 1339 2163 expostulo‚.-
1355 2110 1469 2151 deum

141 2178 190 2202 ex
230 2165 410 2216 operibus
442 2167 628 2218 cognosci
660 2166 839 2206 debuisse
872 2168 1032 2206 alicuius
1069 2169 1217 2220 proprii
1250 2170 1307 2207 sui
1339 2168 1470 2208 mundi

141 2230 180 2260 <t
211 2223 373 2261 hominis
405 2230 444 2261 et
475 2225 613 2271 seculi,
653 2224 803 2276 quando
842 2226 956 2263 etiam
981 2238 1094 2264 error
1125 2226 1228 2264 orbis
1252 2234 1470 2280 propterea

141 2279 235 2318 deos
255 2283 567 2338 praesumpserit,
596 2295 689 2335 quos
708 2282 881 2321 homines
901 2283 1092 2322 interdum
1113 2284 1331 2332 confitetur,
1348 2298 1468 2338 quon·-

234 2396 270 2435 1)
296 2396 403 2428 Rhen.
424 2397 475 2427 ed.
499 2398 522 2427 1
542 2399 705 2431 tantam
730 2398 1018 2430 idololatriae
1042 2400 1380 2433 dominationem
1399 2402 1465 2432 etc.

141 2441 265 2480 Rivalt.
291 2444 451 2473 tantam
479 2443 738 2476 idololatria
764 2445 1093 2477 dominationem
1121 2449 1189 2478 etc.
1289 2447 1326 2487 2)
1352 2447 1402 2478 Cf.
1425 2447 1467 2478 de

140 2490 219 2515 test.
235 2487 370 2518 animae
388 2498 462 2528 cap.
478 2490 509 2522 2.
582 2491 617 2530 3)
643 2491 803 2522 Haecvv.
824 2492 906 2523 lud.
920 2492 1097 2523 —deum
1113 2493 1219 2523 Rhen
1235 2489 1314 2523 inl.
1330 2481 1381 2524 ed.
1395 2502 1466 2524 non

140 2532 253 2569 habet,
269 2534 327 2562 sed
342 2536 382 2564 ah
398 2544 438 2565 eo
453 2545 471 2565 e
486 2536 669 2568 cod.G01·z.
685 2537 799 2568 addita
811 2540 900 2569 sunl.
927 2539 993 2569 Pro
1008 2548 1055 2569 an
1066 2538 1170 2569 imae
1186 2540 1272 2579 Aug.
1286 2538 1387 2570 Hahn
1402 2540 1463 2571 fa-

141 2586 172 2606 m
186 2577 289 2607 iliae
311 2581 527 2612 scribendum
543 2592 619 2614 esse
634 2586 761 2614 censet.
