1566 2808
115 171 186 208 82
374 174 500 204 ADV.
535 174 901 206 MARCIONEM
937 175 1115 207 LIBER
1150 177 1174 207 1.

114 271 171 308 vis
207 267 343 306 haberi
374 267 489 305 etiam
522 264 570 304 de
603 265 907 317 praedicationis
932 281 1027 319 erga
1053 267 1165 307 deum
1197 269 1444 320 praevarica-

115 328 246 365 tione?
304 323 449 375 Atquin
476 323 523 362 de
549 322 851 375 praedicationis
876 327 1041 372 unitate,
1080 325 1181 378 quod
1206 339 1321 378 supra
1346 326 1444 377 legi-

116 398 216 430 mus,
268 381 424 420 dextras
462 382 683 427 iunxerant,
735 389 775 420 et
811 382 893 434 ipsa
930 384 1051 422 oflicii
1089 383 1358 422 distributione
1396 382 1445 422 de

116 440 308 491 evangelii
341 440 529 477 societate
563 438 837 487 condixerant,
875 441 975 479 sicut
1006 448 1046 479 et
1070 441 1176 480 alibi.
1239 439 1329 479 Sive
1356 454 1445 492 ego,

117 499 258 550 inquit,
286 498 364 535 sive
391 497 466 542 illi,
493 497 548 534 sic
575 495 843 547 praedicamus
858 499 909 547 1).
962 497 1040 537 Sed
1067 499 1141 537 etsi
1166 498 1349 550 quosdam
1375 498 1448 537 fal-

119 570 182 594 sos
220 556 362 594 fratres
405 554 606 606 irrepsisse
646 553 870 606 descripsit,
922 557 985 607 qui
1020 556 1166 595 vellent
1205 555 1362 594 Galatas
1399 553 1449 594 ad

119 612 222 652 aliud
248 611 487 662 evangelium
515 612 727 650 transferre
740 613 802 664 2),
830 614 911 664 ipse
938 612 1194 660 demonstrat,
1220 613 1450 652 adulterium

120 670 214 709 illud
253 669 444 720 evangelii
482 681 558 706 non
589 668 638 706 ad
670 669 829 707 alterius
861 668 925 707 dei
950 677 991 707 et
1016 670 1159 708 Christi
1186 669 1299 709 fidem
1323 677 1450 708 trans-

120 726 338 772 ferendam,
377 724 455 778 sed-
472 724 520 763 ad
552 724 791 777 disciplinam
819 726 917 776 legis
944 726 1247 765 conservandam
1273 727 1450 767 habuisse

123 786 393 830 intentionem,
444 783 734 834 reprehendens
784 784 937 821 scilicet
985 784 1072 822 illos
1117 784 1451 824 circumcisionem

121 842 364 881 vindicantes
402 847 441 878 et
478 840 729 878 observantes
767 847 943 892 tempora
975 847 1014 879 et
1052 837 1134 880 dies
1172 848 1212 880 et
1237 854 1388 882 menses
1413 848 1453 881 et

123 913 244 939 annos
270 898 510 937 Iudaicarum
538 898 877 945 caerimoniarum,
911 912 1003 950 quas
1029 900 1103 937 iam
1129 899 1306 944 exclusas
1331 912 1453 951 agno-

123 959 224 996 visse
258 956 490 1002 debuerant,
529 954 737 994 secundum
770 956 990 994 innovatam
1022 955 1316 1008 dispositionem
1343 969 1453 996 crea·

124 1017 220 1054 toris
247 1015 335 1053 olim
363 1013 409 1052 dc
436 1013 511 1051 hoc
538 1014 620 1066 ipso
652 1012 914 1065 praedicantis
947 1026 1017 1066 per
1042 1014 1251 1067 prophetas
1277 1027 1386 1061 suos,
1413 1021 1455 1053 ut

124 1086 196 1125 per
222 1072 393 1116 Esaiam:
431 1078 568 1109 vetera
607 1072 859 1117 transierunt,
897 1072 1038 1123 inquit,
1078 1085 1173 1110 ecce
1199 1085 1317 1119 nova,
1357 1084 1454 1124 quae

125 1143 200 1181 ego
228 1142 327 1167 nunc
354 1129 457 1166 facio
471 1129 529 1175 ³),
558 1135 598 1167 et
622 1129 732 1166 alibi:
753 1135 812 1167 ‘et
837 1128 1035 1180 disponam
1062 1136 1350 1176 testamentum,
1378 1141 1455 1168 non

127 1187 239 1239 quale
266 1185 437 1237 disposui
463 1184 510 1223 ad
537 1192 669 1237 patres
694 1192 864 1231 vestros,
905 1199 988 1224 cum
1027 1187 1115 1225 illos
1152 1186 1370 1225 eduxissem
1407 1185 1455 1225 de

127 1253 232 1283 terra
258 1243 495 1295 Acgypti4).
526 1240 530 1243 ’
559 1242 626 1281 Sic
663 1249 704 1281 et
739 1256 810 1294 per
836 1242 1087 1282 Hieremiam:
1131 1251 1316 1283 renovate
1346 1244 1457 1283 vobis

128 1314 313 1342 novamen
340 1314 495 1344 novum,
529 1306 570 1338 et
600 1299 919 1339 circumcidimini
945 1300 1019 1339 deo
1045 1308 1196 1349 vestro,
1226 1309 1267 1341 et
1293 1302 1457 1341 circum·

130 1358 300 1398 cidimini
331 1358 533 1409 praeputia
566 1357 695 1398 cordis
731 1359 917 1406 vestri5).
980 1358 1087 1398 Hanc
1125 1372 1221 1410 ergo
1254 1360 1458 1399 circumci-

128 1418 275 1455 sionem
301 1416 375 1452 iam
401 1415 540 1452 sistens
566 1415 763 1466 apostolus
789 1422 829 1454 et
853 1415 927 1454 hoc
955 1429 1161 1463 novamen,
1194 1417 1280 1455 illas
1307 1430 1456 1469 quoque

126 1479 338 1524 vetustates
365 1473 686 1510 caerimoniarum
709 1471 968 1519 dissuadebat,
996 1472 1044 1512 de
1072 1474 1207 1526 quihus
1232 1473 1334 1513 idem
1362 1488 1456 1513 con—

129 1530 234 1569 ditor
264 1542 395 1568 earum
428 1528 655 1581 quandoque
689 1530 895 1568 cessaturis
927 1531 1202 1582 profitebatur,
1239 1544 1311 1584 per
1336 1531 1457 1572 Osee:

129 1595 169 1627 et
200 1594 370 1626 avertam
403 1600 534 1625 omnes
566 1586 823 1626 iucunditates
854 1588 936 1629 eius
967 1595 1007 1626 et
1038 1587 1121 1627 dies
1151 1589 1274 1627 festos
1306 1591 1390 1629 eius
1420 1597 1461 1629 et

130 1646 353 1684 neomenias
390 1651 431 1683 et
460 1644 623 1684 sabbata
654 1652 694 1684 et
725 1658 857 1684 omnes
889 1646 1144 1685 caerimonias
1175 1648 1258 1685 eius
1270 1646 1325 1696 ὅ).
1392 1646 1459 1686 Sic

129 1704 230 1742 enim
268 1715 339 1754 per
370 1701 544 1741 Esaiam:
584 1704 806 1742 neomenias
842 1710 991 1742 vestras
1024 1711 1064 1742 et
1094 1704 1255 1743 sabbata
1287 1712 1328 1743 et
1358 1703 1458 1743 diem

129 1774 306 1812 inagnum
332 1773 409 1801 non
435 1761 624 1807 sustineo,
652 1761 771 1799 ferias
797 1768 838 1799 et
862 1761 1045 1799 ieiunium
1071 1768 1112 1799 et
1137 1761 1221 1800 dies
1245 1763 1369 1801 festos
1393 1775 1460 1801 ve—

131 1825 233 1857 stros
272 1817 354 1856 odit
390 1818 516 1856 anima
552 1818 704 1867 meaff).
767 1817 879 1866 Quod
916 1819 988 1857 etsi
1022 1826 1179 1858 creator
1209 1821 1336 1858 omnia
1360 1820 1459 1859 haec

131 1877 205 1914 iam
237 1874 385 1926 pridem
422 1882 691 1922 recusaverat,
730 1882 770 1913 et
813 1877 1011 1928 apostolus
1055 1890 1101 1915 ea
1133 1878 1208 1915 iam
1244 1876 1460 1917 recusanda

131 1932 421 1985 pronuntiabat,
461 1933 544 1984 ipsa
576 1933 743 1985 apostoli
776 1935 968 1972 sententia
1000 1942 1263 1979 consentanea
1289 1933 1460 1974 decretis

133 1990 325 2028 creatoris
356 1989 496 2040 probat
520 2003 597 2028 non
623 1990 737 2028 alium
764 1990 876 2030 deum
902 1991 950 2030 ab
976 1991 1458 2045 apostolo-praedicatum,

133 2061 242 2099 quam
270 2047 377 2085 cuius
403 2045 564 2086 decreta
590 2048 771 2100 cupiebat
796 2050 868 2088 iam
888 2051 1064 2101 agnosci,
1090 2050 1209 2088 falsos
1236 2057 1277 2090 et
1301 2056 1460 2102 aposto—

132 2105 191 2143 los
217 2111 257 2143 et
281 2105 424 2142 fratres
449 2112 587 2143 notans
613 2106 650 2144 in
677 2106 749 2145 hac
777 2120 931 2155 caussa,
959 2107 1022 2159 qui
1048 2107 1287 2158 evangelium
1314 2107 1460 2146 Christi

133 2162 324 2202 creatoris
360 2163 619 2201 transferrent
654 2177 678 2201 a
714 2165 884 2203 novitate
923 2165 1193 2217 praenuntiata
1223 2178 1247 2203 a
1278 2171 1459 2204 creatore

131 2219 181 2259 ad
204 2226 434 2259 vetustatem
460 2228 677 2259 recusatam
703 2235 725 2259 a
752 2229 945 2261 creatore.

249 2281 318 2319 21.
369 2277 550 2317 Ceterum
581 2279 613 2317 si
645 2292 718 2330 qua
731 2280 768 2328 8)
796 2293 932 2318 novum
960 2278 1070 2319 deum
1096 2279 1327 2332 praedicans
1350 2287 1460 2319 vete-

134 2336 187 2374 ris
219 2334 282 2374 dei
314 2336 440 2387 legem
474 2336 654 2388 cupiebat
690 2336 919 2384 excludere,
959 2351 1075 2390 quare
1109 2337 1156 2377 de
1194 2337 1269 2377 deo
1307 2337 1459 2390 quidem

227 2485 261 2526 1)
289 2489 307 2517 1
335 2489 412 2518 cor.
440 2488 492 2528 15,
518 2487 572 2518 11.
682 2486 719 2526 2)
746 2487 820 2520 Gal.
846 2489 878 2524 1,
903 2491 935 2520 ⁷.
968 2489 1003 2528 2,
1027 2490 1060 2520 4.
1174 2489 1210 2528 3)
1235 2489 1298 2518 les.
1323 2488 1380 2527 43,
1406 2490 1459 2527 12.

135 2531 170 2570 4)
194 2533 258 2563 ler.
285 2534 338 2571 31,
366 2535 422 2566 32.
519 2532 552 2573 5)
576 2534 642 2564 Ier.
669 2535 700 2573 4,
723 2535 755 2563 4.
850 2533 887 2578 6)
914 2535 995 2568 Hos.
1017 2536 1047 2577 2,
1069 2536 1121 2565 11.
1215 2532 1249 2574 7)
1274 2535 1336 2565 les.
1353 2536 1383 2574 1,
1406 2536 1459 2567 14.

137 2578 174 2617 8)
200 2579 377 2609 VVouweri
391 2579 465 2610 cod.
486 2581 520 2610 et
533 2580 607 2620 Rig.
628 2580 764 2618 quasi.
