1566 2808
151 165 254 202 110
407 167 533 197 ADV.
569 166 925 197 MARCIONEM
960 165 1231 220 L13ER1115

240 316 755 405 ADVERSUS
815 313 1413 406 MARCIONEM,

548 426 750 471 LIBER
785 417 1080 499 TERTItJS.

271 608 307 644 1.
360 602 578 642 Secundum
610 605 774 654 vestigia
807 604 956 655 pristini
990 605 1138 655 operis,
1174 603 1276 656 quod
1307 605 1483 643 amissum

152 662 366 700 reformare
394 675 703 713 perseveramus,
744 662 817 699 iani
850 661 938 699 hinc
973 661 1068 700 ordo
1102 660 1149 700 de
1177 661 1351 709 Clu-isto,
1392 662 1486 700 licet

151 732 201 758 ex
226 719 434 757 abundanti
460 726 548 770 post
573 718 775 757 decursam
802 718 1068 757 defensionem
1094 720 1231 758 unicae
1259 714 1481 770 divinitatis.

153 775 255 814 Satis
281 777 421 814 etenim
448 775 751 827 praeiudicatum
785 783 862 822 est,
897 776 1087 814 Christum
1121 790 1195 814 non
1228 777 1387 820 alterius
1418 776 1484 815 dei

151 833 454 885 intelligendum,
483 838 592 885 quam
620 834 822 880 creatoris,
852 847 934 871 cum
957 833 1248 877 determinatum
1271 841 1342 881 est,
1369 835 1482 872 alium

152 890 262 929 deum
289 905 363 929 non
392 890 624 929 credendum
650 899 808 942 praeter
834 897 1068 938 creatorem,
1104 904 1213 943 quem
1246 891 1345 930 adeo
1373 892 1484 931 Chri-

151 956 230 987 stus
255 948 560 1000 praedicaverit,
595 955 634 987 et
665 948 848 1000 deinceps
881 950 1046 1000 apostoli
1079 962 1155 986 non
1188 949 1345 988 alterius
1372 949 1484 988 Chri—

151 1013 246 1044 stum
274 1005 601 1052 adnuntiaverint,
630 1018 738 1057 qnam
766 1007 848 1045 eius
875 1005 956 1053 dei,
993 1019 1103 1058 quem
1131 1006 1305 1045 Christus
1329 1005 1484 1059 praedi-

152 1064 271 1110 cavit,
298 1063 337 1101 id
363 1070 422 1101 est
453 1064 661 1111 creatoris,
701 1071 741 1102 ut
771 1064 873 1102 nulla
906 1065 1049 1102 mentio
1082 1064 1241 1102 alterius
1273 1064 1336 1103 dei
1368 1071 1482 1116 atque

149 1122 203 1158 ita
228 1125 300 1158 nec
327 1121 485 1159 alterius
513 1120 654 1159 Christi
687 1122 832 1172 agitata
864 1122 914 1160 sit
945 1129 1033 1160 ante
1066 1121 1288 1161 scandalum
1311 1122 1483 1168 Marcio-

149 1179 220 1216 nis.
271 1177 468 1216 Facillime
479 1178 569 1220 hoc
596 1178 782 1230 probatur
807 1180 1105 1230 apostolicarum
1133 1187 1174 1217 et
1198 1179 1482 1224 haereticarum

150 1236 403 1276 ecclesiarum
448 1237 631 1282 recensu,
670 1236 761 1274 illic
789 1237 941 1274 scilieet
973 1226 1290 1288 pronuntiandam
1317 1238 1482 1288 regulae

149 1293 487 1341 interversionem,
514 1294 577 1332 ubi
603 1295 810 1346 postelitas
836 1295 1041 1332 invenitur.
1084 1293 1195 1342 Quod
1220 1295 1334 1333 etiam
1359 1296 1482 1347 primo

150 1350 281 1388 libello
319 1352 478 1389 intexui.
541 1351 619 1390 Sed
658 1359 697 1390 et
734 1365 832 1389 nunc
873 1353 1099 1402 congressio
1136 1353 1210 1390 ista
1240 1365 1412 1391 seorsum
1444 1353 1517 1391 in'

150 1406 340 1449 Christum
368 1410 630 1447 examinatura
656 1422 703 1447 eo
730 1410 859 1460 utique
886 1410 1084 1460 proficiet,
1110 1416 1151 1447 vt
1176 1408 1261 1448 dum
1289 1409 1490 1448 Christum

148 1464 353 1516 probamus
380 1467 588 1512 creatoris,
621 1467 676 1504 sic
704 1479 853 1517 quoque
881 1465 976 1504 deus
1002 1466 1479 1506 excludatur'Marcionis.

148 1521 274 1560 Decet
298 1523 500 1561 veritatem
527 1524 618 1561 totis
642 1523 786 1562 viribus
812 1523 866 1561 uti
899 1524 994 1569 suis,
1034 1537 1110 1562 non
1142 1530 1184 1561 ut
1216 1523 1488 1572 laborantem3·

149 1586 318 1618 ceterum
346 1582 382 1618 in
409 1581 754 1632 praescriptionum
783 1580 1020 1632 compendiis
1045 1582 1176 1620 vincit.
1226 1579 1315 1628 Sed
1341 1580 1482 1621 ‹lecre-

148 1645 224 1675 tum
263 1645 340 1684 est,
387 1645 428 1676 ut
464 1639 693 1689 gestientem
731 1639 870 1690 ubique
909 1637 1131 1677 adversario
1152 1647 1402 1690 occurrere,
1434 1641 1480 1677 in

148 1702 290 1733 tantum
316 1696 476 1743 furenti,
504 1703 544 1734 ut
569 1697 720 1739 facilius
745 1697 1056 1748 praesumpserit,
1084 1709 1166 1734 eum
1189 1697 1339 1735 venisse
1367 1696 1480 1735 Chri-

146 1759 261 1799 stum,
290 1754 352 1804 qui
378 1767 566 1805 nunqnam
593 1755 641 1792 sit
666 1753 930 1800 adnuntiatus,
958 1767 1066 1806 quam
1094 1766 1206 1800 eum,
1234 1755 1297 1805 qui
1327 1767 1480 1807 semper

146 1811 194 1848 sit
219 1810 479 1861 praedicatus.

263 1872 300 1909 2.
353 1868 450 1907 Hinc
483 1868 648 1921 denique
681 1868 839 1921 gradum
880 1870 1061 1916 confero,
1100 1883 1147 1909 an
1186 1868 1366 1908 debuerit
1402 1876 1478 1908 tam

146 1924 271 1963 subito
308 1927 473 1966 venisse.
534 1926 662 1966 Primo
698 1929 788 1985 quia
825 1934 864 1966 et
903 1928 984 1979 ipse
1024 1926 1086 1966 dei
1123 1929 1181 1966 sui
1219 1926 1330 1969 fitius.
1365 1923 1478 1966 Hoc

145 1982 244 2019 enim
272 1982 417 2020 ordinis
442 1986 586 2031 fuet-‚at
615 1992 655 2023 ut
679 1990 767 2023 ante
793 1992 906 2037 pater
931 1986 1044 2023 filium
1071 1986 1339 2037 piofiteretur,
1367 1997 1478 2037 quam

144 2047 290 2091 patrem
319 2040 435 2087 filius,
476 2048 515 2079 et
540 2049 629 2079 ante
655 2050 769 2093 pater
795 2042 842 2081 de
868 2043 948 2081 filio
975 2050 1205 2090 testaretur,
1241 2055 1350 2094 quam
1377 2042 1476 2080 filius

145 2096 193 2135 de
230 2104 352 2149 patre.
438 2098 588 2138 Dehinc
627 2107 667 2137 et
705 2101 790 2151 quia
834 2100 968 2139 missus
1010 2108 1168 2153 praeter
1209 2100 1278 2138 filii
1322 2111 1474 2137 nomen.

145 2154 311 2194 Proinde
344 2156 442 2194 enim
474 2157 734 2208 praecessisse
768 2156 957 2196 debuerat
993 2159 1176 2196 mittentis
1219 2157 1476 2208 patrocinium

145 2213 180 2249 in
208 2213 463 2251 testimonium
490 2214 611 2260 missi,
647 2215 734 2265 quia
758 2227 871 2253 nemo
896 2216 1055 2254 veniens
1081 2229 1130 2253 ex
1155 2215 1314 2253 alterius
1340 2221 1477 2253 aueto-

144 2271 258 2308 ritate
290 2271 372 2322 ipse
405 2283 488 2309 eam
519 2271 591 2310 sibi
623 2284 673 2309 ex
704 2285 773 2310 sua
804 2272 1054 2311 affirmatione
1088 2271 1280 2319 defendit,
1319 2270 1388 2310 sed
1427 2272 1474 2311 ab

144 2329 226 2378 ipsa
252 2327 515 2367 defensionem
541 2329 668 2381 potius
694 2337 908 2382 exspectat,
935 2328 1145 2382 praeeunte
1172 2336 1357 2381 suggestu
1377 2330 1472 2375 eius,

140 2386 207 2436 qui
233 2387 501 2425 auctoritatem
527 2394 712 2438 praestat.
776 2386 955 2426 Ceterum
990 2401 1060 2426 nec
1095 2389 1193 2426 filius
1226 2393 1471 2438 agnoscetur,

146 2456 254 2493 quem
281 2457 469 2496 nunquam
493 2451 605 2496 pater
630 2447 873 2498 nuncupavit,
901 2458 972 2484 nec
993 2447 1127 2485 missus
1148 2444 1341 2491 credetur,
1363 2455 1472 2495 quem

146 2513 332 2551 nunquam
364 2501 566 2541 mandator
597 2501 831 2553 designavit3
871 2511 1154 2555 nuncupaturus
1191 2509 1302 2554 pater
1334 2508 1373 2539 et
1404 2499 1472 2538 de-

145 2557 360 2607 signaturus
382 2559 594 2607 mandator,
621 2562 651 2599 si
677 2561 823 2600 fuisset.
865 2559 1090 2613 Suspeetum
1117 2559 1321 2599 habebitur
1345 2572 1470 2606 omne,
