1624 2826
368 186 491 216 ADv.
527 185 893 219 MARCIONEM
929 186 1106 216 LIBER
1141 186 1196 216 IV.
1338 184 1446 222 199

122 277 186 317 dei
212 278 414 330 conspicit,
440 277 501 316 vel
528 290 612 315 cum
638 290 709 329 per
733 278 853 328 ipsum
881 276 974 316 deus
1001 277 1179 329 loquitur,
1203 290 1362 317 necesse
1390 286 1448 317 est

122 334 278 374 excidat
302 347 450 382 sensu,
475 334 721 373 obumbratus
753 336 904 373 seilicet
933 336 1074 373 virtute
1107 334 1253 382 divina,
1292 334 1340 374 de
1374 349 1447 388 quo

123 394 225 431 inter
261 405 330 431 nos
367 399 407 430 et
443 391 650 443 psychicos
689 391 863 444 quaestio
903 399 973 431 est.
1042 391 1199 431 Interim
1236 393 1351 431 facile
1391 400 1450 432 est

122 451 326 491 amentiam
351 449 455 488 Petri
480 444 660 501 probare.
707 448 906 497 Quomodo
933 450 1032 488 enim
1052 449 1214 502 Moysen
1241 457 1280 488 et
1300 450 1449 491 Heliam

124 508 384 558 cognovisset,
412 507 484 544 nisi
510 507 547 543 in
573 507 733 557 spiritu?
781 507 866 545 Nee
894 509 994 545 enim
1019 508 1205 558 imagines
1231 521 1363 546 eorum
1388 507 1451 546 vel

123 571 267 603 statuas
298 564 460 616 populus
490 563 686 602 habuisset
717 570 757 602 et
788 564 1053 603 similitudines
1085 565 1172 614 lege
1204 565 1448 615 probibente,

123 622 196 660 nisi
222 622 310 673 quia
335 622 373 659 in
405 621 540 672 spiritu
565 620 740 667 viderat,
781 628 820 659 et
845 622 898 659 ita
924 620 1025 672 quod
1051 620 1212 660 dixisset
1237 622 1274 659 in
1300 623 1449 673 spiritu,

123 679 262 716 nonin
288 691 426 724 sensu,
465 678 717 724 constitutus,
756 679 810 716 sci
883 692 959 726 no„
984 685 1149 729 poterat.
1215 678 1393 716 Ceterum
1419 679 1451 716 si

123 736 179 774 sic
205 737 331 774 nescit
356 735 462 786 quasi
489 747 635 780 errans,
663 740 716 772 'eo
744 747 817 786 quo
870 742 1025 785 putaret
1049 735 1199 772 illorum
1226 747 1311 773 esse
1339 735 1452 773 Chri-

122 799 372 842 stum‚'ergo
410 793 484 829 iam
521 789 674 829 constat
711 798 750 829 et
780 804 894 843 supra
919 791 1073 830 Petrum
1112 793 1390 843 interrogatum
1429 806 1452 830 a

124 849 298 895 Christo,
338 862 447 900 quem
474 861 514 887 se
542 849 824 895 existimarent,
852 855 894 886 ut
919 847 966 888 de
995 851 1184 887 creatoris
1210 848 1372 888 dixisse:
1414 857 1451 887 tu

123 919 166 946 es
198 906 389 954 Christns3
429 907 541 957 quia,
586 907 617 944 si
644 913 733 945 tunc
766 907 924 944 alterius
961 905 1024 945 dei
1055 907 1157 945 illum
1191 908 1450 957 cognovisset,

122 964 185 1002 hic
212 977 362 1016 quoque
389 977 464 1002 non
492 971 672 1002 errasset.
737 963 880 1012 Quodsi
907 963 995 1002 ideo
1022 971 1061 1002 et
1087 965 1149 1002 hic
1176 966 1331 1011 erravit,
1365 966 1453 1016 quia

123 1029 164 1060 et
188 1035 315 1073 supra,
342 1035 437 1072 ergo
466 1028 594 1059 certus
620 1034 661 1059 es
688 1022 725 1058 in
751 1022 853 1060 illum
875 1020 975 1060 diem
997 1035 1146 1074 quoque
1162 1023 1300 1060 nullam
1317 1035 1451 1060 novam

124 1077 359 1118 divinitatem
386 1078 575 1117 aChristo
603 1079 824 1126 revelatam,
852 1086 891 1117 et
916 1093 1033 1130 usque
1060 1078 1183 1118 adbuc
1205 1093 1280 1117 non
1301 1092 1452 1118 errasse

126 1135 299 1182 Petrum,
339 1135 491 1174 Christo
518 1149 636 1187 usque
669 1135 792 1174 adbuc
826 1137 918 1174 nihil
945 1136 1130 1174 eiusmodi
1159 1138 1375 1182 revelante,
1415 1143 1454 1174 et

126 1200 202 1231 tam
229 1192 292 1231 diu
317 1207 393 1230 non
419 1193 577 1231 alterius
603 1192 859 1244 deputandum
886 1193 1090 1239 Christum,
1119 1206 1227 1244 quam
1251 1194 1452 1238 creatoris,

127 1251 234 1288 cuius
267 1263 416 1288 omnem
449 1258 488 1288 et
519 1250 580 1288 hic
609 1249 781 1288 ordinem
809 1251 1012 1302 expressit.
1072 1250 1168 1288 Tres
1196 1250 1242 1289 de
1270 1250 1454 1289 discenti-

125 1307 195 1346 bus
233 1307 400 1345 arbitros
431 1308 581 1345 futurae
625 1308 782 1345 visionis
826 1315 863 1346 et
900 1309 1007 1346 vocis
1050 1306 1225 1346 adsumit.
1292 1307 1343 1345 Et
1379 1308 1453 1346 hoc

127 1361 316 1403 c‘rea'toris
343 1372 413 1403 est.
476 1363 518 1402 In
544 1364 682 1411 tribus,
722 1366 866 1416 inquit,
905 1365 1066 1403 testibus
1091 1365 1207 1402 stabit
1232 1378 1342 1403 omne
1367 1378 1455 1403 ver-

125 1422 226 1461 bum.
248 1423 284 1469 1)
347 1421 389 1460 In
415 1428 580 1459 montem
613 1421 780 1469 secedit,
820 1435 991 1473 agnosco
1018 1422 1177 1459 formam
1205 1422 1294 1459 loci.
1355 1420 1455 1460 'Nam

126 1486 168 1518 et
191 1480 389 1530 pristinum
415 1479 594 1530 populum
625 1478 726 1530 apud
757 1487 922 1518 montem
951 1486 990 1517 et
1018 1480 1166 1517 visione
1193 1485 1233 1518 et
1257 1492 1360 1518 voce
1388 1493 1456 1517 sua

127 1543 284 1575 creator
308 1537 490 1574 initiarat.
553 1535 767 1588 Oportebat
793 1537 829 1574 in
856 1550 904 1575 eo
931 1544 1114 1587 suggestu
1141 1537 1359 1587 consignari
1387 1550 1455 1574 no—

125 1607 211 1632 vum
237 1592 529 1640 testamentum,
567 1594 605 1631 in
624 1601 716 1645 'quo
750 1588 1009 1646 conscriptum
1041 1594 1149 1632 ‘vetus
1175 1594 1313 1632 fuerat.
1377 1593 1454 1632 Sub

128 1650 265 1690 eodem
291 1653 406 1690 etiam
433 1651 575 1689 ambitu
601 1651 729 1697 nubis,
757 1664 879 1703 ‚quam
917 1664 1028 1689 nemo
1062 1650 1250 1689 dubitavit
1283 1650 1329 1689 de
1363 1654 1454 1690 aifre

130 1709 319 1746 creatoris
357 1708 647 1758 conglobatam,
687 1709 759 1746 nisi
792 1716 832 1746 et
863 1709 982 1746 nubes
1014 1722 1101 1747 suas
1133 1709 1199 1746 illo
1227 1708 1454 1753 deduxerat,

131 1765 217 1815 quia
244 1765 388 1814 ekipse
414 1777 491 1814 per¹
510 1765 659 1802 eoelum
686 1766 878 1802 creatoris
899 1767 998 1803 viam
1014 1772 1183 1816 ruperat,
1210 1772 1275 1802 aut
1295 1765 1456 1816 proinde

131 1828 172 1859 et
208 1820 337 1858 nubilo
378 1821 566 1858 creatoris
603 1822 782 1871 precario
823 1834 909 1859 usus
947 1828 1028 1860 ests
1080 1821 1213 1873 Itaque
1251 1835 1324 1861 nec
1356 1836 1456 1860 nune

131 1884 234 1916 muta
259 1877 379 1915 nubes
405 1878 493 1924 fuit,
534 1876 601 1915 sed
626 1891 701 1915 vox
727 1878 838 1916 solita
865 1877 912 1916 de
940 1879 1071 1925 coelo,
1110 1886 1149 1917 et
1174 1881 1293 1930 patris
1319 1894 1456 1918 novum

132 1936 391 1973 testimouium
429 1948 545 1986 super
583 1935 686 1982 filio,
724 1942 837 1987 atque
870 1937 909 1973 in
940 1937 1061 1987 primo
1078 1938 1112 1984 2)
1140 1936 1306 1987 psalmo:
1358 1937 1456 1975 filius

132 2005 238 2032 meus
264 2005 305 2031 es
334 1997 383 2039 ω’,
411 2005 485 2043 ego
513 1991 628 2031 hodie
654 1994 769 2043 genui
795 1994 895 2041 te.³)
940 1992 998 2032 De
1025 2007 1098 2044 quo
1125 2001 1164 2032 et
1187 2007 1258 2046 per
1282 1994 1455 2033 Esaiam:

133 2051 216 2103 quis
254 2049 364 2089 deum
396 2057 569 2088 meluens
601 2049 730 2088 audiat
759 2064 894 2091 vocem
926 2051 995 2089 filii
1027 2052 1182 2100 eius?4)
1223 2051 1356 2103 Itaque
1383 2054 1457 2090 iam

133 2115 431 2160 repraesentans
463 2121 566 2146 eum:
606 2108 667 2146 hic
693 2115 752 2147 est
777 2109 874 2146 filius
899 2122 1023 2155 meus,
1056 2110 1186 2161 utique
1213 2110 1455 2148 subauditur:

135 2178 245 2217 quem
270 2166 487 2217 repromisi.
540 2165 591 2203 ‘Si
617 2166 715 2204 enim
741 2167 961 2218 repromisit
990 2159 1214 2218 aliquando,
1253 2175 1292 2205 et
1323 2175 1458 2219 postea

135 2221 248 2275 dicit:
286 2223 349 2260 hic
375 2230 451 2270 est,
491 2224 572 2262 eius
598 2230 674 2270 est,
713 2224 928 2263 exhibentis
943 2226 1049 2263 ‘voce
1076 2225 1130 2262 uti
1156 2226 1192 2262 in
1220 2224 1458 2262 demonstra-

135 2281 241 2318 tione
267 2281 457 2331 promissi,
487 2282 549 2333 qui
575 2281 777 2333 aliquando
803 2282 997 2334 promisit,
1025 2295 1099 2319 non
1127 2283 1222 2327 eius,
1251 2282 1311 2319 cui
1338 2283 1459 2333 possit

135 2337 383 2389 responderi:
411 2338 493 2391 ipse
525 2339 624 2377 enim
649 2346 690 2376 tu
715 2340 798 2394 qais
823 2352 889 2385 es,
907 2385 910 2387 ι
929 2340 992 2391 qui
1018 2338 1142 2377 dicas:
1182 2339 1244 2376 hic
1277 2346 1335 2376 est
1362 2339 1459 2377 lilius

136 2398 267 2433 meus?
290 2394 348 2433 De
375 2409 448 2447 quo
476 2410 551 2434 non
577 2397 696 2447 magis
722 2397 964 2448 praemisisti,
993 2410 1101 2447 qnam
1129 2403 1165 2434 te
1193 2397 1325 2447 ipsum,
1359 2395 1459 2447 quod

230 2524 267 2574 1*)
293 2536 375 2565 Luc.
391 2538 423 2575 9,
439 2537 494 2567 28.
522 2536 624 2565 Deut.
641 2536 695 2572 19,
713 2536 766 2565 15.
862 2532 899 2577 2)
925 2535 987 2564 Ed.
1000 2534 1102 2566 Fran.
1120 2535 1153 2564 et
1174 2534 1247 2575 Rig.
1259 2543 1388 2565 secun
1401 2534 1458 2566 do.

137 2578 175 2622 3)
200 2581 253 2612 Ps.
268 2583 297 2622 2,
313 2582 343 2611 7.
438 2580 475 2624 4)
503 2583 564 2612 les.
577 2583 630 2620 50,
648 2583 701 2612 10.
758 2603 760 2605 >
1489 2588 1492 2590 ’
