1566 2808
162 183 233 223 48
426 185 954 219 Anv.1uAR01oNEM
989 184 1166 216 nissER
1202 185 1227 215 1.

165 280 366 318 confessus
392 293 467 318 non
494 287 624 332 potest
649 280 780 318 facere
810 277 1000 325 diversos,
1035 290 1111 316 non
1138 277 1225 329 quia
1251 287 1328 313 non
1349 280 1394 316 ‚et
1415 273 1487 314 ho-

163 338 284 374 mines
311 336 403 374 licet
428 337 495 375 sub
523 336 658 375 eadem
685 336 943 388 appellatione
970 335 1250 374 diversissimos
1276 345 1381 379 esse,
1419 330 1489 370 sed

165 395 252 444 quia
290 392 383 431 deus
419 407 496 431 non
535 395 610 432 erit
647 392 851 440 dicendus,
896 394 983 445 quia
1020 405 1092 430 nec
1136 389 1372 436 credendus,
1415 389 1489 428 nisi

164 462 346 488 summum
376 462 575 501 magnum.
641 451 733 490 Cum
771 464 867 502 ergo
905 461 1086 489 summum
1116 461 1293 500 magnum
1327 459 1429 498 coga
1444 458 1491 485 ur

164 520 399 559 agnoscere,
440 522 549 559 quem
582 507 693 549 deum
730 522 807 546 non
832 515 966 559 negat,
1000 520 1075 546 non
1100 513 1230 558 potest
1254 499 1423 550 admitti,¹
1476 509 1491 541 t

163 578 308 604 summo
345 579 484 616 magno
518 566 681 618 aliquam
714 564 910 604 adscribat
941 564 1258 610 deminutionem,
1297 575 1370 613 qua
1401 560 1490 599 suh-

163 623 318 660 iiciatur
348 623 414 660 alii
451 637 595 661 summo
634 637 787 674 magno.
846 622 998 661 Desinit
1029 621 1148 667 enim,
1186 620 1219 658 si
1250 619 1489 668 Subiiciatur.

163 678 253 718 Non
279 687 338 718 est
362 687 488 719 autem
516 680 597 727 dei,
632 681 810 720 desinere
843 679 890 718 de
917 686 1018 717 statu
1043 691 1132 724 suo,
1165 676 1205 715 id
1231 674 1362 715 est-de
1389 688 1491 714 sum-

163 751 224 775 mo
257 751 407 788 magno.
470 737 568 776 Nam
601 746 640 776 et
675 740 713 776 in
745 739 811 776 illo
844 736 918 777 deo
950 737 1102 788 potiore
1134 734 1348 786 periclitari
1378 739 1491 785 pote-

162 796 214 832 rit
239 808 420 833 summum
446 809 641 847 magnum,
680 797 711 834 si
737 794 949 847 depretiari
982 794 1087 845 capit
1111 792 1149 829 in
1176 798 1370 830 creatore.
1432 789 1491 828 Ita

164 865 248 890 cum
276 851 350 890 duo
378 851 431 892 dii
462 855 759 904 pronuntiantur
783 852 863 890 ⁴duo
890 864 1034 890 summa
1059 862 1215 900 magna,
1238 860 1404 887 «necesse
1431 853 1492 885 est

103 932 110 935 κ
163 917 338 948 neutrum
365 911 489 950 altero
517 918 581 949 aut
606 912 727 949 maius
753 911 802 948 sit
826 917 891 948 aut
916 909 1049 955 minus,
1078 914 1253 945 neutrum
1274 906 1398 944 altero
1425 911 1492 943 aut
1520 931 1523 933 -

164 967 358 1005 sublimius
390 975 456 1006 aut
487 968 690 1007 deiectius.
753 967 867 1018 Nega
899 965 1029 1012 deum,
1058 978 1170 1016 quem
1195 963 1293 1002 dicis
1319 962 1492 1011 deterio-

162 1037 263 1072 rem3
290 1037 391 1075 nega
416 1039 597 1064 summ-um
622 1039 818 1077 magnum,
846 1037 955 1077 quem
983 1023 1110 1062 credis
1135 1022 1335 1060 minorem.
1367 1019 1489 1059 Deum

161 1094 256 1120 vero
285 1083 484 1121 confessus
511 1090 728 1135 utrumque,
763 1081 838 1121 duo
865 1092 1009 1120 summa
1035 1093 1172 1131 magna
1199 1079 1487 1124 confessus‘es;

161 1139 255 1176 nihil
281 1140 393 1178 alteri
411 1139 584 1187 adimes,
623 1147 689 1179 aut
714 1140 827 1178 alteri
857 1138 1075 1186 adscribe53
1099 1149 1328 1188 agnoscens
1353 1134 1490 1174 divini-

162 1202 297 1243 tatem,
325 1198 475 1247 negasti
501 1197 776 1238 diversitatem.
950 1241 955 1248 Ι
1390 1230 1395 1238 .
1453 1221 1485 1252 .-

278 1258 316 1295 7.
367 1255 551 1307 Tentabi‘:
582 1255 629 1294 ad
656 1256 753 1294 haec
786 1254 834 1294 de
860 1255 1012 1293 nomine
1039 1252 1102 1292 dei
1129 1259 1341 1293 concutere
1363 1257 1489 1291 retra-

163 1318 305 1349 ctatum
337 1319 379 1350 ut
403 1313 555 1364 passivo
587 1320 627 1352 et
657 1314 695 1351 in
721 1314 818 1351 alios
850 1325 1001 1364 quoque
1034 1311 1240 1363 permisso,
1279 1309 1367 1362 quia
1392 1309 1489 1348 scri-

159 1375 264 1419 ptum
290 1369 356 1406 sit:
385 1368 478 1408 deus
505 1369 663 1409 deorum
689 1371 797 1408 stetit
825 1371 864 1408 in
890 1370 1059 1408 ecclesia
1091 1368 1269 1413 deorum,
1295 1369 1334 1405 in
1359 1365 1487 1405 medio

160 1432 287 1463 autem
314 1425 409 1465 deos
435 1426 677 1475 diiudicavit,
705 1435 762 1466 et:
795 1440 871 1478 ego
898 1426 996 1473 dixi,
1022 1439 1091 1465 vos
1117 1424 1171 1464 dii
1197 1426 1291 1464 estis
1305 1425 1356 1473 1).
1399 1422 1486 1462 Nec

159 1490 288 1522 tamen
326 1483 475 1522 idcirco
508 1485 564 1523 eis
597 1492 792 1537 competat
821 1484 1016 1537 possessio
1048 1483 1182 1522 summi
1213 1482 1367 1534 magni,
1399 1481 1487 1533 quia

159 1539 222 1579 dei
249 1543 597 1592 cognominentur,
622 1544 674 1581 ita
701 1556 773 1582 nee
801 1543 983 1581 creatori.
1045 1539 1302 1592 Respondebo
1329 1546 1370 1578 et
1393 1538 1487 1578 stul*

159 1605 218 1645 to,
259 1600 321 1650 qui
352 1612 425 1638 nec
458 1600 532 1638 hoe
565 1601 865 1651 recogitaverit,
904 1613 952 1639 ne
985 1597 1207 1637 tantundem
1235 1605 1279 1636 et
1309 1598 1348 1635 in
1374 1595 1486 1635 deum

156 1654 369 1695 Marcionis
393 1658 515 1708 possit
540 1660 780 1710 retorqueri,
814 1656 861 1696 ‘ut
890 1665 930 1696 et
961 1658 1064 1695 illum
1091 1655 1202 1695 deum
1215 1654 1385 1702 dictum,
1412 1666 1485 1692 nec

156 1712 246 1752 ideo
278 1720 406 1752 tamen
438 1728 621 1754 summum
640 1729 827 1767 *magnum
860 1715 1082 1767 probatum,
1122 1715 1222 1752 sieut
1252 1722 1329 1752 neo
1355 1711 1485 1762 angeli

155 1778 221 1809 aut
252 1771 426 1810 homines
453 1774 655 1812 creatoris.
720 1772 762 1811 Si
789 1773 1005 1812 communio
1031 1772 1224 1810 nominum
1251 1768 1486 1809 conditioni-

152 1828 223 1866 bus
248 1829 509 1879 praeiudicat,
527 1827 680 1883 .'quanti
712 1835 874 1883 nequam
901 1831 1003 1869 servi
1028 1842 1162 1881 regum
1188 1827 1402 1868 nominibus
1426 1828 1485 1866 in·-

153 1885 313 1932 sultant,
340 1885 555 1926 Alexandri
581 1896 621 1926 et
645 1888 752 1926 Darii
780 1896 820 1927 et
844 1888 1092 1926 Holofernis'?
1127 1886 1214 1925 Nec
1240 1893 1368 1924 tamen
1393 1884 1482 1924 ideo

152 1942 329 1992 regibus,
356 1943 395 1981 id
422 1944 524 1995 quod
557 1952 660 1991 sunt,
689 1945 936 1992 detrahetur-3
970 1958 1056 1983 nam
1083 1951 1123 1983 et
1147 1944 1231 1996 ipsa
1255 1942 1362 1982 idola
1387 1955 1483 1994 gen·
1507 1971 1511 1976 ,

149 2001 243 2038 tium
275 1999 338 2039 dei
368 2001 503 2057 vulgo,
542 2001 610 2040 sed
643 2001 737 2041 deus
768 2015 880 2041 nemo
913 2015 960 2040 ea
991 2015 1053 2049 re,
1094 2014 1172 2054 qua,
1197 1999 1292 2039 deus
1325 1999 1479 2039 dicitur.

150 2056 209 2095 Ita
228 2070 309 2111 rego
342 2071 417 2095 non
450 2060 592 2097 nomini
619 2058 682 2097 dei
713 2072 786 2099 nec
817 2073 913 2098 sono
940 2072 1013 2098 nec
1038 2059 1345 2097 notae'nominis
1369 2057 1480 2096 huius

149 2128 331 2153 summum
357 2128 534 2166 magnum
556 2118 597 2155 in
624 2124 805 2156 creatore
825 2115 1008 2164 defendo,
1035 2115 1105 2154 sed
1129 2117 1202 2168 ipsi
1228 2115 1478 2163 substantiae,

150 2173 211 2210 cui
243 2185 382 2211 nomen
419 2173 495 2212 hoc
534 2175 718 2226 contigit3
757 2174 860 2213 hanc
898 2174 1259 2213 inveniens-solam
1295 2174 1478 2221 innatam,

148 2230 349 2278 infectam,
377 2231 496 2269 solam
522 2238 718 2270 aeternam
746 2239 786 2270 et
809 2233 1072 2274 universitatis
1099 2230 1374 2279 conditricem,
1400 2244 1478 2273 non

146 2288 311 2334 nomini,
350 2287 415 2326 sed
450 2290 589 2336 statui,
627 2303 700 2328 nec
734 2289 1006 2342 appellationi,
1046 2288 1114 2328 sed
1148 2288 1363 2337 conditioni
1395 2289 1477 2328 eius

146 2358 328 2384 summum
349 2351 542 2397 j‘magnum
574 2354 614 2386 et
644 2344 823 2386 adscribo
857 2355 897 2386 et
925 2346 1095 2386 vindico.
1161 2345 1215 2385 Et
1239 2346 1354 2395 ideo,
1388 2348 1476 2398 quia

147 2401 241 2443 deus
267 2404 341 2442 iam
372 2405 504 2443 vocari
537 2404 702 2443 obtinuit
734 2405 965 2453 substantia,
1005 2406 1066 2444 cui
1091 2403 1293 2451 adscribo,
1331 2404 1475 2443 nomini

145 2473 205 2498 me
237 2459 622 2514 adscribereputas,
662 2464 750 2515 quia
782 2476 943 2503 necesse
976 2470 1035 2502 est
1065 2462 1311 2515 per-{nomen
1343 2468 1474 2501 osteu-

237 2588 272 2626 1)
297 2589 420 2630 Rasa,
437 2591 468 2626 1,
482 2593 512 2622 6.
