1604 2800
148 178 249 217 182
660 173 735 205 nr:
770 174 969 206 ΑΝιΜΑ.

151 286 227 312 ιιοιι
252 270 387 310 fuisset
411 267 563 306 animae
587 267 750 319 spirare,
777 265 846 305 sed
872 263 1111 305 solummodo
1130 266 1276 306 vivere.
1313 265 1368 307 At
1380 271 1482 309 enim

149 332 280 369 vivere
306 327 455 379 spirare
488 332 565 372 est,
599 325 632 363 si
663 331 704 363 et
729 325 876 376 spirare
902 325 1048 364 vivere.
1121 322 1189 364 Sic
1227 337 1324 376 ergo
1361 332 1484 367 totum

150 389 225 427 hoc
257 392 297 425 et
327 384 475 438 spirare
507 390 547 422 et
575 383 706 422 vivere
738 383 821 421 eius
852 389 929 429 est,
964 382 1071 421 cuius
1102 389 1143 422 et
1171 382 1324 430 vivere,
1355 381 1395 423 id
1426 391 1487 424 est

150 445 313 485 animae.
375 442 549 493 Denique
575 441 608 479 si
634 453 791 492 separas
821 441 995 493 spiritum
1021 447 1062 479 et
1085 440 1314 489 animam‚1)
1348 453 1488 494 separa

151 510 191 542 et
216 514 355 554 opera3
378 506 506 551 ,agant
529 499 568 536 in
596 497 767 537 discreto
799 497 943 551 aliquid
973 498 1105 546 ambo,
1145 511 1317 538 seorsum
1348 500 1488 548 anima,

152 572 325 600 seorsum
352 558 528 609 spiritus3
555 557 681 594 anima
694 557 777 595 sine
797 557 934 608 spiritu
952 557 1068 603 vivat,
1095 557 1252 609 spiritus
1265 557 1348 597 sine
1363 558 1491 597 anima

154 617 293 670 spiret3
325 616 488 655 alterum
513 614 707 667 relinquat
732 627 918 666 corpora,
950 614 1112 653 alterum
1137 621 1354 662 remaneat,
1386 628 1492 655 mors

153 683 194 714 et
222 676 301 714 vita
333 673 576 712 conveniant.
650 670 693 710 Si
730 672 831 711 enim
868 671 943 711 duo
982 679 1070 711 sunt
1105 673 1231 711 anima
1257 679 1298 712 et
1311 672 1491 725 spiritus,

154 731 273 772 dividi
291 737 463 797 possunt,
489 737 531 768 ut
556 729 745 768 divisione
771 742 904 768 eorum
930 730 1091 769 alterius
1117 728 1368 777 discedentis,
1394 730 1494 770 alte-

155 792 235 829 rius
259 789 461 835 manentis,
487 788 622 825 mortis
648 794 688 825 et
710 788 814 825 vitae
841 800 1051 826 concursus
1077 788 1246 827 eveniat.
1288 786 1368 827 Sed
1388 787 1493 827 nullo

155 845 271 886 modo
298 859 342 884 ev
347 846 470 892 eniet3
498 856 594 894 eigo
621 842 696 881 duo
718 857 794 882 non
815 852 939 891 er,unt
967 857 1065 896 quae
1087 843 1205 884 dividi
1225 858 1301 884 ιιοιι
1321 852 1495 897 possunt,

158 916 255 956 quae
282 901 401 942 dividi
426 907 596 954 possent,
624 900 856 957 sifiissent.
896 899 976 940 Sed
1002 901 1096 940 licet
1121 908 1161 940 et
1186 900 1262 940 duo
1287 915 1374 941 esse
1401 915 1496 942 con-

159 968 282 1001 creta.
321 958 400 998 Sed
426 972 503 997 non
529 964 641 997 erunt
655 959 693 1005 2)
722 964 922 1006 concreta,
947 959 980 997 si
1005 957 1109 998 aliud
1135 965 1196 997 est
1218 960 1364 1007 vivere,
1391 958 1497 999 aliud

159 1020 321 1071 spirare.
388 1016 638 1066 Distinguunt
668 1015 901 1054 substantias
933 1028 1067 1067 opera.
1138 1015 1190 1054 Et
1221 1023 1363 1067 quanto
1395 1029 1496 1055 nunc

159 1077 302 1115 firmius
328 1082 398 1121 est,
426 1080 467 1112 ut
491 1086 604 1110 unum
631 1070 783 1138 credas,
811 1085 893 1110 cum
921 1071 1141 1111 distantiam
1162 1085 1238 1111 non
1253 1071 1334 1121 das,
1360 1080 1403 1112 ut
1414 1074 1499 1126 ipsa

159 1135 209 1172 sit
233 1134 360 1171 anima
385 1131 559 1183 spiritus,
594 1129 680 1168 dum
712 1130 831 1181 ipsius
857 1136 918 1168 est
942 1130 1111 1181 spirare,
1145 1130 1253 1170 cuius
1273 1137 1320 1170 et
1342 1131 1500 1171 vivere?

160 1189 259 1239 Quid
296 1190 415 1236 enim,
452 1189 485 1226 si
512 1186 612 1226 diem
638 1186 741 1225 aliud
768 1187 904 1226 haberi
927 1188 1042 1235 velis,
1081 1186 1185 1227 aliud
1217 1187 1362 1237 lucem,
1400 1201 1498 1241 quae

160 1246 315 1287 accidat
351 1245 450 1293 diei,
489 1258 574 1284 cum
612 1243 695 1283 dies
726 1246 809 1296 ipsa
841 1245 907 1283 lux
937 1246 1011 1283 sit?
1058 1244 1322 1286 Plane-erunt
1353 1253 1394 1286 et
1423 1247 1500 1286 alia

162 1318 307 1357 genera
334 1305 443 1350 lucis,
470 1309 512 1342 ut
536 1315 587 1341 ex
611 1302 753 1353 ignium
780 1303 1009 1342 ministerio.
1059 1301 1184 1342 Erunt
1208 1305 1310 1343 enim
1333 1311 1375 1344 et
1399 1304 1499 1344 aliae

162 1365 318 1415 spiritus
355 1361 526 1413 species,
563 1367 606 1398 ut
636 1372 686 1398 ex
717 1359 812 1407 de0,
850 1367 893 1399 ut
923 1373 974 1399 ex
1005 1359 1175 1400 diabolo.
1250 1361 1309 1401 Ita
1341 1375 1427 1402 cum
1452 1360 1501 1401 de

163 1421 290 1459 anima
314 1426 354 1457 et
378 1418 514 1469 spiritu
540 1417 685 1467 agitur,
724 1418 808 1468 ipsa
833 1419 908 1456 erit
932 1419 1058 1457 anima
1084 1419 1260 1471 spiritus,
1294 1419 1394 1460 sicut
1418 1420 1503 1472 ipsa

165 1477 248 1515 dies
273 1477 351 1514 lux.
414 1473 539 1525 Ipsum
566 1480 626 1511 est
650 1474 751 1511 enim
778 1473 880 1525 quid,
907 1487 978 1526 per
1003 1475 1105 1526 quod
1131 1483 1191 1515 est
1216 1475 1319 1529 quid.

283 1537 349 1574 11.
412 1529 491 1570 Sed
515 1537 558 1568 ut
582 1531 743 1568 animam
771 1532 943 1582 spiritum
971 1530 1109 1579 dicam,
1142 1535 1360 1584 praesentis
1386 1547 1504 1587 quae-

165 1591 301 1630 stionis
333 1589 433 1627 ratio
467 1587 682 1639 compellit,
715 1589 802 1640 quia
828 1589 975 1639 spirare
1001 1589 1068 1627 alii
1092 1590 1329 1630 substantiae
1354 1590 1503 1630 adscri-

165 1649 282 1688 bitur.
353 1646 437 1684 Hoc
469 1643 554 1683 dum
587 1645 736 1684 animae
767 1644 1023 1693 vindicamus,
1062 1659 1174 1698 quam
1204 1648 1432 1689 uniformem
1464 1655 1506 1688 et

166 1705 377 1757 simplicem
397 1703 653 1754 agnoscimus,
681 1702 852 1754 spiritum
877 1715 1039 1742 necesse
1065 1711 1126 1742 est
1151 1711 1259 1744 certa
1279 1704 1504 1747 conditione

167 1762 356 1809 dicamus,
389 1774 466 1799 non
490 1767 612 1798 status
637 1761 810 1811 nomine,
843 1759 913 1799 sed
937 1767 1060 1808 actus,
1093 1775 1166 1800 nec
1193 1762 1430 1803 substantiae
1455 1763 1506 1803 ti·

166 1821 261 1868 tulo,
287 1818 357 1859 sed
384 1831 541 1871 operae,
569 1819 657 1870 quia
683 1819 816 1869 spirat,
849 1831 925 1857 non
951 1819 1040 1870 quia
1065 1820 1220 1871 spiritus
1246 1821 1404 1873 proprie
1431 1828 1505 1868 est,

167 1892 252 1917 nam
279 1885 319 1931 et
343 1878 437 1916 flare
470 1877 618 1927 spirare
652 1882 723 1914 est.
797 1875 855 1914 Ita
880 1883 920 1915 et
944 1877 1126 1925 animam,
1159 1890 1270 1930 quam
1301 1879 1432 1918 flatum
1455 1891 1508 1919 ex

168 1937 407 1988 proprietate
434 1932 694 1981 defendimus,
733 1934 906 1985 spiritum
943 1948 1043 1973 nunc
1075 1947 1126 1974 ex
1156 1937 1389 1977 necessitate
1413 1949 1508 1989 pro-

168 1995 397 2032 nuntiamus.
470 1991 651 2030 Ceterum
689 1989 874 2030 adversus
902 1991 1204 2044 Hermogenem,
1244 1994 1308 2045 qui
1339 2007 1424 2033 eam
1455 2006 1507 2033 ex

170 2052 349 2097 materia,
375 2062 452 2088 non
478 2061 527 2087 ex
552 2047 615 2087 dei
640 2049 733 2088 ssatu
759 2048 971 2097 contendit,
1003 2050 1132 2090 flatum
1157 2052 1314 2102 proprie
1339 2057 1503 2090 tuemur.

170 2108 240 2147 Ille
261 2109 361 2147 enim
382 2106 597 2145 adversus
586 2107 704 2158 1psius
729 2107 993 2159 scripturae}
971 2107 993 2146 f
1000 2097 1109 2147 dem
1111 2109 1239 2147 flatum
1264 2109 1304 2147 in
1329 2109 1505 2161 spiritum

169 2167 304 2212 vertit,
335 2172 396 2211 ut,
428 2163 517 2202 dum
546 2163 776 2203 incredibile
809 2172 869 2203 est
899 2166 1072 2217 spiritum
1103 2164 1168 2204 dei
1193 2167 1232 2213 in
1257 2165 1440 2209 delictum
1465 2172 1508 2204 et

172 2236 261 2261 mox
281 2224 317 2261 in
337 2221 519 2261 iudicium
539 2219 736 2267 devenire,
763 2235 814 2261 ex
837 2224 999 2262 materia
1022 2224 1152 2275 potius
1177 2224 1302 2263 anima
1323 2222 1507 2264 credatur

174 2293 282 2330 quam
309 2293 359 2319 cx
383 2278 446 2318 dei
471 2279 618 2331 spiritu.
691 2279 845 2319 Idcirco
877 2294 947 2319 nos
979 2287 1019 2319 et
1049 2281 1128 2320 illic
1161 2282 1290 2321 flatum
1321 2294 1405 2321 eam
1436 2279 1505 2320 de-

174 2336 381 2384 fendimus,
414 2350 490 2375 non
516 2337 707 2388 spiritum,
740 2337 949 2377 secundum
975 2339 1203 2390 scripturam
1230 2346 1270 2382 et
1293 2336 1505 2379 secundum

272 2483 308 2523 1)
335 2486 386 2515 lta
405 2486 480 2518 cod.
499 2486 636 2517 Wouw.
657 2487 690 2516 et
705 2486 796 2527 Rig.;
822 2488 947 2519 ceteri:
975 2498 1152 2527 separas
1177 2488 1399 2528 spiritum,
1424 2495 1501 2517 na-

177 2530 310 2560 turam
337 2540 490 2570 separa
514 2534 580 2563 etc.
683 2530 719 2570 2)
747 2534 798 2563 tta
823 2533 875 2565 ed.
896 2535 988 2574 Rig.;
1015 2535 1050 2564 in
1074 2535 1199 2567 ceteris
1227 2534 1301 2566 edd.
1327 2543 1378 2565 vv.
1398 2541 1503 2571 quae

179 2574 309 2606 dividi
335 2579 661 2615 possent—non
688 2580 813 2609 erunt
838 2579 1086 2612 desiderantur.
