1566 2808
129 187 229 222 126
370 187 495 219 ADV.
530 188 891 218 MARCIONEM
929 189 1105 219 LIBER
1134 191 1190 221 111.

131 282 248 319 tiatur
284 287 489 335 expuncta.
550 279 734 318 Maneant
769 281 895 318 autem
940 281 1149 320 orientales
1187 281 1243 319 illi
1280 281 1382 332 magi
1419 282 1456 320 in

131 338 293 376 infantia
326 337 518 375 Christum
550 344 748 375 recentem
780 351 874 375 auro
908 345 948 376 et
978 339 1089 377 thure
1123 344 1385 384 munerantes,
1419 345 1460 378 et

132 395 353 446 acceperit
370 395 495 432 infans
522 395 699 432 vi1tutem
713 386 904 434 Damasci
942 396 1025 434 sine
1061 396 1213 462 proelio
1252 402 1292 434 et
1328 396 1458 434 armis.

132 451 230 490 Nam
257 458 415 503 praeter
429 450 530 503 quod
557 452 730 490 omnibus
756 459 886 490 notum
913 460 984 500 est,
1012 453 1172 492 orientis
1197 453 1392 499 virtutem,
1419 451 1459 490 id

133 516 192 548 est
217 510 288 547 vim
323 516 362 554 et
392 509 513 555 vires,
547 521 640 547 auro
668 516 708 547 et
740 509 922 548 odoribus
955 511 1102 562 pollere
1134 511 1306 554 solitam,
1348 516 1458 548 certe

134 573 193 605 est
215 567 384 604 creatori
404 567 583 604 virtutem
606 574 821 605 ceterarum
843 580 993 619 quoque
1015 568 1184 618 gentium
1205 581 1347 607 aurum.
1365 581 1460 606 con-

133 625 312 670 stituere,
353 624 453 662 sicut
477 637 548 675 per
571 624 818 662 Zachariam:
859 632 898 663 et
923 624 1037 663 Iudas
1063 624 1270 676 pertendet
1288 626 1325 672 1)
1358 623 1460 675 apud

134 681 374 719 Hierusalem
401 689 441 719 et
461 682 718 732 congregabit
743 695 891 720 omnem
911 683 1117 721 valentiam
1139 683 1365 734 populorum
1390 694 1462 733 per

135 739 356 784 circuitum,
390 752 522 776 aurum
549 746 589 776 et
613 742 881 790 argentun12).
931 739 988 778 De
1015 740 1081 778 illo
1108 747 1234 778 autem
1261 746 1350 777 tune
1377 739 1461 778 auri

134 808 292 833 munere
326 796 441 833 etiam
472 795 614 834 David:
656 803 695 834 et
727 795 880 834 dabitur
910 797 965 834 illi
991 809 1041 835 ex
1071 810 1166 845 auro
1197 795 1388 842 Ambiac,
1422 803 1462 834 et

135 865 284 892 rursus:
311 865 426 904 reges
440 851 609 890 Arabum
636 860 675 891 et
697 852 799 891 Saba
825 866 983 892 munera
1009 841 1178 892 offerent
1201 854 1323 900 illi-³).
1362 852 1461 891 Nam

136 917 177 948 et
207 923 340 961 magos
372 923 487 961 reges
520 910 650 948 habuit
681 911 764 948 fere
793 910 948 955 Oiiens,
987 918 1026 949 et
1051 910 1260 949 Damascus
1290 908 1461 948 Arabiae

137 974 243 1006 retro
271 966 545 1019 deputabatur,
573 975 775 1019 antequam
803 969 1035 1019 transcripta
1061 974 1147 1006 erat
1171 969 1208 1006 in
1236 966 1462 1019 Syrophoe-

136 1025 250 1063 nicen
282 1038 332 1063 ex
364 1024 611 1062 distinctione
640 1024 858 1091 Syrialum,
894 1026 1000 1067 cuius
1026 1032 1116 1063 tunc
1142 1026 1323 1063 virtutem
1350 1024 1464 1062 Chri·-

137 1088 216 1119 stus
253 1082 425 1133 accepit,
465 1081 694 1144 accipiendo
733 1083 898 1133 insignia
937 1083 1036 1129 eius,
1076 1096 1208 1121 aurum
1246 1082 1399 1120 scilicet
1424 1088 1464 1120 et

139 1137 300 1185 odores,
339 1138 463 1189 spolia
495 1145 620 1176 autem
649 1139 867 1186 Samariae,
906 1141 1010 1191 ipsos
1036 1153 1181 1191 magos,
1216 1140 1279 1191 qui
1305 1152 1390 1177 cum
1415 1139 1462 1176 il-

139 1195 213 1233 lum
241 1196 516 1246 cognovissent
547 1203 586 1233 et
611 1197 829 1234 munenibus
856 1196 1113 1235 honorassent
1143 1204 1182 1235 et
1209 1209 1308 1247 genu
1334 1196 1462 1247 posito

139 1251 367 1291 adorassent
398 1253 505 1304 quasi
532 1252 642 1291 deum
675 1261 715 1292 et
746 1267 879 1305 regem
910 1254 978 1292 sub
1012 1254 1232 1292 testimonio
1261 1252 1398 1292 indicis
1424 1258 1465 1292 et

140 1309 246 1348 ducis
268 1311 421 1357 stellae,
449 1311 572 1362 spolia
597 1318 684 1350 sunt
708 1312 802 1350 sacti
824 1310 1034 1358 Samariae,
1062 1311 1100 1350 id
1121 1319 1180 1350 est
1205 1309 1463 1361 idololatriae,

141 1366 346 1406 credentes
377 1367 562 1406 videlicet
592 1370 630 1406 in
658 1369 860 1407 Christum.
913 1368 1177 1408 Idololatriam
1204 1369 1303 1407 enim
1331 1366 1465 1406 Sama-

140 1426 221 1462 riae
248 1426 400 1462 nomine
428 1426 594 1471 notavit,
628 1433 670 1464 ut
701 1427 982 1478 ignominiosae
1010 1427 1059 1464 ob
1085 1426 1363 1472 idololatriam,
1391 1438 1466 1476 qua

142 1480 360 1520 desciverat
388 1488 474 1520 tunc
501 1495 522 1520 a
549 1481 622 1520 deo
650 1483 717 1520 sub
745 1496 839 1533 lege
856 1483 1103 1521 Hieroboam.
1149 1482 1236 1521 Nec
1263 1483 1337 1520 hoc
1364 1483 1464 1520 enim

141 1552 277 1577 novum
316 1546 375 1577 est
413 1541 601 1586 creatori,
642 1540 804 1591 figurate
837 1541 892 1578 uti
918 1541 1170 1578 translatione
1197 1541 1390 1578 nominum
1417 1552 1467 1582 ex

143 1597 431 1663 comparatione
454 1597 664 1635 criminum.
714 1597 812 1636 Nam
839 1605 879 1635 et
903 1590 1090 1651 ἁρχοντας
1117 1596 1372 1635 Sodomorum
1398 1609 1466 1649 ap-

141 1646 306 1705 pellat''
285 1668 472 1707 αρχοντας
498 1653 740 1702 Iudaeorum,
768 1662 807 1693 et
832 1656 1012 1707 populum
1039 1656 1159 1706 ipsum
1185 1655 1364 1707 populum
1388 1653 1466 1692 Go-

143 1724 294 1751 morrae
319 1718 436 1750 vocat
449 1713 499 1760 4).
551 1711 601 1749 Et
626 1712 726 1750 idem
754 1713 864 1750 alibi:
895 1719 1021 1764 pater,
1049 1713 1188 1764 iuquit,
1216 1719 1302 1750 tuus
1325 1711 1465 1750 Amor-

142 1781 256 1806 laeus
282 1776 322 1807 et
340 1776 470 1807 mater
502 1776 566 1807 tua
593 1769 836 1818 Chetaea5),
871 1770 918 1807 ob
947 1770 1184 1808 consimilem
1209 1769 1464 1821 impietatem3

145 1839 238 1877 quos
265 1825 471 1877 aliquando
499 1827 613 1864 etiam
639 1840 728 1865 suos
755 1827 854 1866 lilios
881 1826 1051 1865 dixerat:
1091 1827 1190 1865 filios
1216 1827 1402 1879 generavi
1427 1832 1468 1865 et

144 1883 375 1930 exaltaviss).
428 1882 493 1922 Sic
520 1891 559 1922 et
582 1884 786 1936 Aegyptus
813 1898 1079 1939 nonnunquam
1105 1891 1208 1923 totus
1229 1884 1333 1923 orbis
1354 1884 1468 1922 intel-

144 1940 276 1990 ligitur
320 1940 420 1992 apud
458 1942 561 1979 illum
605 1943 889 1994 superstitionis
928 1950 967 1980 et
1003 1941 1285 1981 maledictionis
1321 1941 1466 1992 elogio.

147 1995 213 2035 Sic
251 2005 291 2035 et
327 1997 503 2050 Babylon
541 2001 656 2037 etiam
694 1999 795 2052 apud
827 1999 1022 2038 ‘Ioannem
1059 2006 1231 2038 nostrum
1269 1998 1468 2038 Romanae

145 2054 250 2092 urbis
289 2055 411 2105 figura
449 2063 525 2102 est,
564 2057 727 2107 proinde
766 2071 927 2108 magnae
966 2063 1005 2096 et
1042 2070 1165 2108 regno
1189 2056 1391 2108 'superbae
1414 2058 1470 2093 'et

146 2119 365 2150 sanctorum
387 2112 449 2150 dei
471 2112 748 2153 debellatricis.
800 2115 884 2153 Hoc
910 2116 1038 2167 itaque
1065 2128 1133 2152 usu
1159 2126 1291 2164 magos
1318 2124 1468 2164 qnoque

148 2168 423 2207 Samaritarum
450 2171 709 2221 appellatione
738 2173 905 2210 titulavit
930 2171 1178 2222 despoliatos,
1207 2169 1306 2223 qnod
1324 2170 1470 2208 habue-

147 2234 355 2274 rant-cum
394 2225 607 2274 Samaritis,
646 2235 687 2266 ut
724 2228 905 2275 diximus,
945 2228 1217 2267 idololatriam.
1274 2227 1470 2267 Adversus

146 2297 280 2336 regem
311 2291 438 2323 autem
464 2284 711 2337 Assyriorum
743 2285 927 2335 adversus
959 2285 1153 2324 Herodem
1186 2286 1380 2337 intellige,
1409 2285 1471 2324 eui

146 2342 278 2393 utique
305 2340 500 2380 adversati
525 2350 612 2381 sunt
637 2344 737 2394 magi
754 2350 842 2382 tunc
869 2357 944 2382 non
960 2341 1215 2402 renuntiando
1237 2342 1285 2382 de
1301 2343 1468 2388 Christo,

148 2410 259 2449 quem
285 2399 522 2451 intercipere
550 2401 774 2452 quaerebat

239 2535 273 2573 ’1)
298 2538 404 2570 Rhen.
431 2539 483 2571 ed.
506 2541 528 2569 Ι.
557 2540 828 2578 praetendet.
946 2539 983 2580 2)
1013 2542 1117 2578 Zach.
1139 2542 1196 2582 14,
1218 2540 1272 2571 14.
1299 2539 1343 2570 cf.
1363 2521 1471 2572 Lxx.

150 2583 184 2622 3)
211 2584 402 2624 Ps.72‚10.
497 2584 536 2628 4)
562 2587 624 2616 ies.
641 2587 671 2625 1,
693 2588 741 2616 10.
845 2584 879 2626 5)
906 2586 1149 2627 Ezech.16‚,3.
1251 2584 1288 2627 6)
1316 2586 1471 2624 lemna.
