1566 2808
157 189 279 227 1⁰2.‚
418 190 542 223 ADV.
579 189 940 221 MARCIONEM
975 189 1151 220 LIBER
1188 190 1228 221 11.

159 283 312 322 scilicet
342 282 619 332 poenitentiam
653 282 935 320 confessionem
967 293 1103 333 sapere
1136 281 1224 319 mali
1256 280 1385 332 operis
1416 279 1485 318 ali-

160 341 266 378 cuius
291 339 352 376 vel
379 339 537 377 erroris.
598 338 721 376 Porro
749 352 825 376 non
851 351 1014 390 semper.
1064 338 1203 376 Evenit
1228 337 1329 375 enim
1344 336 1391 374 ‘in
1415 335 1509 374 bow

159 398 217 435 nis
242 396 355 434 factis
380 396 643 447 poenitentiae
671 396 865 434 confessio
886 395 934 434 ad
954 394 1132 435 invidiam
1155 402 1194 434 et
1219 393 1487 446 exprobratio-

159 466 246 492 nem
285 454 384 499 eius,
425 454 488 504 qui
525 453 707 491 beneficii
744 450 917 504 ing‘ratus
954 453 1164 499 exstiterit,
1203 453 1303 491 sicut
1334 457 1374 490 et
1398 457 1487 491 tunc

161 512 267 550 circa
296 523 500 562 personam
528 508 654 549 Saulis
685 510 948 549 honorandam
974 506 1221 549 adnuntiatur
1245 523 1267 547 a
1294 515 1487 554 creatore,

160 570 223 620 qui
248 582 323 606 uon
351 567 579 619 deliquerat,
608 581 691 606 cum
720 566 874 606 Saulem
900 567 1064 606 adsumit
1089 568 1127 605 in
1152 579 1311 618 regnum
1338 573 1378 604 et
1402 578 1489 604 san-

161 633 223 664 cto
262 626 397 677 spiritu
435 632 570 675 auget,
610 627 791 677 Optimum
829 626 928 664 enim
972 625 1117 671 adhuc,
1159 624 1315 676 (qualis,
1353 622 1488 674 inquit,

160 697 236 721 non
265 690 349 721 erat
379 684 416 720 in
444 683 531 720 filiis
563 683 749 733 Israelis,)
789 682 1010 733 dignissime
1042 682 1243 733 allegerat.
1307 678 1490 718 Sed-nec

160 742 408 791 ignoraverat
444 741 497 777 ita
529 747 764 778 eventurum.
825 740 950 778 Nemo
983 741 1083 778 enim
1114 746 1154 778 te
1187 737 1391 777 sustinebit
1420 737 1489 775 im-

160 797 441 850 piovidentiam
480 796 765 836 adscribentem
804 796 877 835 deo
917 798 972 843 ei,
1012 809 1121 848 quem
1161 795 1272 835 deum
1309 807 1385 833 uon
1422 806 1491 832 ne-

162 868 256 906 gans
295 854 491 892 confiteris
529 861 568 892 et
599 854 810 906 providum.
874 854 984 893 Haec
1007 855 1106 892 enim
1132 854 1186 892 illi
1212 853 1370 905 propria
1395 849 1491 897 divi-

161 914 261 951 nitas
288 919 451 950 constat.
515 910 593 950 Sed
619 912 755 950 malum
789 913 931 950 factum
965 910 1109 958 Saulis,
1147 917 1190 949 ut
1214 909 1312 956 dixi,
1352 921 1491 947 onera-

161 970 229 1008 bat
264 970 526 1021 poenitentiae
564 982 656 1008 suae
682 970 943 1021 professione,
983 983 1111 1021 quam,
1149 973 1313 1007 vacante
1346 965 1490 1005 delicto

163 1021 269 1066 circa
296 1024 712 1074 Saulis'allectionem,
753 1040 992 1079 consequens
1025 1033 1084 1065 est
1114 1024 1340 1065 invidiosam
1365 1024 1492 1076 potius

162 1085 345 1134 intelligi,
384 1098 460 1121 non
487 1085 745 1123 criminosam.
810 1084 935 1132 Ecce,
962 1085 1105 1136 inquiS,
1133 1083 1374 1122 criminosam
1407 1093 1491 1119 eam

163 1139 425 1179 animadverto
465 1142 570 1179 cirea
608 1141 817 1188 Ninivitas,
857 1140 1010 1180 dicente
1049 1142 1237 1192 scriptura
1276 1138 1494 1178 Ionae2=et

163 1198 354 1250 poenituit
386 1197 578 1236 dominum
611 1197 659 1236 de
691 1199 855 1245 malitia,
896 1211 1004 1250 quam
1032 1197 1202 1244 dixerat,
1235 1198 1423 1236 facturum
1449 1207 1491 1234 se

163 1256 258 1302 illis,
285 1268 357 1293 nec
383 1256 542 1303 fecit1).
601 1254 710 1294 Sicut
735 1263 774 1294 et
799 1257 880 1308 ipse
907 1255 1020 1294 Ionas
1048 1254 1251 1294 ad-deum:
1283 1260 1494 1307 propterea

163 1313 347 1364 praeveni
362 1313 572 1363 profugere
593 1314 630 1351 in
644 1313 826 1361 Tharsos,
854 1314 942 1365 quia
962 1326 1220 1364 cognoveram
1246 1319 1285 1350 te
1312 1323 1397 1350 esse
1423 1311 1494 1349 mi-

164 1367 400 1407 sericordem
428 1376 468 1407 et
492 1370 824 1416 miserescentem,
851 1372 1060 1422 patientem
1088 1378 1128 1408 et
1152 1370 1351 1421 plurimum
1378 1369 1493 1407 mise-

164 1425 379 1472 ricordiae,
418 1427 682 1477 poenitentem
714 1428 1000 1476 malitiarum2).
1074 1426 1181 1465 Bene
1214 1427 1352 1477 igitur,
1392 1424 1492 1478 quod

163 1484 362 1535 praemisit
389 1483 519 1534 optimi
540 1482 602 1521 dci
623 1484 783 1530 titulum,
812 1484 1076 1535 patientissimi
1097 1484 1250 1522 scilicet
1273 1496 1390 1535 super
1415 1495 1494 1521 ma-

165 1541 222 1579 los
260 1547 300 1579 et
335 1539 649 1578 abundantissimi
681 1541 972 1579 mise1icordiae
1011 1548 1051 1579 et
1087 1541 1345 1579 miserationis
1378 1552 1495 1592 super

167 1603 426 1651 agnoscentes
453 1605 492 1636 et
523 1597 801 1650 deplangentes
828 1598 970 1637 delicta
996 1611 1082 1645 sua,
1111 1598 1241 1650 quales
1261 1589 1356 1636 tunc
1382 1596 1494 1636 Nini-

164 1657 280 1694 vitae.
343 1654 385 1693 Si
423 1656 522 1694 enim
562 1657 742 1707 optimus,
782 1657 845 1708 qui
881 1657 986 1703 talis,
1025 1655 1073 1695 de
1099 1658 1172 1694 isto
1199 1656 1303 1708 prius
1330 1655 1493 1697 cessisse

166 1711 338 1758 debebis,
366 1726 441 1750 non
464 1717 690 1764 ‘competere
717 1715 753 1751 in
780 1714 908 1760 talem,
935 1713 974 1752 id
1007 1720 1067 1752 est
1091 1714 1130 1751 in
1156 1714 1350 1764 optimum,
1377 1712 1494 1750 etiam

163 1770 333 1809 malitiae
367 1783 608 1808 concursum.
673 1771 724 1809 Et
755 1772 842 1822 quia
872 1770 1051 1809 Marcion
1083 1769 1276 1817 defendit,
1315 1768 1493 1808 arborem

165 1827 303 1865 bonam
342 1827 477 1865 malos·
501 1841 650 1879 quoque
687 1829 836 1867 fructus
873 1842 948 1867 non
986 1828 1107 1867 licere
1150 1824 1496 1880 producere,'sed

165 1885 346 1922 malitiam
373 1892 499 1923 tamen
532 1886 759 1933 nominavit,
800 1885 901 1938 quod
935 1887 1098 1938 optimus
1124 1899 1200 1923 non
1227 1886 1349 1937 capit:
1387 1897 1494 1922 num-

167 1940 256 1992 quid
294 1941 421 1992 aliqua
457 1943 728 1994 interpretati)
772 1944 903 1982 subest
946 1945 1060 1982 etiam
1099 1956 1228 1981 earum
1265 1942 1493 1981 malitiarum

165 1998 522 2049 intelligendarum,
556 2013 651 2051 quae
679 2002 826 2052 possint
851 2008 891 2040 et
919 2002 957 2039 in
991 2002 1180 2053 optimum,
1197 1999 1494 2039 decucurrisse?
1523 1993 1528 2003 ’

168 2054 310 2094 Subest
334 2063 473 2094 autem.
535 2056 706 2096 Dicimus
731 2058 909 2110 denique,
936 2059 1118 2097 malitiam
1143 2070 1243 2096 nunc
1269 2055 1492 2107 significari,

166 2126 243 2151 non
269 2126 366 2165 quae
399 2112 448 2151 ad
481 2121 654 2153 naturam
686 2115 888 2166 redigatur
919 2116 1128 2162 creatoris,
1157 2114 1264 2166 quasi
1288 2114 1398 2160 mali,
1425 2110 1494 2151 sed

168 2183 264 2222 quae
285 2170 333 2209 ad
358 2173 602 2223 potestatem,
631 2174 735 2223 quasi
762 2172 919 2221 iudicis3
949 2171 1157 2211 secundum
1183 2184 1293 2224 quam
1319 2171 1494 2209 enuntia-

166 2228 235 2266 rit:
263 2241 339 2279 ego
365 2241 458 2275 sum,
494 2230 556 2280 qui
583 2229 708 2268 condo
734 2231 851 2276 mala,
892 2237 950 2268 et:
978 2243 1073 2269 ecce
1100 2243 1174 2280 ego
1201 2229 1335 2268 emitto
1361 2229 1400 2267 in
1423 2241 1494 2267 vos

166 2286 266 2323 mala
279 2286 332 2334 3),
360 2299 436 2324 non
461 2288 706 2337 peccatoria,
734 2287 801 2325 sed
828 2287 988 2334 ultoria,
1016 2300 1174 2339 quorum
1199 2286 1292 2325 satis
1318 2285 1494 2324 diluimus

165 2343 357 2381 infamiam
384 2350 425 2380 ut
451 2345 742 2395 congruentium
768 2343 901 2383 iudici.
969 2344 1079 2383 Sicut
1103 2351 1249 2392 autem,
1277 2343 1369 2382 licet
1393 2341 1493 2380 mala

167 2399 360 2447 dicantur,
401 2410 476 2438 non
507 2401 842 2453 reprehenduntur
872 2403 910 2440 in
942 2401 1106 2450 iudices
1129 2415 1201 2440 nec
1232 2401 1306 2440 hoc
1337 2400 1490 2444 nomine

167 2467 234 2494 suo
262 2458 398 2496 malum
424 2457 588 2498 iudicem
622 2459 846 2509 ostendunt,
884 2461 937 2499 ita
969 2467 1009 2499 et
1038 2460 1179 2498 malitia
1212 2458 1309 2497 haee
1335 2457 1410 2496 erit
1433 2457 1492 2495 in-

260 2585 296 2625 1)
322 2587 394 2617 lon.
412 2588 512 2627 3,10.
562 2585 680 2630 2)10n.
695 2589 728 2627 4,
744 2589 775 2620 2.
844 2586 882 2630 3)
908 2588 1085 2629 1es.45‚7.
1112 2583 1315 2628 len·.1s,11.
