1604 2800
627 163 710 196 ΒΕ
743 163 944 197 ΑΝιΜΑ.
1356 167 1457 206 181

126 261 190 294 tos
213 256 406 302 exsecuit,
437 261 480 294 nt
503 261 675 296 naturam
701 264 958 304 scrutaretur,
992 257 1054 310 qui
1080 257 1271 298 hominem
1297 258 1391 309 odit,
1415 269 1459 301 ut

124 319 271 360 nosset,
297 314 430 352 nescio
455 326 504 352 au
529 316 656 353 omnia
680 315 832 354 interna
857 316 940 354 eius
965 313 1108 368 liquido
1123 316 1348 368 explorarit,
1374 320 1458 371 ipsa

124 377 250 410 morte
274 378 462 418 mutante,
495 385 593 424 quae
622 374 818 420 vixerant,
852 380 893 411 et
917 380 1040 412 morte
1066 386 1142 411 non
1173 375 1356 426 simplici,
1387 376 1458 416 sed

124 429 207 480 ipsa
239 429 343 468 iuter
371 429 539 468 artificia
568 431 803 469 exsectionis
834 431 1051 477 errante.¹)
1123 430 1349 485 Philosophi
1384 447 1457 486 pro

125 493 236 525 certo
266 488 583 526 renuntiaverunt
615 488 802 527 culicibus
834 496 872 526 et
904 489 1077 535 formicis
1109 495 1150 527 et
1180 489 1294 528 tineis
1319 490 1457 531 deesse

121 543 322 595 pulmones
353 551 394 584 et
424 546 602 584 arterias.
676 545 749 585 Dic
786 546 896 593 mihi,
940 547 1140 598 inspector
1182 549 1455 599 curiosissime,

123 600 258 640 oculos
283 601 427 641 hahent
451 601 500 640 ad
523 602 753 642 videndum?
781 604 925 655 Atquin
946 610 986 643 et
1005 611 1182 656 pergunt,
1210 618 1284 657 quo
1308 607 1455 654 volunt,

122 665 164 696 et
185 658 308 698 vitant
331 667 372 698 et
396 667 593 712 appetunt,
620 674 717 712 quae
740 660 908 699 videndo
935 662 1072 700 sciunt.
1111 661 1282 713 Designa
1307 664 1455 711 oculos,

122 714 267 755 denota
289 717 465 768 pupillas.
528 715 608 755 Sed
633 725 672 755 et
698 717 868 756 exedunt
893 719 1035 756 tineae.
1094 718 1326 758 Demonstra
1350 734 1458 759 man-

122 772 284 820 dibulas,
298 775 338 822 ²)
375 773 561 826 deprome
598 775 799 824 genuinos.
873 773 952 812 Sed
984 782 1024 812 et
1054 782 1265 825 personant
1296 777 1454 823 culices,

120 842 170 868 ne
191 831 234 868 in
259 830 430 869 tenebris
456 829 608 882 quidem
633 833 780 868 aurium
806 832 929 869 caeci.
967 830 1111 869 Tubam
1137 833 1286 883 pariter
1310 840 1351 871 et
1374 833 1457 871 lan-

121 887 282 936 ceam3)
321 889 402 926 oris
438 888 539 926 illius
577 886 752 926 ostende.
833 886 1003 935 Quaevis
1039 888 1180 927 animal
1214 890 1326 928 unius
1363 890 1458 929 licet

119 945 254 996 puncti
278 944 411 998 ⁴aliquo
443 945 570 984 alatur
599 958 761 984 necesse
794 952 868 983 est.
944 944 1140 984 Exhibeas
1170 947 1299 998 pabuli
1331 954 1456 986 trans-

120 1001 315 1049 mittendi,
346 1002 591 1055 decoquendi
623 1001 931 1052 defaecandique
970 1002 1152 1040 membra.
1227 1003 1327 1050 Quid
1357 1017 1454 1055 ergo

120 1058 318 1098 dicemus?
382 1058 424 1098 Si
450 1073 520 1111 per
543 1059 642 1097 haec
665 1060 823 1103 vivitur,
857 1058 1090 1096 erunthaec
1116 1059 1155 1096 in
1181 1060 1355 1097 omnibns
1379 1062 1454 1097 uti·-

121 1129 209 1167 que‚
242 1129 343 1168 quae
364 1117 506 1162 vivent,
539 1117 613 1154 etsi
640 1129 716 1153 non
740 1115 932 1160 videntur,
959 1115 1032 1152 etsi
1057 1128 1133 1152 non
1159 1115 1455 1166 apprehendun-

121 1180 185 1211 tur
207 1186 279 1224 pro
303 1172 587 1212 mediocritate.
628 1172 711 1210 Hoc
738 1172 857 1222 magis
883 1170 1034 1217 credaS‚
1060 1172 1093 1209 si
1118 1170 1230 1210 deum
1256 1174 1453 1224 recogites

122 1237 268 1268 tantum
304 1230 492 1269 artificem
523 1231 563 1267 in
593 1228 774 1275 modicis,
812 1235 991 1280 quantum
1023 1235 1063 1266 et
1092 1229 1132 1266 in
1163 1230 1348 1268 maximis.
1410 1228 1454 1268 Si

119 1300 216 1326 vero
242 1301 319 1326 non
342 1295 453 1340 putas
479 1299 620 1339 capere
646 1293 722 1325 tam
748 1287 892 1324 minuta
912 1286 1142 1337 corpuscula
1161 1285 1224 1324 dei
1242 1287 1452 1338 ingenium,

120 1346 178 1384 sie
203 1358 354 1398 quoque
380 1345 704 1397 magnificentiam
730 1345 813 1382 eius
838 1356 1041 1394 agnoscas,
1068 1342 1170 1394 quod
1189 1343 1351 1382 modicis
1370 1345 1454 1382 ani-

120 1403 282 1442 malibus
294 1405 377 1443 siue
397 1403 629 1443 necessariis
647 1401 826 1440 membris
846 1401 1091 1438 nihilominus
1109 1401 1240 1439 vivere
1261 1402 1453 1440 instruxe-

118 1461 189 1507 rit,
221 1461 327 1499 salvo
360 1462 475 1499 etiam
506 1461 589 1498 visu
621 1460 703 1497 sine
736 1458 859 1496 oculis
890 1465 931 1496 et
962 1470 1030 1496 esu
1061 1458 1143 1495 sine
1176 1457 1383 1496 denticulis
1413 1465 1454 1497 et

119 1516 380 1570 digestu'sine
406 1518 538 1563 alveis,
565 1514 882 1568 quemadmodum
897 1521 936 1554 et
949 1513 1134 1554 incedunt
1158 1514 1344 1566 quaedam
1370 1515 1452 1555 sine

117 1574 281 1628 pedihus
299 1582 479 1614 manante
499 1575 657 1626 impetu,
684 1573 787 1626 quod
806 1586 966 1623 angues,
993 1580 1034 1611 et
1052 1573 1275 1622 insurgente
1296 1580 1451 1620 conatu,

119 1631 222 1685 quod
251 1632 422 1679 vermes,
454 1639 495 1671 et
526 1638 725 1683 spumante
757 1637 929 1680 reptatu,
969 1628 1071 1680 quod
1097 1629 1267 1667 limaces.
1329 1629 1388 1667 Ita
1412 1637 1453 1668 et

118 1691 258 1742 spirari
284 1703 354 1729 cur
378 1703 455 1727 non
480 1695 591 1740 putes
616 1688 699 1725 sine
723 1686 942 1738 pulmonum
962 1685 1118 1723 follibus
1142 1692 1184 1723 et
1207 1686 1290 1723 sine
1317 1686 1452 1724 fistulis

117 1747 366 1792 arteriarum,
400 1753 440 1783 ut
470 1759 540 1796 pro
571 1756 710 1794 magno
742 1742 988 1793 amplectaris
1018 1749 1262 1792 argumento,
1301 1741 1450 1781 idcirco

118 1804 269 1842 animae
294 1804 481 1842 humanae
508 1802 681 1852 spiritum
706 1798 920 1845 accedere,
953 1799 1042 1850 quia
1065 1801 1159 1844 sint,
1193 1811 1288 1850 quae
1314 1799 1451 1850 spiritu

119 1867 297 1907 careant,
330 1867 370 1899 et
399 1859 549 1898 idcirco
574 1871 622 1896 ea
647 1857 783 1909 spiritu
814 1868 972 1903 carere,
1005 1856 1094 1907 quia
1124 1856 1362 1909 flaturalibus
1387 1869 1451 1895 ar-

117 1918 231 1957 tubus
260 1924 407 1956 structa
438 1930 514 1956 non
545 1916 646 1954 sint?
702 1913 846 1952 Vivere
878 1915 960 1952 siue
991 1914 1126 1965 spiritu
1158 1914 1355 1952 existimas
1379 1914 1451 1952 ali-

118 1974 223 2028 quid,
248 1977 398 2028 spirare
423 1976 506 2014 sine
531 1971 771 2025 pulmonibus
796 1985 871 2010 uon
897 1973 1033 2022 putas?
1075 1969 1174 2018 Quid
1200 1978 1271 2017 est,
1299 1985 1369 2009 oro
1396 1978 1447 2017 te,

117 2034 292 2085 spirare?
315 2034 457 2079 flatum,
485 2032 637 2088 opinor,
662 2042 714 2068 ex
737 2036 859 2068 semet
882 2029 967 2080 ipso
991 2041 1125 2080 agere.
1170 2027 1267 2076 Quid
1294 2035 1353 2067 est
1371 2041 1449 2066 non

116 2090 275 2130 vivere?
298 2091 440 2137 flatum,
468 2090 618 2141 opinor,
645 2100 695 2126 ex
718 2094 842 2126 semet
859 2087 943 2139 ipso
967 2099 1044 2124 non
1070 2098 1202 2137 agere.
1242 2085 1326 2124 Hoc
1347 2086 1448 2124 enim

111 2147 357 2199 'respondere
388 2147 560 2194 debebo,
592 2146 625 2184 si
656 2157 734 2182 non
758 2143 860 2182 idem
885 2150 946 2183 est
968 2145 1137 2195 spirare,
1170 2142 1271 2194 quod
1302 2143 1447 2180 vivere.

119 2203 200 2244 Sed
223 2206 363 2244 mortui
394 2207 471 2244 erit
502 2217 578 2243 non
609 2214 729 2254 agere
754 2202 902 2249 flatum3
936 2214 1032 2252 ergo
1055 2201 1218 2240 viventis
1244 2208 1303 2238 est
1326 2211 1449 2249 agere

117 2264 260 2302 flatum.
322 2261 402 2301 Sed
426 2270 467 2301 et
490 2261 668 2314 spirantis
694 2265 754 2297 est
777 2259 1068 2309 agere'flatum3
1100 2270 1196 2308 ergo
1229 2263 1268 2294 et
1298 2257 1448 2307 spirare

116 2321 281 2359 viventis
306 2326 376 2358 est.
444 2319 652 2370 Utrumque
678 2317 711 2355 si
735 2316 818 2354 sine
848 2317 974 2355 anima
1003 2315 1213 2354 decurrere
1244 2313 1446 2365 potuisset,

212 2471 249 2510 1)
274 2470 416 2501 Praeter
427 2469 502 2508 Rig.
516 2468 590 2499 edd.
604 2473 740 2499 omnes:
766 2466 963 2496 errantes
990 2462 1244 2503 philosophi.
1321 2459 1359 2504 2)
1374 2463 1448 2491 lun.

119 2517 251 2548 emend.
276 2516 520 2547 mandibula
545 2509 808 2555 (φατνώματα).
908 2512 946 2549 3)
976 2511 1033 2541 Sic
1054 2520 1074 2541 e
1092 2509 1166 2541 cod.
1187 2509 1293 2550 Agob.
1315 2507 1447 2539 emend.

120 2563 212 2601 Rig.;
239 2562 366 2593 ceteri:
390 2562 608 2593 hiantium.
