1566 2808
134 177 239 214 168
389 179 515 211 ADV.
552 177 914 211 MARCIONEM
950 177 1125 208 LIBER
1160 178 1214 208 IV.

140 284 210 323 per
234 271 386 310 Esaiam
413 269 550 309 edicit:
582 277 717 310 vetera
741 271 992 318 transierunt,
1026 277 1065 310 et
1090 283 1184 308 ecce
1211 282 1328 317 nova,
1356 282 1453 322 quae

138 342 212 378 ego
238 328 341 369 facio
357 329 413 376 ¹);
442 341 568 366 nonne
600 327 649 366 ad
679 341 780 365 nova
807 329 1023 366 convertit?
1072 327 1168 366 Olim
1194 326 1293 366 hanc
1319 328 1455 365 statui-

138 398 218 422 mus
257 384 551 423 destinationem
591 386 837 439 pristinorum
880 398 903 423 a
940 391 1118 423 creatore
1156 385 1283 436 potius
1320 397 1455 436 repro·-

138 443 289 480 missam
314 455 336 480 a
352 441 506 480 Christo
533 442 726 488 exhiheri,
753 441 822 479 sub
841 442 949 480 unius
975 449 1015 480 et
1039 440 1207 480 eiusdem
1234 440 1296 479 dei
1322 448 1456 479 aucto-

138 499 272 545 ritate,
301 500 406 537 cuius
431 500 507 536 sint
532 507 571 537 et
594 506 727 537 vetera
754 505 793 536 et
817 509 926 537 nova.
976 498 1074 536 Nam
1106 505 1145 536 et
1169 499 1293 536 vinum
1319 510 1457 538 novum
1516 518 1519 519 ⁷

139 557 171 593 is
198 569 273 594 non
300 556 502 594 committit
527 557 564 593 in
589 563 743 594 veteres
768 562 891 602 utres,
919 556 982 606 qui
1008 562 1048 593 et
1070 562 1224 593 veteres
1249 562 1354 593 utres
1379 566 1456 600 nou

139 613 328 660 habuerit,
356 620 395 651 et
419 626 556 651 novum
582 612 879 651 additamentum
905 624 1014 650 nemo
1047 612 1170 656 iniicit
1193 613 1316 653 veteri
1340 612 1458 651 vesti-

141 677 288 716 mento,
327 671 399 708 nisi
438 672 496 708 cui
531 684 605 707 non
639 669 807 708 defuerit
838 676 877 708 et
907 676 1015 708 vetus
1046 670 1326 708 vestimentum.
1361 667 1457 717 ,Ine

142 740 217 764 non
243 728 338 765 facit
364 726 470 778 quid,
498 729 528 765 si
555 726 772 765 faciendum
798 740 874 764 non
901 734 975 773 est,
1010 727 1073 778 qui
1097 725 1248 773 babeat,
1275 723 1376 764 unde
1400 726 1460 764 fa-

142 785 231 830 ciat,
259 785 290 822 si
316 783 531 823 faciendum
565 791 680 822 esset.
742 784 874 835 Itaque
907 784 938 822 si
970 785 1007 821 in
1039 784 1112 821 hoc
1139 781 1331 834 dirigebat
1355 783 1458 821 simi-

141 841 358 888 litudinem,
391 849 432 880 ut
458 840 681 880 ostenderet
705 854 746 879 se
773 841 963 891 evangelii
994 841 1202 879 novitatem
1228 852 1410 892 separare
1428 837 1458 877 va

142 899 240 950 legis
265 906 475 946 vetustate,
503 912 606 937 suam
634 896 920 937 demonstrabat
946 905 984 935 et
1007 898 1129 944 illam,
1157 911 1179 935 a
1206 910 1277 949 qua
1302 906 1459 948 separa-

141 956 219 1003 bat,
247 957 457 994 alienorum
474 957 729 1007 -separatione
755 969 831 993 non
857 956 972 992 fuisse
988 954 1210 1001 notandam,
1233 955 1319 1006 quia
1346 965 1457 992 nemo

143 1013 279 1051 alienis
305 1026 372 1051 sua
398 1012 589 1064 adiungit,
622 1019 664 1050 ut
694 1012 740 1050 ab
773 1013 909 1051 alienis
934 1024 1116 1064 separare
1141 1012 1275 1064 possit.
1338 1009 1460 1062 Se'pa-

143 1071 242 1108 ratio
269 1083 340 1121 per
366 1071 674 1108 coniunctionem
696 1067 821 1120 capit,
850 1068 897 1107 de
930 1083 1002 1121 qua
1028 1070 1080 1107 fit.
1132 1068 1199 1106 ¹Ita
1227 1079 1322 1120 quae
1348 1081 1462 1120 sepa-

143 1127 266 1173 rabat,
294 1134 333 1164 et
358 1128 395 1164 in
421 1140 496 1164 uno
524 1125 752 1164 ostendebat
777 1127 912 1173 fuisse3
940 1128 1038 1164 sicut
1064 1133 1103 1164 et
1127 1126 1299 1171 fuissent,
1326 1126 1359 1163 si
1384 1138 1459 1163 non

143 1177 356 1236 separaretss
417 1183 468 1221 Et
496 1190 630 1221 ‘tamen
667 1184 722 1221 sic
761 1182 1007 1221 concedimus
1043 1183 1327 1234 separationem
1349 1183 1458 1220 istam

143 1254 214 1293 per
239 1242 565 1286 reformationem,
593 1253 664 1292 per
684 1239 984 1291 amplitudinem,
1011 1253 1082 1291 per
1105 1239 1334 1291 profectum.
1374 1237 1467 1281 Sic-‚

147 1305 186 1335 ut
211 1298 358 1335 fructus
383 1303 585 1349 separatur
617 1311 639 1335 a
668 1298 835 1344 semine,
863 1310 946 1335 cum
978 1298 1027 1335 sit
1050 1297 1196 1335 fructus
1228 1310 1277 1335 ex
1301 1297 1460 1347 semine,

145 1355 201 1392 sic
228 1361 267 1392 et
280 1356 518 1405 evangelium
544 1362 745 1406 separatur
768 1367 790 1392 a
805 1354 905 1406 lege,
933 1353 1017 1393 dum
1037 1355 1265 1406 provehitur-
1284 1367 1334 1393 ex
1352 1355 1458 1405 lege-3

146 1410 249 1449 aliud
275 1411 322 1449 ab
348 1411 426 1458 illa,
459 1411 527 1449 sed
553 1426 628 1450 non
654 1413 837 1460 alienum,
872 1411 1078 1459 diversum,
1112 1411 1177 1451 sed
1204 1426 1280 1450 non
1307 1419 1461 1455 contrap-

146 1469 255 1508 rium.
317 1467 403 1506 Nec
436 1469 558 1507 forma
589 1469 776 1506 sermonis
806 1469 845 1506 in
877 1468 1179 1515 Christo-nova,
1213 1482 1295 1507 cum
1329 1469 1461 1511 simili-

145 1525 297 1564 tudines
330 1525 482 1572 obiicit,
511 1539 594 1563 cum
627 1527 870 1577 quaestiones
895 1526 1056 1573 refutat,
1103 1525 1149 1564 de
1174 1526 1459 1578 septuagesimo

146 1584 307 1634 septimo
340 1584 445 1622 venit
469 1580 615 1635 psalmo
629 1584 687 1630 2):
720 1584 907 1634 aperiam,
934 1583 1073 1634 inquit,
1106 1583 1143 1621 in
1166 1583 1394 1634 parabolam
1417 1596 1460 1621 os

145 1654 281 1687 meum,
316 1639 353 1678 id
385 1647 462 1687 est,
502 1639 804 1687 similitudinem3
838 1640 998 1690 eloquar
1026 1640 1285 1691 problemata,
1318 1639 1357 1678 id
1387 1647 1458 1687 cst,

120 1696 358 1740 ,edisseram
390 1699 646 1749 quaestiones.
716 1696 757 1734 Si
789 1697 978 1736 hominem
1015 1698 1173 1735 alterius
1210 1698 1335 1749 gentis
1370 1710 1482 1749 pro-·

148 1755 242 1793 bare
269 1755 470 1801 voluisses,
497 1755 636 1806 utique
655 1753 701 1792 de
728 1755 967 1806 proprietate
994 1754 1170 1806 loquelae
1195 1755 1396 1806 probares.
1416 1776 1438 1783 v·

264 1813 375 1862 12³).
436 1812 494 1851 De
520 1811 679 1850 sabbato
707 1820 864 1863 quoque‘
883 1810 976 1850 illud
1001 1813 1224 1863 praemitto,
1257 1825 1328 1855 nec
1362 1812 1459 1855 banc

147 1870 410 1920 quaestionem
449 1870 663 1914 consistere
696 1870 886 1921 potuisse,
925 1870 1071 1915 si1non
1110 1869 1219 1909 deum
1233 1871 1272 1919 ⁴¹)
1298 1869 1477 1917 sabbati

147 1926 415 1964 circumferret
452 1926 638 1965 Christus.
693 1926 778 1965 Nec
817 1927 916 1965 enim
948 1926 1251 1979 disceptaretur,
1288 1940 1356 1965 cur
1393 1926 1461 1965 de·
1500 1929 1504 1930 ⁷

145 1990 313 2022 strueret
342 1983 558 2030 sabbatum,
598 1986 627 2022 si
661 1983 860 2022 destruere
893 1983 1071 2032 deberet3
1110 1998 1226 2036 porro
1260 1983 1460 2024 destruere

146 2039 326 2087 deberet,
353 2042 385 2078 si
411 2041 569 2079 alterius
595 2041 656 2079 dei
683 2048 804 2088 esset,
844 2053 916 2080 nec
943 2043 1136 2094 quisquam
1158 2043 1372 2080 vmiraretur
1399 2042 1461 2079 fa-

146 2098 322 2144 cientem,
351 2098 451 2149 quod
477 2099 531 2136 illi
558 2099 809 2149 congruebat.
869 2098 1109 2137 Mirabantur
1133 2111 1243 2150 erga,
1271 2099 1358 2150 quia
1383 2109 1460 2137 non

146 2155 385 2206 congruebat
409 2156 482 2202 iili,
523 2155 632 2194 deum
666 2163 882 2194 creatorem
909 2156 1159 2202 circumferre
1192 2163 1232 2194 et
1261 2156 1460 2203 sabbatum

144 2213 226 2251 eius
251 2214 489 2264 impugnare.
537 2213 591 2251 Et
621 2220 661 2251 ut
691 2215 822 2264 prima·
844 2226 1015 2265 quaeque
1048 2212 1287 2261 decidamus,
1321 2227 1368 2252 ne
1394 2226 1460 2253 ea—

144 2269 230 2308 dem
263 2270 402 2322 ubique
436 2283 616 2309 novemus
648 2269 696 2308 ad
729 2284 877 2319 omnem
915 2273 1285 2321 argumentationem
1322 2270 1459 2310 adver-

144 2328 240 2366 sarii,
273 2340 322 2366 ex
358 2328 484 2379 aliqua
516 2342 626 2370 ,nova
658 2328 800 2366 Christi
837 2320 1316 2376 institutione.nitentem‚
1360 2329 1458 2366 baec

143 2386 217 2422 iam
251 2384 422 2423 definitio
454 2386 583 2427 stabit.
646 2384 738 2424 Ideo
772 2384 819 2424 de
851 2387 1020 2426 novitate
1053 2387 1302 2426 institutionis
1332 2386 1482 2425 cuius--

236 2521 269 2560 1)
293 2525 356 2554 Ies.
375 2526 431 2564 43,
453 2526 507 2556 19.
591 2526 627 2565 2)
653 2526 706 2557 Ps.
720 2527 774 2567 77,
796 2527 827 2558 2.
910 2526 946 2566 3)
970 2526 1052 2557 Luc.
1066 2528 1099 2566 6,
1114 2526 1250 2557 1-11,
1330 2527 1367 2566 4)
1392 2527 1459 2566 Paz

145 2568 221 2598 mel.
250 2570 283 2598 ct
308 2570 380 2609 Rig.
402 2570 623 2603 dominum.
