1624 2826
346 256 467 287 nov.
502 254 862 287 MAR010NEM
897 254 1072 286 LIBER
1101 254 1158 286 1v.
1301 252 1414 289 200

95 347 194 387 Hinc
221 349 321 389 enim
346 354 386 387 et
398 348 463 387 alii
485 347 675 386 haeretici
694 347 915 394 fulciuntur,
943 352 1182 398 opponentes
1197 352 1417 396 creatorem⁶

95 405 269 444 omnibus
293 412 441 452 notum,
480 412 520 443 et
550 403 686 443 Israeli
717 403 924 443 secundum
956 404 1252 442 familiaritatem
1283 410 1323 442 et
1347 416 1414 441 na-

94 462 262 501 tionibus
279 461 493 502 ·secundum
519 468 704 500 naturam.
754 461 805 499 Et
830 460 1020 513 quomodo
1045 462 1126 513 ipse
1153 467 1317 499 testatur
1341 468 1423 499 nec*

95 519 231 559 Israeli
268 520 461 571 cognitum
499 520 566 558 se?
621 519 741 557 lsrael
772 525 898 556 autem
930 531 989 556 me
1021 531 1097 556 non
1130 517 1336 569 cognovit,
1375 524 1416 556 et

93 577 257 629 populus
287 589 347 615 me
379 590 454 615 non
485 576 741 624 intellexit.¹)
802 575 887 614 Nec
919 574 1155 613 nationibus:
1194 587 1289 613 ecce
1314 575 1414 613 enim

94 646 168 672 nec
193 632 242 673 de
267 633 498 680 nationibus,
525 634 658 685 inquit,
686 645 817 679 nemo3
844 639 1005 684 propter
1030 630 1130 683 quod
1156 638 1197 670 et
1221 632 1306 670 illas
1332 632 1414 670 stil-

95 689 264 730 licidium
290 691 426 729 situlae
452 689 667 742 deputavit,
707 697 746 728 et
772 688 928 728 Sionem
954 696 1130 740 tanquam
1157 689 1350 740 speculam
1376 689 1415 726 in

93 748 206 787 vinea
231 746 451 799 dereliquit.
467 747 505 795 ²)
555 746 655 785 Vide
681 759 796 797 ergo,
835 759 883 783 an
909 745 1148 784 confirmatio
1174 746 1224 782 sit
1247 744 1414 796 prophe-

92 805 195 844 ticae
231 805 339 843 vocis
376 804 646 855 exprobrantis
682 803 938 854 ignorantiam
974 803 1013 839 in
1050 800 1162 840 deum
1199 801 1411 848 humanam,

93 873 191 914 quae
217 861 335 900 fuerit
359 860 408 899 ad
434 861 549 898 filium
576 872 708 911 usqne.
767 858 867 897 Nam
892 865 932 897 ct
956 857 1045 897 ideo
1072 858 1268 896 subtexuit
1291 859 1338 897 ab
1365 871 1413 897 eo

95 919 281 970 cognosci
305 924 472 970 patrem,
512 918 574 956 cui
599 917 696 955 filius
721 916 972 962 revelaverit,
1005 916 1182 967 quoniam
1207 917 1290 968 ipse
1316 923 1412 963 erat,

94 976 158 1028 qni
194 976 341 1028 positus
378 988 401 1013 a
442 981 553 1026 patre
592 974 817 1012 illuminatio
860 974 1058 1011 nationum
1105 972 1412 1019 adnuntiabatur,

93 1033 224 1086 utique
255 1031 303 1071 de
335 1031 409 1071 deo
441 1030 795 1077 illuminandarum,
834 1031 949 1069 etiam
976 1029 1150 1076 Israelis,
1188 1031 1318 1082 utique
1344 1043 1416 1082 per

94 1085 329 1141 agnitionem
366 1088 430 1127 dei
461 1090 686 1140 pleniorem.
748 1087 807 1126 Ita
843 1101 920 1125 non
952 1087 1157 1139 proficient
1187 1095 1415 1139 argumenta

93 1147 133 1185 in
170 1146 282 1186 fidem
321 1145 384 1185 dei
421 1146 597 1192 alterius,
636 1158 732 1197 quae
771 1146 940 1182 creatori
977 1151 1199 1195 competere
1242 1152 1412 1196 possunt,

95 1204 184 1255 qnia
208 1217 304 1256 quae
331 1216 407 1242 non
433 1209 656 1253 competunt
687 1201 875 1247 creatori,
894 1201 1007 1239 baec
1032 1207 1213 1252 poterunt
1237 1202 1275 1238 in
1301 1200 1414 1239 fidem

94 1261 290 1312 prolicere
327 1259 391 1298 dei
427 1259 599 1298 alterius.
667 1256 710 1295 Si
747 1264 788 1296 et
823 1258 1024 1309 sequentia
1060 1258 1260 1308 inspicias:
1310 1257 1415 1296 beati

95 1319 212 1364 oculi,
245 1316 308 1370 qui
331 1315 475 1362 vident,
503 1329 599 1368 quae
623 1314 782 1362 videtis}
814 1313 902 1352 dico
928 1316 1027 1353 enim
1052 1314 1174 1361 vobis,
1212 1315 1300 1367 quia
1324 1328 1414 1366 pro-

93 1375 235 1427 phetae
261 1388 337 1413 non
359 1372 551 1420 viderunt,
579 1385 675 1424 quae
700 1385 768 1410 vos
792 1370 995 1420 videtis:³)
1023 1369 1071 1409 de
1097 1372 1287 1423 superiori
1301 1384 1415 1410 sensu

95 1430 357 1478 descendunt,
395 1429 494 1469 adeo
520 1431 732 1475 neminem,
775 1435 818 1467 ut
841 1427 995 1475 decuit,
1033 1426 1144 1466 deum
1171 1430 1412 1479 cognovisse,

94 1488 245 1540 quando
270 1491 348 1528 nec'
368 1487 580 1540 prophetae
605 1485 802 1531 vidissent,
835 1498 931 1536 quae
958 1484 1026 1523 snb
1053 1484 1206 1524 Christo
1230 1484 1414 1524 videban-

92 1552 168 1584 tur.
227 1544 327 1584 Nam
363 1546 395 1583 si
432 1557 508 1582 non
538 1557 642 1581 meus
673 1549 778 1582 esset
809 1542 1000 1589 Christus,
1039 1554 1111 1580 nec
1142 1542 1414 1594 prophe-tarum

93 1602 168 1642 hoc
193 1603 232 1642 in
258 1603 345 1642 loco
371 1602 602 1640 mentionem
628 1600 870 1639 collocasset.
934 1598 1031 1647 Quid
1063 1600 1161 1638 enim
1187 1601 1345 1647 mirum,
1383 1601 1415 1638 si

93 1673 170 1698 non
195 1659 371 1699 viderant
406 1671 468 1698 res
506 1657 568 1696 dei
594 1658 736 1709 ignoti,
775 1663 815 1695 et
846 1663 951 1695 tanto
983 1663 1072 1708 post
1101 1670 1197 1695 aevo
1228 1657 1416 1696 revelati?

96 1717 202 1764 Quae
227 1724 353 1756 autem
378 1717 513 1754 fuisset
537 1715 705 1753 felicitas
730 1727 876 1761 eorum,
903 1715 966 1765 qui
993 1721 1081 1752 tunc
1097 1713 1289 1761 videbant,
1317 1727 1413 1765 quae

94 1773 161 1811 alii
192 1775 329 1811 merito
365 1772 505 1810 vidisse
543 1785 628 1809 non·
655 1777 858 1822 poterant,
897 1772 929 1808 si
967 1783 1041 1808 non
1074 1777 1185 1809 erant
1216 1772 1414 1808 consecuti

95 1829 490 1881 repraesentationem
515 1840 665 1873 eorum,
692 1839 788 1877 quae
814 1839 1000 1877 nunquam
1027 1825 1310 1877 praedicarant,
1342 1827 1414 1864 nisi

97 1887 273 1939 quoniam
299 1891 479 1938 poterant
501 1882 655 1926 vidisse,
683 1884 745 1934 qui
770 1882 833 1921 dei
858 1884 915 1920 sui
940 1895 1016 1929 res,
1044 1896 1136 1934 quas
1161 1884 1275 1922 etiam
1301 1897 1414 1936 prae-

96 1943 339 1990 dicaverant,
366 1955 443 1980 non
469 1948 594 1979 tamen
619 1939 818 1978 viderant?
866 1939 971 1979 Haec
997 1947 1122 1979 autem
1147 1941 1314 1979 felicitas
1339 1942 1415 1979 erit

94 2001 281 2047 aliorum,
320 2001 382 2051 qui
418 1997 622 2043 xidebant,
667 2009 763 2048 quae
801 1997 864 2035 alii
901 2004 1044 2035 tantum
1081 1997 1411 2049 praedicaverant.

94 2057 269 2110 Denique
296 2055 551 2100 ostendemus,
580 2061 619 2093 et
643 2055 716 2092 iam
743 2052 988 2101 ostendimus,
1014 2067 1062 2093 ea
1084 2056 1167 2093 visa
1192 2056 1230 2093 in
1245 2054 1411 2102 Christo,

97 2129 193 2167 quae
218 2115 372 2154 fucrant
395 2112 637 2165 praedicata,
664 2110 890 2150 abscondita
915 2115 1040 2150 tamen
1066 2118 1107 2151 et
1131 2111 1178 2150 ab
1205 2113 1297 2164 ipsis
1323 2126 1413 2164 prq-

93 2173 234 2224 phetis,
261 2179 302 2210 ut
327 2169 657 2210 absconderentur
681 2175 720 2207 et
744 2182 767 2206 a
792 2169 1027 2220 sapientibus
1052 2176 1092 2208 et
1115 2182 1138 2208 a
1163 2169 1413 2221 prudentibus

94 2229 230 2269 seculi.
290 2229 333 2267 In
365 2227 567 2278 evangelio
599 2226 772 2264 veritatis
808 2226 904 2277 legis
943 2225 1082 2264 doctor
1118 2225 1307 2264 dominum
1346 2240 1413 2277 ag-

97 2298 263 2338 gressus,
291 2284 379 2337 quid
404 2285 563 2329 faciens,
591 2284 723 2334 inquit,
759 2284 873 2321 vitam
900 2290 1098 2322 aeternam>
1122 2285 1412 2334 consequar?⁴)

96 2344 139 2384 ln
163 2344 362 2383 haeretico
393 2342 471 2379 vita
496 2339 731 2379 solummodo
758 2341 881 2392 posita
906 2348 977 2387 est,
1004 2342 1085 2379 sine
1106 2347 1288 2378 aeternae
1308 2352 1413 2379 men-

95 2402 228 2448 tione,
265 2407 307 2439 ut
332 2398 471 2438 doctor
496 2397 543 2436 de
569 2410 616 2436 ea
638 2398 717 2436 vita
745 2396 921 2437 videatur
952 2398 1212 2445 consuluisse,
1253 2409 1348 2450 quae
1375 2398 1413 2436 in

189 2572 361 2636 1)*-ies.1‚
377 2595 408 2627 3.
503 2593 536 2635 2)
562 2594 624 2626 ies.
639 2594 692 2635 65,
708 2596 737 2625 5.
752 2595 805 2634 40,
821 2595 874 2625 15.
890 2594 920 2634 1,
935 2594 965 2625 8.
1061 2594 1097 2633 a)
1122 2595 1204 2625 Luc.
1221 2596 1274 2636 10,
1287 2596 1343 2629 23.
1359 2597 1409 2626 24.

96 2641 133 2681 4)
157 2638 388 2688 Luc-3⁰35,
1317 2665 1321 2668 .

153 2698 351 2732 Tamum„
386 2699 439 2728 ΙΙΙ.
1077 2691 1128 2727 14
