1604 2800
163 217 230 254 'fl
527 212 601 243 DE
640 209 836 243 CARNE
873 208 1125 242 CHR1sT1.

162 322 274 350 neae.
337 306 517 346 Ceterum
544 317 618 342 non
645 309 814 341 nostram
841 301 1004 340 animam
1030 299 1229 347 liberavit,
1256 298 1289 337 si
1314 310 1495 338 carneam

162 367 314 414 habaiu
342 371 476 403 nostra
502 362 601 401 enim
629 373 773 399 carnea
797 372 873 398 non
899 366 971 398 est.
1015 357 1138 397 Porro
1164 357 1197 396 si
1223 369 1300 395 non
1325 362 1495 396 nostram

162 424 354 470 liberavit,
382 423 469 474 quia
495 431 674 459 carneam
701 417 890 464 liberavit,
917 416 1010 455 nihil
1035 414 1085 454 ad
1111 428 1194 463 nos,
1221 415 1310 467 quia
1329 427 1406 452 non
1427 427 1497 452 no-

162 490 279 520 stram
304 480 495 519 liberavit.
513 479 549 527 ¹)
612 474 691 515 Sed
723 488 796 514 nec
823 473 1023 513 liberanda
1050 480 1152 520 erat,
1186 485 1284 525 quae
1309 485 1387 510 non
1412 477 1499 510 erat

162 546 314 585 nostra,
352 545 393 576 ut
418 536 571 575 scilicet
596 546 757 582 carnea3
795 546 873 571 non
898 532 999 571 enim
1024 530 1338 583 periclitabatur,
1363 529 1396 568 si
1421 541 1499 567 non

163 604 249 636 erat
286 602 437 641 nostra,
477 592 516 631 id
554 600 613 631 est
650 605 726 629 non
765 602 921 629 carnea.
990 588 1070 628 Sed
1107 588 1309 627 liberatam
1346 588 1500 626 constat

162 656 280 693 illam.
341 652 447 703 Ergo
486 664 562 689 non
600 650 673 688 fuit
710 661 871 695 carnea,
910 654 950 686 et
986 646 1058 685 fuit
1087 653 1239 693 nostra,
1278 645 1310 684 si
1341 657 1389 684 ea
1414 644 1498 691 fuit,

165 724 262 763 quae
302 710 554 754 liberaretur,
595 707 771 758 quoniam
804 704 1110 757 periclitabatur.
1131 705 1171 755 2)
1234 702 1313 742 Iam
1345 701 1501 754 ergosi

166 769 292 806 anima
318 780 394 804 non
420 766 493 804 fuit
518 764 684 803 carnalis
710 764 748 801 in
775 763 950 809 Christo,
983 775 1056 801 nec
1083 775 1176 801 caro
1202 767 1332 814 potest
1355 760 1501 799 anima-

165 827 212 864 lis
239 825 369 863 fuisse.

286 885 351 922 11.
403 878 480 918 Sed
518 879 631 917 aliam
664 878 1036 928 argumentationem
1067 889 1200 915 eorum
1238 877 1499 923 convenimus,

168 941 383 991 exigentes,
412 950 480 975 cur
505 935 706 974 animalem
735 947 889 973 carnem
915 933 1115 973 subeundo
1138 934 1312 973 Christus
1337 935 1500 973 animam

169 997 364 1035 carnalem
389 993 568 1033 videatur
592 993 786 1031 habuisse.
847 991 951 1030 Deus
977 992 1097 1038 enim,
1129 992 1318 1043 inquiunt,
1345 991 1502 1043 gestivit

168 1056 330 1092 animam
367 1051 555 1091 visibilem
588 1049 804 1088 hominibus
836 1049 1042 1096 exhibere,
1081 1046 1262 1088 faciendo
1294 1061 1379 1087 eam
1413 1060 1502 1087 eor-

167 1125 250 1163 pus,
279 1123 376 1163 quae
404 1117 510 1147 retro
538 1107 738 1146 invisibilis
765 1107 971 1154 exstiterit,
999 1113 1135 1144 natura
1161 1106 1255 1145 nihil
1281 1119 1353 1146 nec
1379 1112 1503 1146 semet

166 1171 288 1220 ipsam
319 1166 454 1206 videns
480 1178 573 1218 prae
599 1163 873 1217 impedimento
901 1165 1028 1203 carnis
1053 1164 1182 1211 huius,
1215 1170 1258 1202 ut
1282 1164 1398 1203 etiam
1424 1162 1502 1203 dis-
1559 1204 1562 1205 γ

170 1232 411 1278 ceptaretur,
451 1230 539 1262 nata
566 1224 690 1261 anima
716 1235 764 1260 an
790 1235 878 1260 non.
899 1223 938 1270 ³)
1000 1221 1133 1274 Itaque
1167 1222 1330 1260 animam
1363 1234 1502 1274 eorpus

169 1284 350 1322 effectam
376 1283 413 1320 in
442 1281 611 1327 Christo,
637 1287 679 1319 ut
704 1293 787 1318 eam
815 1286 855 1318 et
880 1287 1102 1318 nascentem
1129 1286 1169 1319 et
1193 1281 1435 1327 morientem,
1463 1286 1504 1318 et

172 1339 273 1391 quod
305 1341 354 1378 sit
385 1339 563 1391 amplius,
596 1344 864 1388 resurgentem
894 1336 1124 1376 videremus.
1186 1336 1239 1376 Et
1267 1338 1343 1377 hoe
1375 1344 1503 1377 autem
1535 1354 1542 1360 ·

172 1397 284 1447 quale
323 1402 424 1441 erat,
463 1402 505 1432 ut
540 1407 611 1446 per
641 1407 796 1433 carnem
829 1394 1160 1434 demonstraretur
1190 1395 1315 1434 anima
1341 1394 1414 1434 sibi
1438 1401 1505 1434 aut

172 1453 304 1499 nobis,
338 1464 434 1503 quae
460 1464 531 1503 per
557 1464 712 1489 carnem
738 1464 814 1488 non
840 1458 995 1502 poterat
1019 1454 1198 1503 agnosci,
1226 1460 1267 1492 ut
1290 1454 1346 1492 sic
1373 1459 1504 1492 osten-

123 1512 125 1514 ’
173 1510 346 1556 deretur,
385 1507 472 1546 dum
509 1507 548 1546 id
587 1508 646 1554 fit,
686 1508 747 1545 cui
779 1507 941 1555 latebat,
980 1507 1019 1546 id
1046 1516 1106 1547 est
1131 1513 1249 1548 caro?
1305 1510 1505 1550 Tenebras

172 1567 360 1606 videlicet
385 1566 558 1617 accepit,
595 1571 637 1603 ut
662 1565 794 1603 lucere
819 1572 963 1617 posset.
1025 1565 1200 1618 Denique
1226 1566 1275 1605 ad
1299 1568 1376 1606 hoc
1400 1569 1506 1620 prius

180 1631 456 1669 retractemus,
483 1636 532 1661 an
558 1623 632 1660 isto
659 1621 772 1660 modo
800 1621 1039 1662 ostendenda
1070 1624 1187 1662 fuerit
1211 1625 1355 1672 anima,
1394 1637 1442 1663 an
1467 1626 1506 1663 in

173 1690 300 1720 totum
326 1680 553 1720 invisibilem
580 1693 663 1718 eam
690 1687 796 1718 retro
823 1680 1012 1732 allegent,
1039 1687 1162 1719 utrum
1190 1682 1299 1733 quasi
1323 1683 1507 1734 incorpo-

175 1740 316 1786 ralem,
354 1752 401 1776 an
427 1738 542 1776 etiam
567 1737 772 1775 habentem
798 1737 952 1789 aliquod
979 1750 1100 1789 genus
1126 1740 1304 1791 corporis
1334 1740 1508 1792 proprii?

172 1797 224 1835 Et
248 1804 375 1835 tamen
402 1808 487 1834 eum
518 1794 746 1833 invisibilem
779 1793 929 1842 dicant,
969 1796 1213 1848 corporalem
1245 1809 1329 1836 eam
1362 1799 1508 1837 consti-

173 1861 304 1901 tuunt,
344 1853 549 1892 habentem
589 1851 691 1904 quod
729 1852 920 1891 invisibile
959 1854 1021 1891 sit.
1083 1853 1190 1893 Nihil
1228 1855 1329 1894 enim
1359 1855 1507 1895 habens

174 1912 383 1958 invisibile,
422 1908 613 1962 quomodo
651 1916 782 1961 potest
818 1910 1018 1950 invisibilis
1055 1909 1158 1950 dici?
1218 1910 1298 1951 Sed
1333 1926 1382 1952 ne
1421 1926 1507 1953 esse

177 1967 327 2019 quidem
358 1974 506 2020 potest,
545 1968 617 2006 nisi
649 1967 796 2006 habens
822 1981 893 2020 per
918 1967 1020 2021 quod
1045 1969 1106 2007 sit.
1170 1969 1265 2008 Cum
1290 1977 1418 2010 autem
1443 1972 1506 2018 sit,

176 2025 317 2064 habeat
353 2037 512 2063 necesse
546 2032 606 2063 est
641 2024 803 2077 aliquid,
841 2039 913 2078 per
949 2025 1051 2078 quod
1088 2033 1160 2066 est.
1226 2027 1270 2066 Si
1294 2028 1413 2071 habet
1436 2029 1507 2067 ali-

178 2082 285 2134 quid,
313 2095 382 2134 per
408 2081 509 2134 quod
536 2089 607 2129 est,
633 2082 708 2121 hoc
735 2083 811 2135 erit
836 2096 976 2135 corpus
1002 2084 1098 2123 eius.
1160 2083 1279 2124 Omne
1306 2084 1408 2138 quod
1433 2093 1506 2134 est,

178 2153 317 2192 corpus
344 2146 402 2178 est
428 2142 484 2178 sui
510 2141 684 2190 generis3
711 2137 808 2179 nihil
833 2148 893 2179 est
917 2142 1176 2194 incorporale,
1203 2142 1276 2181 nisi
1307 2142 1410 2196 quod
1430 2157 1508 2182 non

177 2204 248 2236 est.
270 2198 308 2246 4)
371 2196 545 2236 Habente
571 2198 689 2249 igitur
714 2198 840 2237 anima
865 2199 1056 2239 invisibile
1083 2213 1242 2252 corpuS‚
1283 2201 1346 2252 qui
1376 2201 1508 2241 visibi-

270 2332 308 2378 1')
333 2334 440 2366 Rhen.
465 2336 516 2366 ed.
541 2338 566 2367 Ι.
598 2336 729 2368 Porro
754 2337 896 2370 sinon
920 2340 1111 2370 nostram
1135 2339 1361 2380 liberavit,
1397 2339 1509 2371 nihil

179 2382 227 2411 ad
252 2390 340 2412 nos:
368 2381 467 2419 quia
493 2391 648 2413 carnea
674 2392 756 2415 non
780 2385 862 2422 est,
896 2385 996 2422 quia
1020 2394 1101 2415 non
1126 2388 1319 2417 nostram
1343 2385 1507 2417 libera-

177 2427 248 2456 vit.
343 2427 378 2466 2)
404 2427 511 2457 Rhen.
534 2428 586 2459 ed.
605 2430 630 2459 1.
650 2428 686 2458 in
698 2429 870 2469 margine:
896 2430 933 2461 si
949 2425 1004 2462 'ea
1028 2440 1113 2462 non
1138 2431 1239 2472 fuit,
1264 2440 1370 2471 quae
1392 2431 1507 2463 libe-

178 2474 369 2510 raretur,
396 2473 604 2510 quomodo
631 2475 986 2512 periclitabatur.
1082 2478 1117 2517 3)
1141 2477 1367 2517 lnedd.Ge1.,
1392 2476 1507 2518 Fran„

182 2517 253 2555 Rig.
278 2517 392 2547 addita
418 2521 499 2548 sunt
525 2527 575 2548 vv.
601 2520 860 2552 mortalisne
886 2522 944 2552 sit
969 2531 1019 2552 an
1046 2533 1143 2562 non,
1170 2532 1259 2562 quae
1279 2531 1350 2554 non
1370 2523 1507 2555 suntin

181 2560 286 2613 Rhen.
306 2563 357 2636 e5d.
376 2564 402 2594 i.
422 2567 456 2594 et
469 2563 503 2594 in
518 2564 613 2595 codd.
628 2565 816 2598 Vaticanis.
912 2568 949 2606 4)
977 2568 1028 2599 Cf.
1047 2569 1102 2599 lib.
1122 2569 1197 2601 adv.
1222 2568 1325 2601 Prax.
1352 2578 1382 2600 e.
1408 2571 1439 2601 7.
1465 2569 1507 2601 de

182 2615 294 2636 anima
337 2628 344 2636 .
