1604 2800
458 171 583 203 Anv.
619 171 1053 204 RERMOGENEM.
1391 174 1425 211 3

98 263 291 312 conditi03
318 263 412 303 deus
436 263 671 302 substantiae
698 264 817 315 ipsius
837 277 988 311 nomen,
1015 263 1053 303 id
1074 266 1178 314 est1)
1200 264 1424 313 divinitatis,

98 321 274 361 dominus
297 334 391 361 vero
417 334 493 359 non
524 321 781 368 substantiae,
814 320 883 360 sed
914 323 1136 374 potestatis,
1174 323 1425 362 substantiam

98 391 252 432 semper
274 379 392 418 fnisse
419 391 503 418 cum
529 392 598 418 suo
624 380 797 426 nomine,
831 378 932 431 quod
958 387 1018 418 est
1043 379 1155 427 deus,
1188 388 1324 432 postea
1356 379 1427 420 do-

35 479 38 482 ,
98 438 239 483 minus,
278 434 502 476 accedentis
533 437 688 476 scilicet
717 438 775 475 rei
807 438 964 476 mentio.
1026 437 1124 476 Nam
1157 450 1206 477 ex
1232 451 1305 490 quo
1338 450 1424 478 esse

99 501 332 547 coeperunt,
363 495 402 532 in
428 507 524 546 quae
550 501 722 546 potestas
748 493 891 533 domini
917 502 1071 546 ageret,
1098 508 1148 534 ex
1173 496 1239 534 illo
1266 508 1336 548 per
1360 509 1426 535 ac-

100 553 315 607 cessionem
346 552 550 604 potestatis
582 558 622 590 et
652 553 777 591 factus
802 559 842 590 et
867 551 991 591 dictus
1023 559 1083 592 est
1108 552 1300 600 dominus,
1338 555 1427 605 quia

99 616 141 648 et
164 616 277 662 pater
300 607 394 648 deus
420 616 481 648 est
504 615 544 648 et
569 607 685 648 iudex
710 608 804 649 deus
830 616 907 656 est,
946 623 1022 649 non
1048 617 1175 649 tamen
1201 609 1290 649 ideo
1317 618 1429 663 pater

100 674 140 706 et
163 665 280 706 iudex
306 679 470 719 semper,
497 667 585 719 quia
610 665 705 706 deus
730 680 894 719 semper.
944 667 1043 706 Nam
1069 680 1141 706 nec
1167 675 1280 720 pater
1303 669 1429 720 potuit

99 737 186 764 esse
211 731 302 763 ante
329 724 458 770 filium,
486 737 558 762 nec
584 722 700 762 iudex
723 731 812 762 ante
839 723 1036 763 delictum.
1068 723 1154 763 Fuit
1178 732 1305 764 autem
1332 731 1427 763 tem-

99 795 182 835 pus,
209 795 293 820 cnm
320 782 357 820 ei
383 776 565 819 delictum
591 787 632 819 et
656 780 755 819 filius
780 794 855 818 non
881 782 964 827 fuit,
992 780 1094 832 quod
1114 780 1279 820 iudicem
1300 789 1341 820 et
1366 783 1428 834 qui

97 846 247 892 patrem
284 837 475 876 dominum
513 838 674 876 faceret.
737 836 803 876 Sic
841 845 881 877 et
916 837 1091 877 dominus
1128 853 1203 877 non
1241 846 1330 878 ante
1369 852 1427 886 ea,

99 909 259 949 quorum
296 895 470 934 dominus
508 896 730 941 exsisteret,
776 894 844 934 sed
882 895 1056 935 dominus
1099 903 1243 935 tantum
1281 897 1429 935 futurus

99 952 342 1006 quandoque,
369 954 470 992 sicut
494 959 606 1005 pater
630 965 701 1005 per
726 953 855 999 filium,
881 954 983 992 sicut
1008 953 1124 992 iudex
1143 966 1214 1006 per
1232 953 1427 1000 delictum,

98 1011 154 1050 ita
177 1018 218 1050 et
243 1010 416 1050 dominus
441 1023 512 1062 per
536 1023 601 1057 ea,
634 1023 731 1062 quae
757 1010 828 1048 sibi
855 1012 1044 1050 servitura
1069 1012 1239 1050 fecisset.
1301 1010 1426 1062 Argu-

98 1069 263 1108 mentari
293 1068 362 1107 tibi
386 1067 543 1115 videor,
578 1067 869 1119 Hermogenes?
899 1067 1064 1107 Naviter
1095 1070 1288 1120 scriptura
1319 1069 1430 1107 nobis

99 1127 378 1178 patrocinatur,
405 1138 502 1178 quae
527 1132 727 1176 utrumque
753 1137 891 1163 nomen
917 1126 954 1163 ei
980 1124 1165 1171 distinxit,
1193 1133 1232 1164 et
1246 1139 1314 1163 suo
1335 1133 1430 1164 tem-

100 1195 196 1235 pore
223 1181 403 1221 ostendit.
465 1181 562 1220 Nam
590 1181 808 1230 dominus2)
837 1180 1000 1233 quidem,
1028 1182 1129 1234 quod
1155 1189 1240 1221 erat
1264 1196 1429 1235 semper,

101 1240 229 1278 statim
256 1240 444 1278 nominat:
471 1239 509 1276 in
534 1239 723 1290 principio
750 1239 846 1277 fecit
870 1237 964 1277 deus
989 1240 1139 1278 coelum
1166 1247 1206 1279 et
1225 1241 1428 1289 terram.³)

100 1296 161 1336 Ac
187 1295 395 1349 deinceps,
434 1309 544 1348 quam
576 1294 640 1334 diu
671 1295 859 1342 faciebat,
894 1309 1052 1349 quorum
1078 1296 1252 1336 dominus
1283 1298 1431 1335 futurus

102 1361 204 1401 erat,
243 1353 337 1393 deus
363 1352 600 1392 solummodo
625 1355 752 1404 ponit:
791 1360 832 1391 et
856 1352 953 1392 dixit
978 1353 1091 1401 dem,
1131 1362 1171 1393 et
1202 1355 1297 1393 fecit
1321 1354 1429 1400 deus,

102 1419 144 1450 et
166 1410 262 1451 vidit
287 1410 399 1459 deus3
420 1412 458 1460 ⁴)
489 1417 530 1449 et
558 1423 740 1462 nusquam
773 1409 897 1449 adhuc
931 1409 1117 1450 dominus.
1178 1411 1232 1450 At
1257 1412 1321 1450 ubi
1347 1412 1439 1449 ιιιιί-;

100 1482 214 1508 versa
238 1469 424 1522 perfecit,
456 1469 652 1520 ipsumque
677 1468 738 1506 vel
764 1468 926 1507 maxime
953 1468 1156 1515 hominem,
1185 1470 1247 1521 qui
1272 1470 1430 1521 proprie

102 1525 295 1565 dominum
326 1525 591 1564 intellecturus
622 1532 724 1572 erat,
763 1524 937 1564 dominus
969 1527 1084 1564 etiam
1117 1528 1430 1578 cognominatur:

102 1591 193 1623 tunc
220 1585 335 1622 etiam
361 1582 536 1622 dominus
562 1596 700 1622 nomen
727 1581 917 1621 adiunxit:
945 1590 986 1622 et
1009 1585 1165 1635 aceepit
1189 1583 1283 1623 deus
1310 1583 1431 1623 domi-

102 1655 172 1680 nus
192 1642 402 1688 hominem,
430 1653 539 1692 quem
561 1641 686 1687 finxit3
715 1647 754 1678 et
774 1642 972 1692 praecepit
992 1639 1165 1679 dominus
1185 1640 1339 1686 deus.⁵)
1371 1641 1430 1679 Ac

102 1697 244 1746 exinde
282 1697 476 1744 dominus,
516 1699 578 1749 qui
616 1704 722 1736 retro
757 1696 848 1734 deus
886 1704 1050 1743 tantum,
1089 1710 1139 1736 ex
1177 1711 1251 1750 quo
1284 1698 1429 1742 habuit,

105 1756 213 1794 cuius
239 1761 354 1793 esset.
416 1753 514 1791 Nam
541 1753 635 1791 deus
660 1754 732 1790 sibi
758 1761 860 1799 erat,
899 1754 1015 1791 rebus
1052 1761 1179 1792 autem
1206 1762 1296 1792 tunc
1323 1753 1430 1800 deus,

106 1825 190 1851 cum
217 1818 257 1850 et
282 1809 468 1849 dominus.
531 1809 653 1860 Igitur
678 1810 715 1846 in
742 1816 918 1860 quantum
944 1810 1093 1861 putabit
1118 1810 1207 1849 ideo
1234 1812 1431 1850 materiam

104 1881 258 1921 semper
282 1868 419 1913 fnisse,
459 1867 547 1918 quia
572 1865 745 1904 dominus
770 1879 922 1918 semper
946 1874 1066 1914 esset,
1105 1868 1143 1906 in
1168 1875 1311 1906 tantum
1339 1881 1432 1907 con-

105 1926 222 1967 stabit
247 1925 341 1964 nibil
366 1925 497 1971 fuisse,
525 1924 612 1975 quia
638 1930 789 1962 constat
814 1922 1004 1962 dominum
1031 1938 1107 1963 non
1132 1938 1286 1977 semper
1298 1926 1429 1964 fuisse.

106 1982 299 2023 Adiiciam
325 1989 366 2022 et
390 1995 465 2034 ego
491 1988 651 2033 propter
675 1994 750 2018 non
776 1981 1055 2032 intelligentes,
1082 1995 1242 2034 quorum
1269 1982 1431 2022 Hermo-

105 2054 228 2093 genes
253 2048 425 2081 extrema
452 2039 553 2077 linea
578 2045 649 2084 est,
676 2045 716 2076 et
728 2037 878 2090 quidem
893 2036 1175 2092 ἐπινοήματαθ)
1191 2041 1291 2079 illius
1305 2047 1431 2080 retor-

107 2098 234 2150 quebo
266 2097 448 2137 adversus
480 2097 597 2134 illum.
660 2094 752 2133 Cum
790 2097 889 2134 enim
925 2104 1043 2148 neget
1073 2099 1270 2137 materiam
1303 2105 1430 2136 natam

107 2162 174 2194 ant
197 2155 353 2202 factam,
380 2155 435 2192 sic
457 2165 605 2205 quoque
627 2153 778 2191 invenio
801 2152 943 2191 domini
965 2167 1102 2193 nomen
1124 2153 1197 2194 deo
1224 2169 1299 2193 non
1327 2169 1430 2194 com·

107 2212 249 2266 petisse
286 2214 324 2252 in
356 2212 572 2256 materiam,
610 2211 698 2262 quia
729 2210 850 2249 libera
882 2211 998 2250 fuerit
1030 2225 1190 2251 necesse
1217 2219 1292 2257 est,
1333 2224 1430 2262 quae

109 2270 299 2321 originem
338 2282 413 2307 non
444 2266 623 2307 habendo
661 2280 737 2305 non
779 2267 912 2306 habuit
946 2276 1169 2315 auctorem,
1208 2267 1310 2320 quod
1347 2275 1432 2307 erat

201 2426 239 2471 1)
272 2430 324 2460 lta
350 2429 481 2460 emend.
509 2428 635 2466 Rhen.;
671 2427 722 2460 ed.
744 2429 768 2459 1.
797 2437 947 2459 nomen
972 2428 1080 2459 illud
1112 2428 1188 2458 div.
1260 2429 1297 2467 2)
1324 2428 1432 2459 Rhen.

109 2484 198 2506 corr.
222 2474 337 2507 deus.
410 2476 447 2511 3)
470 2474 554 2506 Gen.
570 2476 601 2514 1,
618 2476 648 2505 1.
742 2475 780 2513 4)
800 2474 884 2505 Gen.
901 2475 932 2514 1,
954 2475 1054 2512 aoqq.
1135 2475 1172 2511 5)
1192 2474 1277 2504 Gen.
1290 2475 1433 2514 2‚15·q.

109 2520 147 2560 6)
167 2520 317 2552 Verbum
336 2521 606 2561 epinoemata
626 2519 853 2551 restituerunt
871 2527 890 2552 e
914 2519 988 2551 cod.
1002 2519 1118 2551 Ursini
1132 2520 1270 2552 Wouw.
1283 2522 1318 2551 et
1339 2520 1431 2560 Rig.;

110 2565 218 2597 Rhen.
238 2575 288 2598 ex
309 2566 591 2606 poenitentia.

1149 2610 1203 2652 1*
