1624 2826
191 246 295 284 226
434 234 959 273 ADV.MAR010NEM
997 226 1259 262 L113En1v.

194 340 370 382 civitate,
415 335 462 373 de
500 331 676 384 sepibuS,
721 327 903 368 adversus
940 323 1133 377 speculum
1167 316 1395 372 parabolam
1431 327 1511 355 ‚nec

192 401 320 448 potest
345 395 418 432 iam
449 390 670 430 fastidiosos
696 386 894 432 iudicare,
933 396 1027 435 quos
1059 391 1247 431 nunquam
1278 381 1384 418 retro
1417 371 1513 412 invi-

191 452 296 498 tavit,
331 464 425 503 quos
452 463 535 488 cum
568 446 729 485 maxime
757 441 996 494 aggreditur.
1057 437 1134 477 Aut
1160 437 1190 475 si
1217 434 1263 473 de
1291 433 1418 471 futuro
1445 443 1514 469 eos

191 510 347 555 iudicat,
381 513 641 546 contemtui-os
666 502 922 546 vocationem,
950 511 1045 549 ergo
1073 503 1113 534 et
1131 492 1409 533 sublectionem
1426 487 1513 527 loco

191 580 321 606 eorum
360 579 409 604 ex
446 563 622 615 gentibus
660 560 706 599 de
750 561 877 598 futuro
916 553 1125 609 portendit.
1199 550 1315 589 Plane
1354 545 1405 586 ad
1439 546 1514 587 hoc
1564 590 1569 595 ,

191 623 359 664 secundo
386 630 566 661 venturus
592 626 662 666 est,
689 626 730 656 nt
755 616 932 668 gentibus
958 611 1172 667 praedicet.
1207 608 1256 647 Et
1275 608 1306 645 si
1318 612 1514 651 venturus,

193 686 268 731 (est
299 683 465 737 autem)
511 686 625 730 puto,
670 690 744 714 non
783 676 889 726 quasi
921 678 1127 711 vocaturus
1163 666 1288 706 adhuc
1321 664 1514 708 convivas,

193 738 260 777 sed
286 739 358 775 iam
386 738 656 774 collocaturus.
696 734 851 773 Interea
877 731 939 782 qui
966 741 1113 768 coenae
1140 720 1247 765 isti'us
1271 722 1516 762 vocationem

192 797 231 834 in
265 795 435 833 coeleste
469 793 680 831 convivium
718 788 985 840 interpretaris
1017 785 1198 837 spiritalis
1229 779 1441 820 saturitatis
1478 784 1518 816 et

192 851 457 896 iucunditatis,
485 855 674 888 memento
702 855 741 886 et
773 854 946 884 terrenas
974 842 1246 895 promissiones
1272 837 1348 876 vini
1375 843 1415 874 et
1440 835 1516 874 olei

193 917 233 949 et
257 909 436 947 frumenti
469 915 508 946 et
539 907 654 959 ipsius
687 902 851 944 civitatis
882 914 1004 954 acque
1031 901 1067 939 in
1095 897 1279 952 spiritalia
1313 895 1470 946 figurari
1496 905 1517 930 a

193 974 385 1006 creatore.

308 1028 375 1065 32.
439 1023 554 1061 Ovem
593 1029 631 1060 et
669 1020 891 1070 drachmam
930 1016 1120 1070 perditam
1160 1015 1242 1066 quis
1281 1010 1516 1063 requi-ritffl)

192 1094 318 1119 nonne
346 1082 407 1132 qui
434 1079 627 1132 perdidit?
654 1079 744 1126 Quis
770 1084 895 1115 autem
922 1066 1116 1128 perdidit?
1142 1084 1268 1110 nonne
1284 1067 1519 1122 quihabuit?

193 1138 264 1186 Qui
303 1151 395 1175 vero
434 1138 590 1175 habuit?
628 1148 753 1174 nonne
792 1135 899 1173 cuius
936 1134 1031 1171 fuit?
1080 1130 1119 1168 Si
1153 1130 1270 1181 igitur
1301 1127 1414 1166 homo
1442 1137 1518 1163 non

191 1196 350 1233 alterius
376 1201 434 1232 est
459 1207 540 1240 res,
574 1207 683 1245 qnam
710 1192 918 1237 creatoris,
947 1191 977 1228 is
1004 1202 1088 1228 enin
1115 1187 1265 1232 habuit,
1296 1184 1407 1223 'cuius
1432 1182 1515 1229 fuit,

191 1254 224 1290 is
249 1251 428 1304 perdidit,
457 1253 518 1303 qui
544 1251 688 1296 habuit,
715 1251 746 1287 is
772 1249 982 1300 requisivit,
1011 1247 1071 1298 qui
1099 1243 1279 1297 perdidit,
1306 1243 1339 1280 is
1359 1240 1516 1285 invenit,

194 1311 256 1361 qui
283 1310 485 1360 quaesivit,
519 1310 551 1346 is
577 1308 797 1353 exsultavit,
839 1306 900 1357 qui
927 1301 1084 1344 invenst-
1147 1302 1202 1341 lta
1230 1301 1426 1352 utriusque
1452 1310 1518 1350 pa-

194 1366 351 1403 rabolae
389 1367 650 1415 argumentum
681 1371 795 1403 vacat
820 1365 928 1402 cirea
954 1376 1058 1409 eum,
1098 1361 1204 1399 cuius
1238 1372 1313 1397 non
1346 1363 1405 1397 est
1428 1356 1518 1395 ,ovis

195 1435 317 1472 neque
351 1421 556 1468 drachma,
594 1421 632 1459 id
665 1428 723 1459 est
752 1421 881 1458 homo.
943 1420 1032 1470 Non
1065 1419 1163 1456 enim
1192 1415 1383 1468 perdidit,
1431 1414 1518 1466 quia

196 1491 271 1515 non
298 1478 440 1524 habuit,
472 1491 543 1516 nec
571 1479 786 1529 requisivit,
819 1478 906 1527 qnia
932 1490 1006 1514 non
1034 1472 1221 1527 perdidit,
1259 1486 1332 1511 nee
1358 1471 1516 1517 invenit,

197 1536 283 1586 quia
308 1548 379 1573 nee
404 1535 620 1585 requisivit,
655 1548 726 1572 nec
753 1531 980 1579 exsultavit,
1015 1533 1100 1583 quia
1127 1531 1385 1569 nonLinvenit.
1441 1522 1534 1567 -At-‘

197 1605 268 1643 que
294 1591 391 1630 adeo
419 1593 613 1630 exsultare
646 1593 744 1629 illius
770 1598 829 1630 est
855 1589 902 1629 de
928 1590 1165 1642 poenitentia
1197 1588 1436 1640 peccatoris,
1479 1585 1518 1623 id

196 1656 256 1687 est
293 1648 340 1687 de
378 1649 518 1700 perditi
555 1650 877 1700 recuperatione,
918 1649 1057 1699 qni'se
1095 1646 1291 1698 professus
1323 1651 1383 1683 est
1414 1643 1516 1690 olim,

194 1706 306 1744 malle
332 1708 550 1758 peccatoris
575 1701 849 1758 poenitentiam
878 1712 986 1757 qu'am
1015 1711 1187 1742 mortem.
1431 1731 1438 1747 2

308 1767 375 1804 33.
428 1763 570 1811 Quibus
595 1763 743 1801 duobus
769 1762 932 1800 dominis
959 1769 1076 1813 neget
1101 1773 1213 1813 posse
1240 1759 1396 1805 serviri,
1429 1758 1518 1810 quia

193 1821 352 1858 alterum
380 1820 524 1859 offendi
549 1822 598 1859 sit
624 1834 808 1867 necesse,
836 1821 996 1858 alterum
1024 1817 1192 1863 defendi,
1220 1819 1302 1869 ipse
1328 1815 1517 1863 declarat,

194 1878 304 1922 deum
341 1891 562 1929 proponens
599 1885 639 1916 et
680 1891 942 1916 mammonam.
963 1878 1000 1925 2)
1069 1874 1226 1926 ¹Deinde
1265 1882 1517 1913 mammonam

194 1947 304 1985 que-m
341 1936 505 1985 intelligi
545 1936 663 1981 velit,
702 1936 734 1973 si
771 1936 1022 1986 interpretem
1062 1948 1138 1972 non
1176 1932 1314 1979 hahes,
1336 1931 1400 1971 ab
1431 1931 1516 1984 ipso

193 1998 305 2042 potes
333 1991 500 2034 (discere.
562 1991 784 2034 Admonens
816 1993 914 2030 enim
953 2007 1042 2039 nos,
1087 1991 1134 2030 de
1167 1989 1408 2035 secularibus
1437 1989 1516 2029 suf-

193 2048 319 2098 fragia
345 2049 453 2087 nobis
479 2050 701 2100 prospicere
734 2050 1004 2097 amicitiarum,
1028 2047 1251 2095 “seeundum
1283 2048 1384 2087 servi
1415 2047 1516 2086 itlius

195 2106 426 2171 enom-plum,
461 2107 520 2157 qui
549 2107 595 2144 ab
622 2114 710 2145 actu
736 2115 941 2145 summotus
979 2107 1196 2146 dominicos
1229 2106 1427 2145 debitores
1459 2103 1516 2142 di-

193 2170 327 2228 minuit
365 2164 620 2211 cautionibus,
667 2165 813 2204 relevat
844 2165 880 2203 in
904 2165 1113 2206 ¹subsidium
1141 2164 1233 2211 sibi,
1267 2171 1306 2206 et
1326 2176 1430 2215 ego,
1459 2163 1516 2201 in-

194 2227 292 2285 quit,
332 2219 419 2266 dieo
445 2221 571 2268 vobis,
610 2222 727 2260 facite
759 2222 868 2260 vobis
904 2216 1067 2262 amicos‘
1088 2223 1136 2262 de
1167 2231 1393 2260 mammona.
1418 2220 1515 2259 iniu-

193 2278 380 2342 Sffflaest)
408 2278 455 2316 de
483 2292 631 2317 nummo
658 2281 820 2326 scilieet,
855 2279 900 2318 de
930 2294 1003 2333 quo
1030 2289 1070 2320 et
1095 2284 1229 2320 servus'
1248 2280 1327 2318 ille.
1362 2278 1516 2319 Iniusti-
1556 2300 1558 2302 v

192 2340 268 2400 tiae
301 2336 397 2373 enim
418 2343 627 2386 *auctorem
659 2344 698 2375 et
730 2336 1007 2378 dominatorem
1035 2332 1155 2378 'totius
1180 2331 1300 2376 seculi
1327 2328 1514 2375 nummum

191 2404 330 2430 seimus
356 2406 506 2440 omnes,
547 2395 607 2432 cui
639 2395 856 2434 famulatam
887 2395 1020 2436 videns
1051 2390 1515 2450 pharisaeorum‘cupidi-

192 2454 319 2495 tatem,
347 2452 553 2489 amentavit
578 2452 675 2490 hanc
702 2454 947 2492 sententiam:
977 2469 1051 2493 non
1078 2453 1239 2506 potestis
1265 2450 1339 2489 deo
1366 2450 1513 2496 servire

193 2511 231 2541 et
261 2519 507 2546 mammonae.
570 2509 786 2553 Irridebant
817 2510 982 2563 denique
1008 2511 1202 2564 pharisaei
1229 2497 1418 2561 pecuniae
1445 2521 1512 2546 cu-

284 2629 317 2670 1)
342 2633 612 2674 Luc.15,4sqq.
640 2638 738 2675 ssqq.
837 2637 873 2676 2)
900 2638 982 2669 nuc.
999 2638 1053 2677 16,
1071 2614 1123 2667 13.
1178 2675 1182 2678 .
1220 2636 1255 2676 3)
1282 2635 1360 2667 ibid.
1374 2615 1502 2668 §.i-9
1544 2636 1547 2638 ·
