1566 2808
362 198 489 230 ADV.
523 197 886 229 MARCIONEM
921 197 1099 228 LIBER
1135 199 1161 229 1.
1358 195 1424 232 42

98 291 240 330 unione
263 291 339 329 iam
363 302 538 329 excessa.
599 288 775 342 Denique
808 288 907 342 apud
937 303 1007 328 nos
1036 290 1094 328 vis
1124 289 1286 328 rationis
1316 290 1425 327 istius

97 349 184 402 ipso
209 348 375 387 termino
400 347 531 399 plures
556 345 652 386 deos
683 346 792 386 credi
824 361 900 386 non
932 348 1039 393 sinit,
1078 346 1180 399 quod
1217 359 1289 385 nec
1330 345 1426 386 duos

98 405 167 445 illa
190 405 338 457 regula,
363 418 477 444 unum
497 404 609 444 deum
633 405 791 452 sistens,
819 419 892 457 qua
924 404 1034 443 deum
1055 403 1093 442 id
1119 417 1204 443 esse
1232 410 1425 456 oporteat,

100 463 280 561 ἮΜΙ
305 461 545 514 adaequetur
575 470 617 501 ut
647 476 790 501 summo
822 476 981 514 magno,
1019 462 1171 500 unicum
1204 468 1331 500 autem
1363 463 1425 509 sit,

226 520 294 559 'hil
333 519 584 572 adaequetur.
646 520 724 559 Iam
757 534 859 560 nunc
891 520 966 559 duo
992 533 1135 558 summa
1160 532 1317 570 magna,
1346 518 1427 561 duo

97 578 226 632 paria,
264 579 327 617 cui
365 591 509 630 operae
546 579 695 630 pretio,
734 580 795 617 eui
833 578 1088 616 emolumento
1127 575 1430 628 deputarentur?

99 634 200 684 Quid
230 635 406 674 interfuit
440 637 606 682 numeri,
646 635 836 678 cumeduo
856 636 978 687 ‘paria
1008 648 1085 672 non
1117 633 1298 674 differant
1327 635 1430 672 uno?

99 691 185 733 Una
210 693 311 748 enim
336 706 400 732 res
425 701 497 740 est,
525 706 622 745 quae
648 693 784 731 eadem
809 694 847 731 in
873 692 1021 731 (luobus
1046 698 1117 730 est.
1159 691 1319 729 Etiamsi
1344 691 1429 744 plu-

98 763 143 789 ra
168 757 300 791 essent
324 752 451 802 paria,
484 749 707 788 tantundem
733 750 861 788 omnia
884 758 1006 788 unum·
1023 749 1203 796 fuissent,
1242 749 1345 787 nullo
1371 749 1429 786 in-

98 815 161 846 ter
184 820 227 846 se
252 806 489 854 differendo,
517 821 590 859 qua
615 808 736 859 paria.
797 806 921 846 Porro
947 808 980 846 si
1005 813 1257 846 neutrumex
1281 805 1429 845 duobus

99 865 225 904 altero
251 863 384 912 dista-t,
423 866 497 904 iam
529 873 571 904 ut
600 865 711 904 ambo
738 858 883 904 summa
914 878 1072 916 magna,
1113 877 1186 921 qua
1211 863 1275 904 dei
1301 864 1427 915 ambo,

101 929 275 962 nentrum
307 923 392 975 plus
422 923 546 962 altero
572 930 762 975 praestat,
799 923 941 961 nullam
972 923 1160 962 rationem
1193 923 1341 961 numeri
1372 922 1430 960 sui
1481 963 1486 965 ,

101 979 321 1027 ostendunt,
347 982 622 1033 praestantiam
648 990 724 1018 non
750 980 950 1019 habentes.
1000 979 1192 1020 Numerus
1218 987 1345 1021 autem
1371 979 1430 1017 di-

100 1039 272 1077 vinitatis
297 1051 440 1077 summa
464 1040 616 1077 ratione
650 1043 830 1077 constare
864 1037 1044 1084 deberet,
1081 1038 1144 1076 vel
1177 1039 1354 1088 quoniam
1391 1044 1431 1076 et

102 1095 254 1135 cultura
289 1097 372 1135 eius
409 1098 448 1134 in
479 1110 624 1149 anceps
655 1095 929 1135 deduceretur.
990 1095 1097 1134 Ecce
1125 1096 1225 1134 enim
1251 1094 1347 1133 dnos
1372 1096 1430 1132 in-

92 1160 214 1192 ·tuens
239 1152 335 1193 deos
359 1161 447 1192 tam
461 1167 594 1206 pares,
621 1167 731 1206 quam
758 1153 832 1192 duo
858 1167 1001 1191 summa
1026 1165 1176 1203 magna,
1209 1152 1299 1203 quid
1323 1153 1431 1190 faee-

102 1223 204 1263 rem,
243 1212 274 1249 si
312 1211 444 1250 ambos
482 1211 678 1250 colerem?
730 1210 931 1257 Vererer,
966 1222 1013 1248 ne
1050 1209 1284 1248 abundantia
1310 1210 1431 1248 officii

104 1269 328 1321 superstitio
353 1270 480 1320 potius
501 1282 611 1320 quam
632 1269 771 1320 religio
792 1269 1091 1320 existimaietur,
1117 1268 1204 1319 quia
1231 1266 1326 1305 duos
1353 1274 1430 1305 tam

103 1339 219 1380 pares
255 1334 296 1366 et
330 1327 369 1364 in
406 1327 531 1366 altero
569 1326 702 1365 ambos
736 1339 901 1378 possem
926 1327 965 1363 in
996 1335 1072 1364 uno
1104 1324 1317 1372 demereri3
1355 1325 1429 1362 hoe

103 1385 226 1436 ipsum
251 1385 474 1422 testimonio
495 1391 701 1436 praestans
726 1384 913 1435 parilitati
939 1389 979 1420 et
1003 1383 1139 1420 unitati
1160 1395 1317 1428 eorum,
1344 1381 1431 1420 dum

103 1441 271 1480 alterum·
297 1442 335 1479 in
368 1442 493 1479 altero
523 1440 753 1487 venerarer,
793 1439 879 1478 dum
918 1441 955 1477 in
994 1453 1068 1477 uno
1092 1439 1190 1484 ,mihi
1223 1438 1298 1477 (luo
1329 1446 1428 1477 sunt.

105 1497 150 1538 Si
171 1498 334 1537 alterum
361 1499 550 1547 colerem,
582 1511 706 1551 aeque
743 1499 1023 1549 recogitarem,
1056 1510 1104 1536 ne
1131 1496 1350 1535 suffundere
1374 1499 1432 1538 ri-

101 1555 223 1596 derer
245 1558 392 1595 numeri
414 1558 622 1596 vanitatem
648 1558 730 1595 sine
750 1556 970 1595 differentia
989 1555 1230 1608 supervacui,
1258 1555 1430 1600 hoc-est,

103 1621 147 1652 ut
171 1614 288 1653 tutius
319 1616 519 1654 censerem
549 1617 725 1654 neutrum
758 1611 981 1661 colendum,
1021 1626 1130 1666 quam
1157 1613 1320 1651 alterum
1347 1625 1431 1650 cnm

104 1671 284 1724 scrupulo
311 1672 532 1721 colendum,
558 1680 625 1711 aut
654 1673 786 1713 ambos
815 1685 926 1711 vane.

215 1734 275 1772 6.·
299 1729 378 1769 *Sic
404 1730 529 1770 adhuc'
552 1730 728 1774 videmur
753 1730 967 1781 disputare,
1001 1730 1108 1780 quasi
1132 1728 1309 1767 Marcion
1336 1726 1431 1769 duos

104 1797 220 1839 pares
257 1788 477 1826 constituat.
550 1787 649 1826 Nam
688 1787 775 1826 dum
819 1786 1058 1832 defendimus
1102 1785 1212 1824 deum
1250 1798 1431 1825 summum

105 1857 282 1895 magnum
313 1846 465 1886 unicum
498 1844 606 1883 credi
633 1852 836 1896 oportere,
875 1842 1126 1889 excludentes
1151 1843 1199 1881 ab
1225 1855 1272 1881 eo
1298 1842 1432 1894 parili-

103 1908 242 1949 tatem,
279 1909 458 1955 tanquam
490 1901 538 1941 de
570 1902 719 1941 duobus
748 1902 923 1955 paribuS,
962 1894 1010 1939 de
1041 1901 1100 1938 his
1124 1900 1430 1945 retractavimus,

105 1959 349 1999 nihilominus
385 1967 512 1999 tamen
537 1959 721 1998 docendo
759 1968 874 2014 pares
912 1971 997 1999 esse
1030 1972 1105 1996 non
1147 1970 1261 2009 posse
1293 1970 1431 2002 seeun-

104 2015 192 2057 dum
219 2019 359 2056 summi
384 2019 510 2069 magni
535 2018 716 2064 formam,
755 2019 847 2056 satis
879 2005 1189 2056 confirmavimus
1218 2014 1313 2054 duos
1344 2028 1430 2054 esse

104 2087 182 2113 non
207 2089 335 2128 posse.
388 2075 573 2128 Alioquin
600 2077 721 2124 certi}
743 2075 987 2115 Marcionem
1015 2073 1190 2126 dispares
1216 2063 1311 2112 deos
1337 2086 1430 2111 con-

104 2133 286 2182 stituere,
330 2134 494 2172 alterum
520 2127 884 2181 iudicemffijferum,
916 2132 1228 2184 bellipotentem,
1267 2131 1430 2169 alterum

105 2189 253 2236 mitem,
295 2189 488 2253 placidum
526 2199 567 2230 et
602 2191 864 2230 tantummodo
901 2191 1043 2229 bonum
1079 2197 1194 2242 atque
1233 2190 1428 2241 optimum.

103 2242 358 2299 Dispiciamus
394 2250 526 2301 aeque
555 2256 595 2288 et
629 2249 740 2289 hane
765 2256 935 2302 partem,
979 2262 1028 2286 an
1066 2247 1269 2287 div-emitas
1306 2246 1430 2290 saltim

103 2303 199 2342 duos
231 2306 376 2359 capiat,
403 2308 436 2344 si
466 2308 638 2358 parilitas
659 2314 811 2359 capere
843 2320 919 2345 non
950 2307 1086 2358 potuit.
1148 2305 1270 2342 Porro
1302 2303 1429 2341 ethic

101 2361 238 2402 eadem
276 2363 411 2414 regula
447 2365 579 2402 summi
605 2365 743 2414 magni
779 2363 1087 2415 patrocinabitur
1123 2362 1252 2407 nobis,
1295 2367 1429 2412 utpote

102 2432 202 2472 quae
232 2426 355 2458 totum
384 2427 523 2460 statum
558 2420 730 2460 vindicet
760 2420 984 2460 divinitatis.
1053 2415 1298 2458 Conveniens
1328 2419 1429 2458 enim

102 2483 145 2516 et
180 2476 462 2530 quodammodo
487 2478 787 2517 ¹iniecta-manu
819 2477 1246 2531 detinensadversarii
1277 2489 1428 2514 sensum

102 2548 180 2574 non
217 2536 393 2587 negantis
432 2543 649 2577 creatorem
688 2535 819 2582 deum,
857 2536 1063 2574 iustissime
1101 2533 1326 2586 praescribo
1357 2533 1426 2579 illi,

103 2591 317 2632 diversitati
355 2594 478 2632 locum
512 2607 588 2632 non
621 2594 840 2632 esse·inter
871 2606 958 2640 eoS,
1004 2594 1066 2645 qui
1097 2605 1147 2649 ex
1177 2604 1301 2644 aequo
1333 2590 1427 2630 deos
