1566 2808
152 221 250 258 118
410 224 534 256 ADv.
572 222 940 256 MARCIONEM
975 225 1152 255 LIBER
1180 224 1238 255 111.

153 323 290 368 potens
306 316 604 366 tempestivitate
619 322 684 353 tua
700 322 740 354 et
752 315 1035 367 pulchritudine
1051 323 1115 355 tua
1129 318 1186 366 1);
1204 326 1288 355 cum
1303 322 1344 355 et
1355 323 1480 369 pater,

154 380 401 425 posteaquam
429 371 603 411 diminuit
628 386 713 411 eum
727 372 917 412 modicum
945 373 1033 426 quid
1049 375 1146 413 citra
1160 374 1334 426 angeloS,
1356 374 1482 426 gloria

155 437 194 468 et
220 431 367 468 honore
390 431 594 468 coronabit
613 431 716 469 illum
738 438 778 468 et
797 431 976 470 subiiciet
997 433 1123 470 omnia
1143 431 1304 484 pedibus
1330 432 1480 480 eius2).

152 487 258 525 Tunc
274 493 314 525 et
329 494 569 537 cognoscent
583 501 681 535 enm,
698 489 761 540 qui
777 497 1067 540 compugerunt,
1085 496 1123 527 et
1139 488 1305 528 caedent
1318 496 1481 541 pectora

154 558 220 582 sua
236 545 355 582 tribus
370 543 417 582 ad
434 545 570 582 tribum
585 546 635 594 ³),
663 547 792 597 ntique
809 545 909 598 quod
926 553 1032 584 retro
1049 559 1125 584 non
1139 553 1381 597 agnoverunt
1395 546 1482 584 eum
1527 587 1532 592 ,

153 604 191 640 in
205 603 417 640 humilitate
435 602 669 641 conditionis
685 603 883 642 humanae.
923 603 973 641 Et
987 603 1100 641 homo
1116 611 1187 650 est,
1209 604 1331 655 inquit
1345 600 1484 641 Hiere-

154 661 259 705 mias,
289 667 328 698 et
354 660 436 711 quis
464 667 678 711 cognoscet
708 661 811 700 illum
825 662 892 708 4)?
935 661 1031 708 Quia
1057 668 1096 699 et
1121 661 1359 713 nativitatem
1386 661 1482 706 eius,

153 718 275 767 inquit
300 717 447 763 Esaias,
476 719 558 769 quis
585 719 863 767 enarrabit5)?
910 717 975 756 Sic
1002 725 1042 757 et
1066 717 1165 770 apud
1190 718 1419 757 Zachariam
1445 718 1484 756 in

155 787 320 825 persona
346 773 456 820 Iesu,‘
491 776 566 813 imo
607 777 709 814 etin
747 777 829 827 ipso
869 776 1032 813 nominis
1069 783 1332 822 sacramento,
1369 787 1484 813 verus

154 845 317 870 summus
349 831 534 870 sacerdos
566 834 704 883 patris,
740 833 914 872 Christus
947 833 1071 879 Iesus,
1107 832 1251 884 duplici
1284 832 1417 871 habitu
1443 832 1483 869 in

155 888 250 927 duos
287 888 472 927 adventus
511 889 745 936 delineatur,
785 892 908 942 primo
947 889 1111 930 sordidis
1143 889 1315 937 indutus,
1354 888 1394 926 id
1425 895 1486 927 est

155 947 281 984 carnis
313 947 505 998 passibilis
545 954 583 986 et
615 949 787 986 mortalis
821 947 1068 998 indignitate,
1114 961 1198 986 cum
1231 954 1272 986 et
1308 945 1484 984 diabolus

155 1003 432 1042 adversabatur
457 1006 511 1050 ei,
545 1012 682 1043 auctor
713 1006 866 1043 scilicet
892 1004 1009 1043 Iudae
1036 1003 1254 1052 traditoris,
1281 1016 1331 1042 ne
1358 1002 1485 1054 dicam

154 1063 268 1099 etiam
295 1069 383 1113 post
414 1062 602 1113 baptisma
627 1069 817 1109 tentator,
858 1062 997 1100 dehinc
1032 1062 1269 1114 despoliatus
1303 1061 1485 1113 pristinas

154 1118 308 1164 sordes,
343 1126 383 1156 et
414 1126 622 1158 exornatus
655 1119 802 1171 podere
830 1127 869 1159 et
894 1121 1008 1158 mitra
1034 1127 1074 1159 et
1107 1119 1233 1158 cidari»
1254 1118 1412 1164 munda,
1444 1116 1485 1156 id

155 1183 214 1213 est
240 1175 399 1213 secundi
425 1176 611 1214 adventus
638 1177 761 1227 gloria
794 1185 834 1215 et
858 1177 1009 1216 honore
1023 1178 1076 1226 6).
1128 1175 1171 1214 Si
1197 1177 1297 1215 enim
1323 1182 1364 1214 et
1389 1174 1486 1213 duo-

155 1233 476 1280 rumhircor'um,
506 1235 568 1285 qui
594 1235 738 1288 ieiunio
766 1234 1100 1283 offerebantur‘l),
1127 1234 1266 1272 faciam
1293 1235 1489 1285 interpre—

155 1291 360 1337 tationem,
388 1304 515 1330 nonne
542 1298 582 1330 et
606 1292 660 1330 illi
687 1299 888 1346 utrumque
917 1291 1090 1341 ordinem
1117 1291 1260 1330 Christi
1294 1291 1487 1343 figurant?

155 1348 274 1386 Pares
313 1347 463 1400 quidem
498 1356 611 1400 atque
651 1351 870 1388 consimiles
903 1357 1065 1402 propter
1096 1349 1258 1388 eundem
1292 1347 1486 1387 dominum
1516 1357 1526 1361 ·

156 1413 424 1456 conspectum,
466 1407 553 1457 qnia
586 1419 660 1444 non
693 1408 731 1444 in
764 1408 838 1445 alia
869 1415 1051 1445 venturus
1083 1414 1143 1446 est
1173 1408 1323 1453 forma,
1349 1413 1392 1444 ut
1423 1405 1486 1457 qui

155 1463 315 1513 agnosci
347 1462 505 1508 habeat,
538 1476 557 1500 a
593 1464 726 1514 quibus
759 1471 800 1502 et
831 1465 957 1502 laesus
990 1471 1061 1503 est.
1121 1463 1235 1502 Alter
1265 1470 1392 1502 autem
1418 1475 1486 1501 eo-

156 1533 237 1558 rum
265 1519 524 1558 circumdatus
558 1522 741 1567 coccino,
770 1520 998 1559 maledictus
1024 1527 1064 1559 et
1090 1528 1307 1573 consputus·
1324 1527 1364 1559 et
1390 1533 1486 1559 con-

154 1579 282 1619 vulsus
309 1584 348 1616 et
369 1585 632 1629 compunctus,
660 1579 850 1630 apopulo
878 1586 989 1617 extra
1015 1580 1209 1617 civitatem
1229 1577 1486 1616 abiiciebatur

155 1634 509 1687 in.pe1·ditionem,
560 1637 772 1674 manifestis
810 1643 964 1675 notatus
1010 1637 1224 1687 insignibus
1262 1635 1484 1674 dominicae
1539 1682 1543 1684 V

155 1694 357 1745 passionis.
407 1692 522 1731 Alter
551 1706 644 1732 vero
677 1707 746 1745 pro
781 1693 934 1733 delictis
967 1694 1118 1732 oblatus
1149 1701 1190 1732 et
1214 1692 1485 1732 sacerdotibus

155 1751 288 1802 templi
324 1751 362 1788 in
394 1751 572 1801 pabulum
605 1750 714 1789 datus
746 1751 940 1790 secund-ie
966 1752 1350 1806 repraesentationis
1371 1762 1487 1807 argu-

156 1815 285 1847 menta
316 1808 511 1858 signabat,
551 1821 624 1860 qua
656 1808 808 1847 delictis
847 1809 1021 1847 omnihus
1059 1809 1225 1861 expiatis
1257 1797 1486 1860 sacerdotes

158 1865 287 1916 templi
319 1866 520 1917 spiritalis,
554 1865 593 1903 id
625 1873 685 1904 est
717 1867 930 1913 ecelesiae,
958 1866 1175 1905 dominicae
1202 1866 1352 1917 gratiae
1378 1865 1486 1917 quasi

155 1924 414 1961 visceratione
442 1923 603 1975 quadam
635 1924 874 1971 fruerentur,
906 1918 1164 1963 ieiunantibus
1196 1924 1339 1962 ceteris
1371 1935 1394 1960 a
1420 1935 1483 1961 sa-

158 1981 248 2018 lute.
312 1979 433 2031 Igitur
465 1982 640 2032 qnoniam
667 1983 810 2032 primns
835 1981 1022 2021 adventus
1048 1989 1087 2020 et
1116 1982 1329 2034 plurimum.
1350 1979 1486 2032 figuris

158 2037 386 2076 obscuratus
423 2045 463 2076 et
501 2040 602 2076 omni
628 2040 872 2078 inhonestate
910 2047 1126 2092 prostratus
1152 2039 1383 2083 canebatur,
1421 2049 1485 2075 se-

159 2094 305 2134 cundus
329 2108 423 2133 vero
451 2093 737 2135 et'manisestus
763 2104 803 2135 et
827 2097 902 2136 deo
925 2096 1152 2148 condignus,
1179 2095 1342 2141 idcirco,
1371 2106 1484 2146 quem

157 2153 273 2192 facile
300 2160 340 2191 et
364 2153 583 2203 intelligere
616 2161 656 2191 et
681 2154 844 2193 credere
870 2156 1209 2206 potuerunt,e11m
1236 2152 1357 2191 solum
1382 2152 1485 2190 intu-

158 2218 281 2257 entes,
307 2209 347 2248 id
373 2217 433 2249 est
458 2183 665 2249 se⁰m1ndnm
680 2212 738 2260 8),
766 2226 842 2250 non
867 2213 1058 2250 immerito
1085 2210 1238 2263 decepti
1264 2215 1352 2248 sunt
1377 2210 1486 2247 cirea
1507 2259 1510 2262 ἢ

159 2264 437 2315 obscuriorem,
466 2275 573 2307 certe
599 2268 875 2319 indigniorem,
903 2268 941 2306 id
968 2276 1027 2307 est
1051 2270 1251 2321 primumss·
1274 2265 1402 2319 Atque
1429 2267 1484 2304 im

158 2327 195 2364 in
220 2325 449 2365 hodiernum
481 2333 625 2378 negant
653 2328 806 2366 venisse
841 2327 1031 2365 Christum
1059 2340 1184 2374 suum,
1224 2325 1313 2377 quia
1344 2335 1433 2362 non
1444 2323 1483 2361 in

253 2487 286 2518 15
310 2489 364 2519 Ps.
379 2490 434 2528 45,
451 2490 468 2519 3
485 2498 533 2526 sq,
560 2490 602 2520 cf.
622 2489 728 2520 LXX.
825 2488 861 2533 2)
887 2490 941 2520 Pa.
962 2492 993 2529 8,
1013 2492 1032 2520 6
1054 2490 1097 2520 cf.
1111 2489 1218 2519 Lxx.
1313 2486 1349 2524 3)
1367 2485 1483 2518 ⁴Zaeh

162 2536 214 2572 12,
232 2536 285 2565 12.
362 2536 400 2575 4)
426 2535 787 2577 1er.17‚9.cf.1,XX.
862 2534 897 2577 5)
923 2538 987 2567 les.
1001 2532 1056 2574 53,
1072 2538 1102 2565 8.
1180 2532 1215 2564 (ἢ
1239 2532 1344 2563 zach
1358 2535 1434 2570 cap'
1451 2532 1482 2562 3.

159 2579 196 2620 7)
223 2581 301 2609 Lev.
317 2582 371 2619 16,
387 2584 492 2619 5sqq.
587 2580 624 2624 8)
646 2581 708 2612 Ed.
721 2576 824 2613 Fran.
839 2582 959 2622 etRig.
986 2580 1227 2612 secundum
1255 2578 1325 2617 qui
1350 2581 1415 2608 est
1440 2577 1482 2608 in

159 2624 319 2655 honore
346 2629 386 2656 et
412 2628 571 2666 gloria,
595 2637 677 2658 non
699 2628 912 2659 immerito
938 2631 1003 2659 etc.
