1604 2800
344 157 421 189 DE
451 155 964 189 RESURRECTIONE
1001 156 1227 193 CABNIS.
1340 155 1441 194 115

111 263 189 289 non
226 256 267 289 et
302 250 342 288 in
378 247 509 288 edicto
545 248 845 288 resurrectionis
882 248 1107 299 spiritaliter
1141 247 1444 299 intelligendae?

114 307 294 360 quoniam
330 305 483 358 quidem
518 305 682 357 plurima
716 305 818 343 ratio
855 303 1076 343 intercedit.
1160 304 1288 344 Primo
1326 307 1441 354 enim,

113 363 205 418 quid
228 364 377 403 facient
400 370 459 402 tot
482 362 559 401 alia
583 363 838 401 instrumenta
862 360 1010 409 divina,
1046 363 1103 401 ita
1132 370 1267 414 aperte
1300 376 1442 415 corpo-

111 421 233 461 ralem
259 421 519 461 contestantia
538 420 878 466 resurrectionem,
904 426 946 458 ut
964 419 1102 458 nullam
1123 418 1327 458 admittant
1345 420 1443 472 figu-

109 485 219 518 ratae
257 478 539 530 significantiae
576 478 860 530 suspicionem?
917 476 969 515 Et
1010 478 1141 529 utique
1179 489 1341 530 aequum
1379 478 1441 524 sit,

112 535 215 589 qnod
240 542 280 575 et
303 549 419 588 snpra
444 534 772 581 demandavimus,
804 535 955 572 incerta
986 533 1034 573 de
1067 535 1184 573 certis
1210 541 1251 572 et
1276 534 1443 573 obscura

112 592 161 632 de
198 593 412 632 manifestis
442 591 721 644 praeiudicari,
758 591 820 630 vel
851 604 899 630 ne
925 593 1028 630 inter
1052 590 1284 630 discordiam
1311 599 1442 630 certo-

111 664 196 690 rum
221 657 262 690 et
284 651 540 697 incertorum,
578 649 867 688 manifestorum
898 655 938 687 et
964 648 1214 687 obscurorum
1241 647 1338 689 fides
1364 648 1443 687 dis-

112 709 278 760 sipetur,
321 708 466 746 veritas
502 707 765 759 periclitetur,
810 707 894 756 ipsa
930 704 1108 744 divinitas
1143 712 1185 743 ut
1221 706 1443 744 inconstans

114 763 340 812 denotetnr3
379 771 456 802 tum
483 762 585 815 qnod
608 762 816 801 verisimile
841 775 919 800 non
944 769 1022 809 est,
1061 769 1102 800 ut
1131 774 1180 800 ea
1204 763 1356 813 species
1381 774 1442 799 sa-

113 821 321 867 cramenti,
359 821 398 858 in
429 833 540 871 quam
573 818 668 857 fides
699 825 781 856 tota
813 819 1081 865 committitur,
1117 819 1157 856 in
1188 831 1299 870 quam
1325 817 1443 856 disci-

109 878 216 931 plina
239 884 323 916 tota
348 877 571 922 connititur,
597 875 785 926 ambigue·
801 874 1069 922 adnuntiata1)
1097 882 1138 913 et
1162 875 1326 914 obscure
1353 888 1444 927 pro-

111 935 240 988 posita
263 933 459 980 videatur,
497 931 650 985 quando
675 945 763 984 spes
790 932 1108 978 resurrectionis,
1141 932 1214 970 nisi
1239 933 1445 970 manifesta

55 992 64 996 ’
111 991 161 1034 de
185 991 361 1045 periculo
393 998 433 1030 et
462 991 654 1042 praemio,
692 990 881 1028 neminem
913 987 962 1027 ad
994 987 1184 1027 eiusmodi
1214 990 1443 1040 praesertim

110 1049 340 1101 religionem
365 1048 522 1101 publico
549 1046 640 1086 odio
666 1053 708 1085 et
730 1046 863 1084 hostili
888 1046 1020 1096 elogio
1047 1045 1252 1084 obnoxiam
1283 1059 1444 1098 persna-

112 1106 239 1149 deret.
298 1105 455 1144 Nullum
481 1117 576 1157 opus
602 1110 748 1142 certum
774 1110 834 1142 est
862 1100 1054 1141 mercedis
1084 1103 1280 1150 incertae3
1319 1103 1444 1140 nullus

113 1164 231 1203 timor
254 1163 376 1201 iustus
400 1169 461 1200 est
484 1161 649 1213 periculi
674 1159 792 1198 dubii.
853 1159 904 1197 Et
928 1171 1079 1198 merces
1109 1166 1238 1197 autem
1270 1166 1310 1197 et
1339 1159 1444 1211 peri-

114 1220 239 1260 eulum
271 1220 311 1258 in
341 1219 640 1257 resurrectionis
672 1215 815 1268 pendet
851 1223 1004 1255 eventu.
1065 1215 1115 1254 Et
1151 1217 1183 1254 si
1213 1216 1445 1268 temporalia

114 1284 155 1317 et
179 1276 324 1316 localia
347 1282 388 1315 et
411 1275 634 1327 personalia
658 1273 723 1313 dei
749 1272 910 1313 decreta
935 1280 1050 1325 atque
1082 1271 1226 1311 iudicia
1255 1274 1295 1311 in
1327 1273 1444 1311 urbes

113 1341 155 1374 et
178 1340 316 1386 gentes
342 1339 383 1372 et
406 1345 534 1384 reges,
560 1339 637 1370 tam
662 1338 797 1383 aperta
821 1331 1026 1383 prophetia
1051 1330 1217 1368 iaculata
1238 1337 1310 1376 est,
1332 1330 1444 1382 quale

114 1398 195 1438 est,
231 1397 275 1429 nt
304 1396 488 1429 aeternae
519 1388 794 1440 dispositiones
824 1389 908 1426 eius
939 1394 980 1426 et
1002 1387 1242 1425 universales
1266 1388 1305 1424 in
1332 1399 1444 1425 omne

113 1448 306 1488 hominum
337 1460 458 1498 genus
489 1446 614 1485 lucem
644 1446 703 1484 sui
738 1445 927 1496 fugerint,
966 1456 1064 1496 quae
1102 1450 1244 1495 quanto
1282 1445 1443 1489 maiora,

114 1512 222 1544 tanto
248 1505 417 1543 clariora
442 1516 528 1542 esse
560 1502 769 1549 deberent,
807 1509 849 1541 ut
878 1502 1026 1540 maiora
1057 1499 1337 1539 crederentur?
1394 1500 1446 1539 Et

116 1569 211 1616 puto
248 1560 322 1600 deo
360 1574 433 1600 nec
471 1561 629 1599 livorem
662 1573 737 1599 nee
768 1558 896 1598 dolum
928 1571 1000 1597 nec
1037 1559 1333 1597 inconstantiam
1371 1570 1445 1596 nec

116 1619 350 1659 lenocinium
375 1617 545 1656 adscribi
569 1630 703 1669 posse,
741 1630 813 1668 per
843 1628 941 1667 quae
971 1616 1056 1653 fere
1080 1615 1339 1666 promulgatio
1365 1627 1445 1653 ma-

112 1678 236 1715 iorum
263 1675 476 1714 cavillatur.

230 1735 302 1774 22.
355 1731 448 1768 Post
471 1730 568 1767 haec
594 1727 642 1766 ad
667 1729 754 1766 illas
778 1729 894 1766 etiam
918 1728 1129 1778 scripturas
1161 1725 1444 1779 respiciendum

116 1795 195 1836 est,
238 1799 335 1839 qnae
379 1799 455 1824 non
491 1787 620 1823 sinunt
654 1785 978 1822 resurrectionem
1016 1782 1224 1831 secundum
1261 1784 1446 1822 animales

115 1847 232 1892 istos,
269 1856 318 1882 ne
350 1838 512 1885 dix'erim
543 1841 755 1892 spiritales,
792 1847 859 1878 ant
887 1840 950 1878 hic
975 1840 1050 1878 iam
1074 1840 1112 1877 in
1135 1841 1311 1878 veritatis
1335 1842 1445 1892 agni-

115 1903 223 1942 tione
247 1900 440 1953 praesumi
464 1906 531 1937 aut
554 1898 601 1936 ab
628 1910 788 1936 excessu
814 1898 940 1935 statim
964 1897 1068 1935 vitae
1094 1896 1294 1936 vindicari.
1350 1897 1444 1936 Cum

117 1960 219 1998 enim
244 1965 285 1997 et
308 1965 485 2009 tempora
509 1955 626 1993 totius
650 1955 734 2006 spei
760 1954 835 1993 fixa
859 1955 935 1992 sint
958 1961 1208 1992 sacrosancto
1234 1954 1344 2001 stilo,
1370 1967 1444 1993 nee

117 2017 237 2056 liceat
261 2028 345 2054 eam
370 2020 459 2052 ante
486 2012 686 2059 constitui,
712 2025 822 2064 quam
847 2012 886 2050 in
911 2010 1127 2058 adventum,
1154 2011 1305 2063 opinor,
1333 2011 1446 2050 Chri-

118 2074 181 2120 sti,
205 2079 297 2111 vota
321 2078 455 2110 nostra
480 2070 672 2122 suspirant
690 2069 728 2107 in
753 2069 875 2108 seculi
900 2068 1008 2107 huius
1034 2081 1227 2115 occasum,
1253 2070 1292 2107 in
1319 2075 1444 2107 trans-

118 2131 211 2168 itum
235 2127 363 2167 mundi
389 2140 539 2180 quoque
564 2125 614 2165 ad
638 2125 739 2165 diem
764 2125 908 2165 domini
933 2139 1127 2177 magnum,
1165 2125 1266 2164 diem
1296 2127 1378 2164 irae
1404 2132 1446 2164 et

118 2186 403 2231 retributionis,
442 2183 542 2222 diem
578 2184 748 2222 ultimum
778 2190 819 2222 et
848 2184 1059 2230 occultum,
1097 2196 1170 2222 nec
1194 2183 1262 2221 ulli
1286 2189 1445 2234 praeter

121 2257 232 2296 quam
257 2243 357 2294 patri
383 2249 532 2288 notum,
570 2248 612 2280 et
634 2248 761 2280 tamen
786 2242 906 2292 signis
930 2247 1044 2293 atque
1069 2241 1259 2292 portentis
1284 2246 1325 2277 et
1350 2252 1445 2277 con-

122 2299 362 2340 cussionibus
386 2299 662 2338 elementorum
688 2306 728 2337 et
747 2298 1098 2337 conflictationibus
1116 2298 1310 2335 nationum
1330 2308 1444 2347 prae-

120 2364 305 2396 notatum.
365 2355 593 2394 Evolverem
619 2356 855 2408 prophetias,
881 2356 914 2393 si
939 2354 1113 2393 dominus
1138 2356 1219 2406 ipse
1245 2354 1443 2399 tacuisset,

108 2416 194 2453 *nisi
230 2412 330 2466 quod
368 2420 407 2451 et
439 2413 663 2465 prophetiae
693 2426 770 2450 vox
800 2419 911 2452 erant
948 2410 1108 2459 domini3
1146 2409 1214 2450 sed
1250 2411 1334 2463 plus
1370 2417 1443 2456 est,

215 2541 251 2577 1)
277 2539 383 2570 Rhen.
407 2541 606 2570 annuatu.

1101 2578 1158 2621 8*
