1604 2800
519 179 594 210 DE
631 178 823 211 CARNE
861 181 1115 213 CHRISTI.
1407 180 1479 218 ⁶5

150 280 228 312 tem
267 273 414 320 crucis3
434 273 472 320 ¹)
505 273 648 311 amavit
682 274 833 325 utique,
872 286 982 325 quem
1020 287 1160 324 magno
1197 272 1377 313 redemit.
1438 273 1481 314 Si

149 330 324 369 Christus
350 336 508 369 creator
531 331 614 369 eius
639 337 710 377 est,
729 332 770 380 2)
785 344 891 369 suum
917 333 1054 370 merito
1080 333 1238 379 amavit3
1271 333 1302 371 si
1328 332 1376 371 ab
1402 333 1481 372 alio

149 387 223 427 deo
248 394 321 434 est,
348 389 469 439 magis
493 387 698 435 adamavit,
726 387 877 440 quando
904 389 1068 428 alienum
1094 388 1272 428 redemit.
1326 390 1482 429 Amavit

149 459 246 497 ergo
284 458 369 484 cum
407 446 560 484 homine
599 446 714 484 etiam
753 447 1010 493 nativitatem,
1049 448 1164 486 etiam
1196 460 1352 486 carnem
1383 448 1480 487 eius.

148 503 254 542 Nihil
279 504 400 542 amari
426 510 555 555 potest
579 504 662 542 sine
688 516 749 549 eo,
776 517 848 555 per
873 504 973 556 quod
1000 512 1059 543 est
1084 504 1135 551 id,
1163 504 1264 557 quod
1290 513 1363 544 est.
1400 505 1482 544 Aut

148 562 261 600 aufer
291 561 548 607 nativitatem,
587 568 628 599 et
658 561 798 600 exhibe
825 561 1035 610 hominem;
1074 562 1200 601 adime
1227 576 1403 610 carnem,
1442 571 1482 602 et

146 625 322 672 praesta,
361 631 472 671 quem
499 617 594 657 deus
619 617 797 658 redemit.
859 619 901 657 Si
938 620 1038 659 haec
1075 627 1162 658 sunt
1197 621 1333 668 homo,
1368 634 1480 673 quem

148 676 244 716 deus
269 675 453 723 redenfit,
492 683 533 714 tu
564 676 662 715 haec
694 676 962 715 erubescenda
992 677 1048 715 ini
1081 678 1195 724 finis,
1235 691 1333 729 quae
1365 677 1482 717 rede-

148 735 229 780 mit,
255 741 296 772 et
319 733 497 784 indigna,
525 747 622 785 quae
649 735 721 772 nisi
748 733 959 781 dilexisset,
985 748 1062 772 non
1089 734 1341 774 redemisset?
1399 735 1482 774 Na-

148 792 299 830 tivitate
347 791 559 829 reformata
588 791 626 837 3)
666 793 966 841 regeneratione
1005 792 1186 838 coelesti,
1238 805 1393 831 earnem
1431 793 1480 831 ab

147 849 250 887 omni
274 848 481 887 vexatione
508 849 687 886 restituit.
748 847 960 900 Leprosam
987 849 1195 896 emaculat,
1234 862 1391 889 caecam
1417 863 1482 889 re-

146 906 317 954 luminat,
335 907 374 953 ⁴)
401 905 655 957 paralyticam
680 904 936 957 redintegrat,
963 905 1253 945 daemoniacam
1280 908 1424 960 expiat,
1438 909 1478 955 ⁵)

146 970 333 1002 mortuam
358 964 583 1009 resuscitat,
621 969 662 1001 et
686 964 793 1001 nasci
818 964 856 1001 in
882 964 983 1002 illam
1011 965 1231 1003 erubescit?
1247 961 1286 1012 ⁶)
1349 964 1390 1004 Si
1417 978 1481 1004 re·

146 1034 239 1060 vera
264 1020 314 1060 de
339 1020 427 1072 lupa
453 1028 520 1059 aut
544 1033 611 1059 sue
638 1027 704 1058 aut
726 1033 849 1059 vacca
874 1020 1032 1072 prodire
1057 1022 1261 1068 vohsssset,
1300 1029 1341 1061 et
1371 1023 1479 1061 ferae

145 1085 212 1117 aut
236 1079 392 1131 pecoris
418 1091 585 1130 corpore
611 1077 763 1116 indutus
794 1091 953 1129 regnum
986 1079 1184 1117 coelorum
1217 1078 1478 1131 praedicaret,

143 1139 235 1182 tua,
273 1136 432 1187 opinor,
470 1136 524 1173 illi
552 1148 716 1173 censura
741 1136 1046 1186 praescribet-etz
1080 1143 1190 1187 turpe
1217 1137 1292 1175 hoe
1318 1135 1414 1183 deo,
1440 1143 1481 1175 et

146 1191 344 1244 indignum
370 1192 445 1230 hoc
472 1191 536 1230 dei
563 1192 640 1231 filio
667 1198 707 1230 et
732 1193 899 1230 stultum.
961 1192 1175 1244 Propterea
1202 1195 1269 1245 'qui
1300 1194 1355 1232 ita
1393 1206 1480 1233 cre-

147 1248 227 1297 dat,
252 1250 315 1288 sit.
333 1249 372 1296 ⁷)
434 1248 552 1287 Plane
578 1249 752 1295 stultum,
791 1250 823 1287 si
860 1249 907 1288 de
946 1257 1079 1288 nostro
1116 1263 1231 1289 seusu
1267 1249 1480 1290 iudicemus

147 1306 277 1347 deum.
341 1304 419 1345 Sed
446 1307 720 1358 circumspice,
758 1306 955 1353 Marcion,
993 1308 1026 1346 si
1057 1315 1184 1347 tamen
1216 1322 1292 1347 non
1319 1308 1478 1347 delesti:

147 1365 263 1404 stulta
287 1362 415 1402 mundi
441 1364 562 1415 elegit
586 1363 693 1410 deus,
720 1371 762 1401 ut
786 1363 997 1402 confundat
1021 1366 1228 1417 sapientes.
1250 1367 1291 1418 ⁸)
1353 1365 1480 1414 Quae-

147 1436 233 1461 nam
270 1422 368 1461 haec
405 1422 521 1460 stulta
557 1423 668 1460 sunt?
705 1423 908 1460 conversio
949 1422 1112 1460 hominis
1142 1422 1191 1460 ad
1221 1423 1364 1461 cultum
1395 1424 1480 1462 veri

148 1479 227 1527 dei,
252 1479 419 1520 reiectio
445 1479 604 1525 erroris,
632 1477 835 1530 disciplina
859 1480 1044 1526 iustitiae,
1070 1479 1303 1532 pudicitiae,
1330 1481 1481 1533 patien-

146 1538 241 1584 tiae,
268 1535 575 1583 misericordiae,
602 1536 876 1575 innocentiae?
924 1536 1060 1575 Omnia
1084 1537 1183 1576 haec
1209 1537 1361 1590 quidem
1386 1539 1482 1577 stul-

146 1602 189 1634 ta
223 1608 300 1633 non
336 1597 436 1632 sunt.
498 1593 651 1642 Quaere
683 1607 799 1644 ergo,
838 1593 886 1632 de
919 1595 1054 1646 quibus
1086 1594 1242 1634 dixerit.
1302 1595 1364 1638 Et,
1383 1596 1415 1634 si
1442 1602 1481 1634 te

147 1652 451 1706 praesumpseris
487 1652 700 1697 invenisse,
738 1665 815 1689 non
852 1653 929 1690 erit
958 1653 1032 1690 iam
1065 1652 1219 1690 stultum
1251 1651 1416 1692 credere
1442 1654 1480 1691 in

147 1709 259 1750 deum
275 1716 417 1755 natum,
443 1715 484 1747 et
503 1707 662 1765 ¹quidem
687 1721 736 1746 ex
761 1709 924 1759 virgine,
951 1715 992 1746 et
1016 1707 1167 1759 quidem
1194 1722 1390 1756 carneum,
1417 1711 1481 1761 qui

147 1780 220 1818 per
243 1767 329 1805 illas
354 1772 514 1803 naturae
541 1765 794 1803 contumelias
818 1765 1009 1803 volutatus
1034 1766 1096 1803 sit.
1145 1765 1262 1804 Dicat
1287 1766 1384 1804 haec
1409 1767 1482 1805 ali-

149 1824 232 1876 quis
256 1822 372 1861 stulta
398 1835 475 1859 non
499 1834 605 1867 esse,
643 1828 684 1859 et
713 1821 790 1859 alia
814 1822 909 1868 sint,
948 1834 1044 1874 quae
1070 1821 1165 1861 deus
1189 1824 1229 1860 in
1253 1824 1481 1862 aemulatio-

148 1894 235 1920 nem
272 1879 440 1930 elegerit
476 1878 689 1930 sapientiae
726 1878 927 1917 secularis.
986 1878 1039 1917 Et
1075 1887 1204 1919 tamen
1240 1879 1341 1932 apud
1376 1881 1480 1920 illam

148 1938 302 1989 facilius
339 1935 514 1975 creditur
550 1935 696 1987 Iupiter
732 1942 863 1974 taurus
893 1937 1019 1975 factus
1056 1944 1123 1975 aut
1159 1950 1329 1990 cygnuS,
1368 1951 1480 1990 quam

148 2009 243 2036 vere
268 1994 382 2034 homo
410 1993 584 2032 Christus
608 2005 729 2045 penes
751 1993 1005 2032 Marcionem.

266 2056 306 2094 5.
357 2050 455 2090 Sunt
478 2051 592 2103 plane
619 2057 659 2089 et
682 2051 758 2089 alia
788 2058 864 2090 tam
896 2052 1030 2099 stulta,
1069 2065 1167 2104 quae
1203 2054 1402 2104 pertinent
1431 2053 1481 2092 ad

151 2110 406 2149 contumelias
431 2115 472 2147 et
496 2109 695 2160 passiones
721 2106 796 2147 dei.
843 2108 925 2147 Aut
948 2108 1189 2161 prudentiam
1216 2109 1341 2150 dicam
1368 2110 1480 2150 deum

152 2167 404 2206 crucifixum?
461 2167 586 2204 Aufer
610 2166 684 2204 hoc
712 2178 882 2218 quoque,
907 2166 1103 2215 Marcion,
1135 2169 1211 2206 imo
1237 2168 1314 2206 hoc
1338 2169 1468 2220 potius

248 2304 284 2343 1)
310 2304 398 2334 Phil.
415 2305 445 2344 2,
460 2305 490 2333 8.
584 2305 622 2343 2)
648 2304 723 2344 Rig.
748 2303 792 2334 Si
819 2304 914 2335 Chr.
941 2305 1156 2337 creatori·
1175 2307 1252 2336 est.
1347 2303 1385 2348 3)
1408 2306 1481 2346 Rig.

150 2351 425 2383 nativitatem
452 2351 660 2380 reformat
687 2359 709 2380 a
735 2353 872 2381 morte
890 2360 1028 2391 regen.
1145 2351 1182 2390 4)
1209 2350 1291 2381 θοὰ.
1313 2351 1472 2390 Rigattii:

150 2396 407 2434 reluminat;
431 2395 507 2427 edd.
522 2405 658 2426 omnen:
687 2396 961 2434 perluminat.
1057 2396 1096 2439 5)
1122 2397 1304 2437 Rig.emt··.
1321 2402 1481 2436 captat.

152 2442 192 2487 6)
218 2441 474 2482 comnigaltii:
501 2444 541 2472 et
565 2451 641 2472 no·
662 2441 779 2472 illam
806 2443 1131 2474 erubescemus?
1228 2444 1265 2482 7)
1292 2443 1365 2484 Rig.
1384 2444 1482 2482 quia

152 2490 215 2520 itu
238 2489 397 2521 credat.
446 2487 510 2519 Sit
536 2487 663 2526 plane
687 2490 755 2518 etc.
802 2488 1032 2519 Sedfortane
1045 2489 1280 2521 scribendum:
1305 2492 1348 2520 et
1372 2491 1480 2521 stul-

152 2539 221 2567 tun
245 2544 314 2575 pr„
340 2534 410 2573 qui
436 2534 497 2564 ita
525 2542 591 2571 cr„
617 2534 685 2566 sit.
779 2532 815 2571 8)
841 2533 914 2573 Rig.
940 2535 1179 2574 snpientia,
1206 2536 1480 2568 cod.Wouw.et

154 2581 321 2612 emman.
339 2579 610 2619 sapientiam.
660 2580 677 2609 1
691 2578 771 2612 Cor.
787 2582 818 2619 1,
834 2581 888 2611 27.
938 2581 989 2612 Cf.
1004 2580 1079 2612 adv.
1094 2581 1203 2612 Marc.
1218 2583 1249 2621 5,
1264 2583 1295 2612 5.

213 2638 412 2670 Tamum..
439 2639 496 2670 lv.
1105 2671 1107 2680 ,
1165 2629 1190 2667 5
