1604 2800
630 192 702 223 DE
740 193 938 223 ANIMA.
1347 194 1450 231 nlo

127 284 240 324 cenni
264 283 413 335 proelio
440 289 657 337 extorquet,
684 297 760 322 non
786 284 921 332 latens,
954 298 1029 322 non
1055 285 1204 333 fallens,
1231 298 1306 324 non
1333 289 1450 327 cavil-

125 340 322 380 labundus.
383 339 555 388 Vereor,
593 354 641 380 ne
672 341 736 380 ille
769 343 889 393 magis
925 349 1035 394 pater
1072 343 1205 390 fuerit,
1244 344 1307 395 qui
1343 345 1450 384 eirca

125 397 295 437 Helenae
321 399 655 451 recuperationem
676 406 715 438 et
733 400 952 451 vigilantius
973 407 1011 438 et
1030 399 1229 439 audentius
1250 407 1290 439 et
1308 400 1449 440 diutius

124 455 370 494 laboraverit.

239 516 307 555 35.
326 511 359 562 ¹)
421 511 499 552 Sed
530 526 606 552 non
638 514 706 552 tibi
736 514 808 552 soli
838 512 1128 568 μετεμψύχωσις
1158 515 1256 554 hane
1282 515 1447 555 fabulam

123 570 314 617 instruxit,
347 569 434 610 inde
460 572 575 610 etiam
602 570 859 623 Carpocrates
885 573 1004 610 utitur
1029 573 1174 624 pariter
1198 586 1347 624 magus,
1380 587 1448 626 pa-

122 628 219 666 riter
241 627 485 675 fornicarius,
519 628 592 667 etsi
619 628 765 667 Helena
790 630 922 668 minus.
985 628 1149 677 Quidni?
1179 643 1261 668 cum
1288 637 1449 682 propter

123 683 375 724 omnimodam
402 684 551 724 divinae
578 693 618 724 et
641 686 827 725 humanae
846 685 1072 738 disciplinae
1093 688 1333 725 eversionem
1354 700 1448 726 con-

121 741 349 781 stituendam
393 744 641 794 recorporari
682 744 825 781 animas
861 742 1167 791 adseveraverit3
1211 745 1303 782 nulli
1347 745 1446 782 enim

119 800 236 837 vitam
254 799 363 838 istam
384 806 469 837 rato
496 799 593 846 fieri,
620 801 692 838 nisi
717 801 917 846 universis,
945 813 1041 851 quae
1066 807 1231 851 arguunt
1255 813 1352 847 eam,
1379 813 1447 838 ex—

119 856 284 907 punctis,
312 857 398 907 quia
418 869 491 893 non
513 863 647 894 natura
668 855 757 908 quid
777 857 913 895 malum
933 856 1133 903 habeatur,
1159 856 1229 896 sed
1249 858 1444 909 opinione.

119 911 252 965 ltaque
276 910 571 966 μετεμψύχωσιν
596 915 817 952 necessarie
843 915 1060 961 imminere,
1099 915 1130 953 si
1155 928 1231 953 non
1257 915 1295 953 in
1322 915 1443 966 primo

119 982 269 1021 quoquc
312 971 415 1009 vitae
458 970 567 1009 huius
611 978 825 1009 commeatu
869 971 1041 1009 omnibus
1084 971 1228 1009 illicitis
1270 971 1444 1009 satisfiat.

119 1025 282 1065 Scilicet
312 1027 487 1065 facinora
517 1027 660 1064 tributa
691 1034 777 1065 sunt
806 1028 923 1065 vitae.
986 1026 1164 1065 Ceterum
1197 1028 1337 1066 totiens
1362 1029 1444 1066 ani-

118 1096 216 1122 mam
246 1084 424 1121 revocari
454 1083 618 1129 habere,
658 1084 833 1135 quotiens
864 1084 986 1121 minus
1011 1082 1100 1135 quid
1125 1084 1314 1129 intulerit,
1351 1084 1443 1122 reli·

119 1140 329 1191 quatricem
356 1139 603 1185 delictorum,
637 1139 761 1178 donec
788 1140 962 1178 exsolvat
987 1141 1227 1178 novissimum
1254 1138 1442 1192 quadran-

117 1197 259 1243 tem,²)
287 1195 441 1234 detrusa
466 1195 674 1235 identidem
700 1198 737 1235 in
764 1209 962 1236 carcerem
988 1198 1176 1249 corporis.
1233 1196 1315 1235 Huc
1341 1198 1441 1236 enim

116 1259 306 1305 temperat
348 1260 466 1292 totam
512 1253 614 1292 illam
655 1253 880 1304 allegoriam
918 1252 1061 1292 domini
1098 1255 1214 1292 certis
1251 1254 1442 1306 interpre-

116 1310 324 1349 tationibus
355 1311 610 1357 relucentem,
644 1317 684 1349 et
714 1312 834 1362 primo
868 1309 1018 1363 quidem
1050 1311 1275 1362 simpliciter
1299 1311 1442 1349 intelli-

116 1365 292 1419 gendam.
365 1366 463 1406 Nam
496 1374 536 1406 et
565 1368 739 1406 ethnicus
776 1368 890 1406 homo
927 1367 1169 1406 adversarius
1206 1375 1338 1406 noster
1368 1374 1439 1414 est,

115 1423 300 1463 incedens
323 1425 362 1462 in
388 1423 522 1463 eadem
547 1426 608 1462 via
631 1426 733 1463 vitae
760 1426 980 1463 communis.
1032 1424 1210 1463 Ceterum
1237 1424 1443 1476 oportebat

114 1495 185 1520 nos
209 1480 258 1520 de
282 1480 422 1520 mundo
448 1482 628 1529 exire‚.³)
661 1482 693 1519 si
725 1495 808 1520 eum
840 1482 913 1520 illis
940 1482 1163 1520 conversari
1187 1494 1262 1518 non
1289 1481 1439 1520 liceret.

113 1537 212 1578 Huic
242 1551 339 1590 ergo
369 1538 509 1576 bonum
539 1540 655 1577 animi
690 1546 882 1590 praestes,
920 1539 1090 1584 iubet.4)
1151 1537 1308 1590 Diligite
1341 1539 1441 1577 enim

113 1595 290 1635 inimicos
313 1602 477 1642 vestros,
505 1596 638 1648 inquit,
665 1603 705 1634 et
731 1603 838 1635 orate
864 1610 934 1647 pro
961 1595 1279 1634 maledicentibus
1301 1608 1383 1640 vos,
1399 1597 1437 1640 ⁵)

114 1665 163 1691 ne
189 1653 317 1703 aliquo
342 1654 578 1691 commercio
603 1653 846 1702 negotiorum
872 1653 1009 1690 iniuria
1034 1658 1266 1703 provocatus
1291 1650 1439 1689 abstra-

113 1709 180 1747 hat
207 1715 243 1746 te
268 1707 317 1746 ad
342 1721 448 1746 suum
473 1707 657 1754 iudicem,
690 1715 730 1746 et
760 1709 798 1745 in
830 1707 1039 1746 custodiam
1073 1706 1272 1757 delegatus
1297 1706 1345 1745 ad
1371 1719 1438 1745 ex-

114 1765 343 1803 solutionem
368 1764 486 1802 totius
511 1763 631 1802 debiti
657 1765 832 1802 arcteris.
870 1763 962 1801 Tum
989 1765 1019 1801 si
1046 1764 1083 1801 in
1103 1761 1294 1802 diabolum
1314 1770 1438 1801 trans-

113 1822 238 1860 fertur
273 1819 484 1860 adversarii
521 1821 663 1858 mentio
696 1832 746 1857 ex
774 1820 1044 1858 observatione
1083 1820 1314 1867 comitante,
1353 1833 1438 1859 cum

113 1878 180 1917 illo
207 1871 361 1929 quoque'
382 1877 549 1915 moneris
574 1889 658 1918 eam
683 1876 780 1915 inire
806 1876 1072 1924 concordiam,
1106 1889 1202 1928 quae
1234 1876 1439 1929 deputetur

115 1948 163 1974 ex
199 1933 290 1973 fidei
327 1934 603 1980 conventione,
645 1940 780 1985 pactus
816 1946 858 1972 es
895 1935 992 1972 enim
1031 1935 1251 1972 renuntiare
1288 1934 1361 1986 ipsi
1398 1940 1438 1972 et

114 2004 276 2045 pompae
302 1997 342 2030 et
366 1991 514 2042 angelis
540 1991 635 2029 eius.
696 1989 886 2030 Convenit
909 1991 1011 2029 inter
1034 2003 1103 2029 vos
1128 1989 1176 2029 de
1201 1992 1290 2029 isto.
1329 1990 1435 2029 Haec

113 2051 188 2088 erit
222 2049 392 2088 amicitia
428 2048 647 2086 observatio
689 2048 928 2099 sponsionis,
973 2061 1021 2091 ne
1058 2046 1147 2100 quid
1183 2049 1265 2087 eius
1301 2055 1437 2100 postea

113 2118 284 2144 resumas
309 2118 359 2144 ex
383 2105 454 2151 his,
482 2117 577 2156 quae
603 2105 640 2143 ei
666 2105 835 2152 eierasti,
868 2117 964 2156 quae
989 2106 1045 2144 illi
1069 2103 1290 2151 reddidisti,
1323 2117 1370 2143 ne
1398 2111 1434 2142 te

111 2170 154 2201 ut
178 2161 451 2207 fraudatorem,
477 2168 519 2199 ut
543 2163 646 2213 pacti
671 2168 994 2213 transgressorem
1019 2161 1137 2201 iudici
1163 2161 1236 2200 deo
1263 2161 1433 2205 obiiciat,

112 2220 226 2258 sicuti
255 2231 340 2257 eum
373 2219 532 2269 legimus
562 2218 654 2256 alibi
691 2226 909 2257 sanctorum
947 2220 1231 2258 criminatorem
1244 2218 1281 2265 ⁶)
1316 2223 1356 2255 et
1385 2215 1432 2254 de

112 2277 196 2328 ipso
234 2276 348 2314 etiam
385 2276 535 2313 nomine
574 2274 716 2313 diaboli
753 2274 982 2323 delatorem,
1022 2283 1061 2314 et
1091 2274 1207 2313 iudex
1237 2280 1274 2311 te
1306 2271 1433 2311 tradat

117 2333 257 2384 angelo
277 2333 548 2378 exsecutionis,
575 2339 614 2370 et
634 2332 697 2370 ille
724 2339 761 2370 te
782 2333 821 2370 in
842 2345 1038 2372 carcerem
1058 2329 1211 2370 mandet
1230 2330 1430 2374 infernum,

205 2479 241 2521 1)
262 2481 334 2512 Hoc
355 2489 429 2518 cap.
450 2479 484 2510 in
502 2479 609 2512 Rhen.
628 2482 661 2510 et
675 2480 809 2511 Gelenii
822 2480 894 2511 edd.
909 2479 1111 2518 inscriptum
1126 2480 1194 2510 est:
1219 2479 1430 2509 Adversus

112 2527 393 2566 carpocratis
419 2525 678 2564 opinionem.
773 2524 810 2568 2)
825 2526 991 2563 Matth.5,
1007 2526 1059 2555 26.
1157 2523 1429 2565 3)1Cor.5,1⁰.

113 2573 149 2612 4)
163 2573 246 2603 Luc.
256 2574 287 2612 6,
297 2573 351 2604 45.
424 2573 459 2610 5)
476 2572 664 2611 Lucam-1.
692 2573 745 2613 12,
761 2574 814 2602 58.
839 2570 1003 2610 Matt11.5,
1019 2571 1071 2600 25.
1144 2571 1180 2610 6)
1194 2568 1364 2610 Apoc.12,
1377 2571 1430 2599 10.
