1566 2808
948 97 968 107 ο

383 191 511 225 ADV.
544 191 906 223 MARCIONEM
939 190 1117 222 LIBER
1151 191 1191 220 11.
1396 187 1454 225 ΞΕ

127 284 213 324 elus
225 285 264 334 ¹)
289 283 386 324 fuit?
420 290 488 323 aut
516 283 566 322 ad
597 297 709 336 quem
735 284 984 331 consultavit,
1021 290 1087 322 aut
1109 284 1209 322 viam
1234 282 1455 321 intellectus

128 348 171 380 et
194 341 383 380 scientiae
407 342 491 393 quis
510 340 789 380 demonstravit
812 343 927 390 e12)⁹
976 341 1047 380 Cui
1072 348 1113 380 et
1136 341 1335 393 apostolus
1361 353 1456 378 con-

128 397 269 439 dicen·
264 411 306 438 o
303 389 559 451 profundum
585 389 802 438 divitiarum
828 405 868 438 et
893 399 1052 451 sophiae
1078 397 1160 445 dei,
1192 405 1233 436 ut
1258 398 1457 436 ininvesti-

127 455 273 508 gabilin
295 455 451 505 iudicia
466 458 568 502 eius,
606 458 737 508 utique
770 455 832 495 dei
865 455 1022 503 iudicis,
1062 463 1104 495 et.
1125 454 1457 506 ininvestigabiles

124 514 212 552 vine
237 513 322 552 eius
334 514 384 564 ⁸),
422 515 553 566 utique
586 515 806 553 intellectus
836 521 877 552 ct
908 514 1116 560 scientiae,
1156 526 1248 565 quas
1280 514 1317 551 ei
1342 526 1456 551 nemo

124 567 366 618 monstravit,
393 572 466 609 nisi
491 572 593 610 forte
620 572 683 610 isti
710 584 894 610 censores
920 570 1150 618 divinitatis,
1176 570 1371 609 dieentes:
1399 571 1456 609 sic

125 641 204 667 non
229 627 367 667 debuit
390 620 498 675 deus,
525 636 583 667 et:
610 630 673 668 sic
692 630 814 680 m‘agis
839 628 993 675 debuit,·
1012 629 1118 680 quasi
1146 634 1362 681 cognoscat
1385 627 1457 665 ali-

126 686 369 738 quissquae
398 687 474 724 sint
505 687 543 724 in
574 685 667 732 deo,
701 688 772 724 nisi
798 684 954 737 spiritus
980 685 1043 723 dei
1055 687 1128 733 ⁴).'
1169 683 1303 723 Mundi
1329 691 1456 722 autem

124 742 313 782 babentes
350 744 559 794 spiritum‘
580 756 655 780 non
693 749 952 793 agnoscentes
989 743 1027 780 in
1064 742 1254 794 sapientia
1280 740 1354 780 -dei
1384 749 1458 794 'per

124 800 349 852 sapientiam
365 799 476 838 demn
490 802 543 848 ⁵),
570 800 826 841 consultiores
846 798 998 838 sibimet
1016 799 1196 838 ιίἆοιιῑιιι·
1214 798 1303 846 deo,
1336 812 1457 851 quon-

123 858 204 896 iam
224 857 324 896 sicut
349 858 538 909 sapientia
563 857 691 896 mundi
717 858 878 896 stultitia
910 864 969 896 est
994 871 1114 909 penes
1146 856 1278 904 deum,
1316 858 1370 895 ita
1395 870 1457 896 sa-

123 915 273 967 pientia
303 914 369 954 dei
399 916 560 953 stultitia
591 922 650 954 est
686 929 805 967 penes
843 914 1034 955 mundum.
1097 913 1176 953 Sed
1214 928 1285 953 nos
1316 915 1456 953 scimus

124 970 278 1011 stultum
317 971 380 1011 dei
410 972 620 1025 sapientius
650 973 867 1012 hominibus
904 980 944 1011 et
975 971 1178 1011 invalidum
1207 972 1270 1011 dei
1294 971 1457 1011 validius

123 1029 406 1078 hominihusss).
467 1030 518 1068 Et
542 1030 596 1070 ita
620 1029 716 1069 deus
740 1020 831 1069 tunc¹
862 1032 1026 1069 maxime
1058 1044 1237 1082 magnus,
1275 1024 1359 1068 cum
1386 1030 1457 1067 ho-

123 1087 217 1136 nint
251 1088 428 1140 pusillus,
467 1094 508 1126 et
542 1091 633 1127 tun‘c
665 1089 846 1126 maxime
867 1089 1048 1140 optimus,
1088 1094 1172 1126 cum
1205 1088 1346 1126 homini
1379 1100 1457 1124 non

123 1143 267 1192 honus,
305 1152 346 1183 et
382 1152 471 1185 tune
502 1146 665 1183 maxime
701 1159 815 1192 unus,
854 1159 939 1183 cum
977 1145 1120 1182 homini
1157 1144 1232 1183 duo
1270 1151 1335 1182 aut
1371 1145 1456 1209 plu-

126 1210 203 1241 res.
244 1201 436 1250 ·Quodsi
458 1215 482 1240 a
521 1201 732 1253 primordio
775 1202 890 1240 homo
934 1202 1106 1240 animalis
1149 1215 1224 1242 non
1262 1202 1457 1253 recipiens

127 1268 226 1312 quae
257 1265 346 1298 sunt.
375 1260 531 1311 spiritus
543 1260 603 1307 ⁷),
641 1259 863 1298 stultitiam
876 1260 1108 1298 existimavit
1138 1258 1201 1297 dei
1232 1259 1377 1310 legem,
1414 1265 1458 1296 nt

126 1329 239 1370 quam
281 1316 490 1361 observare
533 1317 729 1369 neglexit,
780 1313 947 1368 ideoque
990 1330 1066 1354 non
1110 1310 1288 1366 babendo
1326 1315 1454 1361 fidem,

128 1375 246 1413 etiam
271 1373 374 1426 quod
397 1373 602 1412 videbatur
624 1374 783 1421 babere,
806 1373 1028 1425 ademptum
1054 1380 1113 1411 est
1125 1375 1163 1422 8)
1190 1374 1259 1420 itti,
1285 1371 1456 1424 paradisi

125 1432 271 1498 gratian,
309 1437 352 1470 et
375 1430 629 1469 familiaritas
640 1430 723 1478 dei,
760 1444 832 1483 per
857 1444 967 1484 quam
1001 1431 1128 1469 omnia
1160 1429 1222 1469 dei
1249 1431 1455 1482 cognoxis-

125 1493 207 1556 set,
233 1489 271 1542 si
290 1487 506 1527 obedisset.
551 1487 641 1540 quid
671 1491 825 1535 mirum,
852 1490 884 1527 si
909 1487 1123 1531 redhibitus
1148 1489 1335 1527 materiae
1362 1500 1455 1526 suae

126 1553 169 1586 et
190 1547 232 1585 in
257 1547 490 1598 ergastulum
511 1554 641 1585 terrae
662 1545 897 1585 laborandae
923 1547 1134 1597 relegatuS,
1161 1547 1199 1584 in
1225 1547 1308 1598 ipso
1335 1558 1454 1612 opere

125 1617 252 1658 prono
287 1611 328 1642 et
362 1603 512 1643 devexo
551 1603 600 1644 ad
637 1611 800 1651 terram,
838 1611 1081 1658 usurpatum
1097 1616 1147 1642 ex
1177 1604 1243 1642 illa
1280 1602 1455 1655 spiritum

125 1661 257 1701 mundi
280 1663 459 1705 universo
485 1663 621 1714 generi
646 1676 715 1701 suo
735 1661 894 1700 tradidit
918 1661 1104 1700 duntaxat
1123 1662 1276 1699 animali
1297 1667 1337 1699 et
1361 1661 1455 1698 bae·

126 1720 272 1765 retice,
310 1731 402 1756 ιιοιι“
417 1721 622 1774 recipienti
654 1733 750 1771 quae
777 1727 863 1757 sunt
893 1718 982 1757 dei?
1038 1718 1119 1756 Aut
1144 1719 1225 1769 quis
1252 1717 1452 1762 dubitabit,

126 1777 248 1828 ipsum
274 1774 367 1813 illud
391 1774 504 1814 Adae
527 1770 710 1814 delictum
742 1777 920 1819 haeresin
946 1776 1217 1827 pronuntiare,
1257 1773 1358 1826 quod
1383 1787 1456 1826 per

126 1833 360 1872 electionem
391 1845 482 1871 suae
507 1834 652 1885 potius,
685 1846 796 1885 quam
827 1833 998 1879 dixinae,
1035 1833 1251 1871 sententiae
1277 1831 1456 1870 admisit⁹

125 1889 200 1930 nisi
230 1889 332 1943 quod
362 1889 486 1928 Adam
519 1903 706 1942 nunquam
738 1891 855 1942 figulo
886 1903 955 1930 suo
982 1889 1096 1930 dixit:
1135 1903 1211 1928 non
1235 1888 1456 1941 prudenter

126 1947 321 1987 definxisti
347 1960 428 1995 me3
455 1948 655 1988 confessus
675 1955 735 1986 est
741 1943 1032 2001 seductionem,
1059 1961 1136 1985 non
1157 1947 1366 1985 occultant
1391 1948 1454 1988 έθ-

125 2004 360 2053 ductricem,
398 2004 503 2043 rudis
534 2005 710 2055 adhuc-9)
743 2003 964 2044 haereticus
993 2006 1080 2044 fuit.
1143 2004 1233 2043 Non
1259 2003 1452 2051 obaudiit,

125 2076 203 2101 non
228 2070 355 2102 tamen
379 2061 659 2116 blasphemavit
688 2070 904 2102 creatorem
937 2076 1010 2102 nec
1040 2061 1294 2115 reprehendit
1318 2068 1454 2111 aucto-

79 2118 85 2119 ’
125 2133 221 2167 rem,
246 2119 356 2173 quem
382 2134 405 2158 a
425 2119 639 2171 primordio
665 2121 723 2159 sui
748 2128 789 2159 et
810 2121 964 2159 bonum
978 2128 1018 2159 et
1036 2121 1218 2172 optimum
1236 2121 1301 2159 im
1302 2126 1451 2163 encrat,

126 2183 168 2216 et
190 2178 273 2231 ipse
298 2179 331 2216 si
354 2178 456 2216 forte
482 2177 648 2216 iudicem
673 2178 825 2217 fecerat
848 2191 871 2216 a
895 2173 1120 2231 primor'dio.
1397 2208 1406 2214 ,

155 2240 159 2242 ’
241 2238 282 2276 3.
330 2233 453 2286 Igitur
488 2235 685 2287 oportebit
712 2236 888 2274 ineuntes
920 2236 1243 2274 examinationem
1273 2235 1312 2271 in
1339 2232 1452 2271 deum

125 2296 276 2339 notum,
301 2292 333 2330 si
359 2293 574 2343 quaeritur,
599 2294 639 2331 in
664 2306 746 2345 qua,
763 2293 988 2332 conditione
1015 2294 1064 2331 sit
1089 2299 1221 2337 notus,
1244 2290 1304 2341 ab.
1322 2291 1452 2342 operi-

123 2349 197 2388 bus
213 2350 304 2388 ‘eius
328 2349 522 2401 incipere,
554 2362 652 2402 qnae
676 2351 810 2402 priora
834 2358 921 2390 sunt
945 2347 1119 2396 bomine,
1145 2356 1188 2387 ut
1211 2348 1339 2386 statim
1365 2360 1450 2388 cum

219 2454 355 2494 using.
381 2453 474 2492 quin
499 2453 570 2484 illi
600 2454 887 2485 consiliarius
918 2454 1028 2485 fuit?
1125 2450 1381 2494 2)1en.40,13
1402 2460 1452 2489 sq.

123 2494 222 2532 Rom.
242 2501 297 2540 11,
323 2501 379 2531 34.
475 2500 511 2537 ³)
536 2500 632 2530 Rom.
652 2502 706 2541 ιι,
732 2501 786 2531 33.
880 2501 917 2539 4)
946 2502 964 2530 ι
980 2501 1056 2530 cnr.
1073 2500 1103 2540 2,
1125 2500 1178 2529 11.
1276 2498 1312 2538 5)
1338 2499 1357 2527 1
1373 2498 1450 2527 cor.

118 2543 159 2586 13
174 2547 228 2576 21.
322 2546 359 2586 6)
389 2548 407 2577 1
428 2545 551 2584 Cor.'1‚
575 2546 630 2576 25.
726 2545 763 2588 ἵ)
791 2547 809 2575 1
826 2547 903 2577 Cor.
918 2547 951 2585 2,
970 2546 1025 2575 14.
1121 2543 1156 2585 8)
1179 2543 1303 2575 Μιιῐῐίι.
1318 2544 1373 2584 13,
1395 2543 1449 2573 12.

124 2591 208 2623 Luc.
221 2592 255 2632 8,
269 2593 328 2627 18.
421 2590 458 2636 9)
485 2593 535 2623 lta
551 2592 655 2624 Rhen.
670 2591 720 2622 ed.
735 2594 778 2631 1.;
804 2593 879 2632 Rig.
899 2593 984 2622 adm
995 2601 1014 2622 o
1025 2591 1126 2622 dum.
