1604 2800
186 213 293 251 240
704 212 776 244 DE
809 211 1010 246 ANIMA.

186 303 494 347 extraordinaria
524 303 778 359 loquacitate,
812 305 899 345 dum
932 319 982 346 ex
1011 306 1146 345 maiori
1172 313 1355 360 suggestu
1378 308 1453 348 iam
1478 310 1518 349 in

186 366 308 404 libero
341 365 548 404 constituta
580 377 652 416 per
681 365 931 416 superfluum,
966 363 1067 417 quod
1099 363 1224 404 adhuc
1251 372 1455 405 cunctatur
1477 368 1517 406 in

185 435 364 475 corpore,
392 423 565 462 enuntiat
585 435 681 474 quae
701 421 820 469 videt,
848 436 944 475 quae
971 422 1089 469 audit,
1117 435 1214 475 quae
1234 423 1370 476 incipit
1388 437 1516 464 nosse.

186 479 228 519 Si
254 482 353 520 enim
387 494 526 532 corpus
558 479 659 518 istud
685 479 884 519 Platonica
923 481 1114 519 sententia
1152 494 1307 528 carcer,
1346 488 1519 521 ceterum

182 539 399 591 apostolica
437 537 498 577 dei
539 538 739 590 templum,
779 551 861 577 cum
889 539 927 576 in
955 538 1109 576 Christo
1142 545 1220 587 est;
1258 537 1328 578 sed
1364 539 1519 579 interim

182 598 344 636 animam
384 603 570 648 consepto
602 609 671 634 suo
709 595 873 634 obstruit
906 603 946 634 et
978 596 1160 635 obscurat
1191 603 1232 635 et
1263 597 1518 636 concretione

183 655 310 694 carnis
336 655 523 702 infaecat,
556 652 656 692 unde
683 654 752 701 illi,
785 654 890 692 velut
914 667 985 707 per
1010 665 1193 693 corneum
1219 654 1415 707 specular,
1449 654 1521 694 ob-

182 713 345 751 soletior
375 713 440 750 lux
470 724 598 750 rerum
629 718 700 750 est.
774 711 914 750 Procul
953 710 1068 750 dubio
1102 725 1186 751 cum
1216 713 1255 751 vi
1285 713 1420 751 mortis
1450 724 1520 752 ex-

181 771 357 823 primitur
382 768 431 808 de
457 770 711 808 concretione
744 770 871 808 carnis
897 777 936 808 et
960 770 1044 822 ipsa
1069 771 1320 822 expressione
1353 770 1518 818 colatur,

184 835 293 866 certe
325 825 372 865 de
406 839 575 879 oppanso
615 828 790 878 corporis
822 829 987 879 erumpit
1017 828 1055 866 in
1088 834 1261 880 apertum
1293 826 1341 866 ad
1375 840 1520 867 meram

184 892 224 923 et
243 897 375 937 puram
402 891 442 922 et
466 897 571 922 suam
597 884 734 930 lucem,
762 885 888 921 statim
914 892 1036 923 semet
1056 886 1176 936 ipsam
1202 886 1240 924 in
1266 884 1519 938 expeditione

183 942 418 982 substantiae
450 942 702 992 recognoscit
732 947 772 979 ct
795 941 833 979 in
860 940 1096 980 divinitatem
1129 943 1212 993 ipsa
1243 942 1424 982 libertate
1455 954 1520 982 re-

183 1001 350 1052 sipiscit,
384 1006 424 1038 ut
448 998 496 1037 de
523 1012 656 1037 somno
688 1011 892 1050 emergens
917 999 964 1038 ab
990 999 1218 1051 imaginibus
1243 998 1293 1038 ad
1317 1000 1517 1039 veritates.

182 1058 289 1096 Tunc
321 1064 361 1096 et
392 1057 565 1096 enuntiat
602 1069 698 1108 quae
734 1055 864 1103 videt,
904 1063 993 1095 tunc
1032 1057 1199 1095 exsultat
1235 1063 1302 1095 aut
1335 1055 1518 1110 trepidat,

182 1122 299 1168 prout
322 1121 540 1167 paraturam
561 1112 774 1153 deversorii
795 1114 852 1152 sui
872 1115 1002 1161 sentit,
1030 1113 1078 1153 de
1103 1115 1222 1166 ipsius
1241 1115 1368 1154 statim
1389 1114 1520 1167 angeli

182 1174 298 1220 facie,
326 1172 546 1212 evocatoris
572 1173 794 1218 animarum,
820 1171 1006 1211 Mercurii
1031 1175 1245 1225 poe‘tarum.

299 1234 367 1272 54.
382 1232 419 1278 1)
444 1230 543 1279 .Quo
563 1230 682 1281 igitur
701 1228 915 1269 deducetur
934 1231 1071 1278 anima,
1099 1232 1172 1269 iam
1197 1230 1287 1269 hinc
1307 1228 1516 1270 reddimus.

185 1288 324 1328 Omnes
339 1289 459 1327 ferme
474 1287 705 1340 philosophi,
734 1289 796 1340 qui
822 1289 1147 1328 immortalitatem
1161 1289 1325 1336 animae,
1353 1288 1520 1341 qualiter

181 1347 327 1394 volunt,
353 1353 498 1384 tantum
523 1345 733 1393 vindicant,
766 1353 807 1384 ut
832 1345 1087 1399 Pythagoras,
1114 1354 1156 1386 ut
1180 1345 1519 1399 Empedoclesflit

182 1403 314 1450 Plato,
347 1403 486 1455 quique
512 1402 667 1455 aliquod
692 1403 747 1442 illi
774 1410 921 1456 tempus
946 1404 1159 1457 indulgent,
1193 1404 1240 1443 ab
1265 1416 1429 1444 excessu
1453 1417 1519 1448 us-

184 1474 256 1513 que
282 1461 321 1498 in
347 1461 690 1511 conflagrationem
723 1462 1002 1510 universitatis,
1034 1470 1077 1501 ut
1103 1462 1247 1511 Stoici,
1281 1475 1368 1502 suas
1399 1461 1516 1510 solas,

182 1517 222 1556 id
248 1524 308 1556 est
332 1518 558 1568 sapientum,
586 1519 731 1556 animas
756 1519 794 1555 in
821 1521 996 1570 supernis
1020 1521 1281 1560 mansionibus
1307 1520 1517 1560 collocant.

181 1574 291 1614 Plato
319 1573 468 1627 quidem
495 1588 571 1613 non
591 1582 738 1613 temere
758 1575 1072 1628 philosophorum
1092 1578 1289 1616 animabus
1307 1577 1383 1616 hoc
1403 1590 1519 1630 prae-

181 1639 281 1680 stat,
319 1631 388 1671 sed
426 1645 584 1680 eorum,
630 1634 692 1685 qui
729 1632 1009 1685 philosophiam
1046 1635 1200 1673 seilicet
1241 1635 1519 1674 exornaverint

180 1703 311 1729 amore
344 1703 563 1742 puerorum.
629 1689 743 1728 Adeo
777 1691 891 1728 etiam
925 1691 1027 1730 inter
1056 1691 1308 1744 philosophos
1338 1704 1515 1743 magnum

178 1747 297 1787 habet
320 1748 562 1800 privilegium
588 1748 798 1800 impuritas.
838 1746 972 1800 Itaque
998 1747 1095 1801 apud
1123 1749 1227 1787 illum
1252 1749 1291 1787 in
1317 1748 1517 1789 aetherem

178 1805 430 1844 sublimantur
453 1806 602 1844 animae
635 1806 847 1857 sapientes,
882 1804 982 1857 apud
1006 1806 1141 1846 Arium
1166 1807 1205 1845 in
1231 1808 1382 1854 ae'rem,
1413 1805 1517 1860 apud

179 1863 335 1902 Stoicos
361 1863 428 1902 sub
455 1864 594 1903 lunam.
657 1863 761 1911 Quos
787 1861 938 1915 quidem
964 1865 1096 1912 miror,
1125 1863 1226 1916 quod
1251 1862 1514 1917 imprudentes

178 1923 321 1960 animas
360 1923 466 1960 circa
502 1929 645 1961 terram
682 1928 948 1973 prosternant,
989 1935 1073 1961 cum
1110 1922 1196 1960 illas
1226 1935 1249 1961 a
1274 1921 1514 1975 sapientibus

175 1979 293 2019 multo
319 1979 582 2032 superioribus
609 1978 754 2018 erudiri
780 1978 978 2018 affirment.
1017 1979 1090 2018 Ubi
1117 1981 1192 2018 erit
1217 1979 1376 2019 scholae
1399 1980 1512 2032 regio

175 2038 214 2076 in
239 2044 346 2076 tanta
371 2036 552 2076 distantia
577 2037 914 2077 deversoriorum?
950 2051 1022 2090 qua
1048 2038 1198 2076 ratione
1225 2036 1436 2089 discipulae
1461 2035 1513 2079 ad

174 2096 377 2147 magistras
404 2096 702 2143 conventabunt,
734 2101 841 2134 tanto
868 2093 1279 2135 discrimine.invieem
1305 2094 1513 2134 absentes?

176 2154 258 2204 quis
278 2148 403 2192 aute'm
423 2153 498 2191 illis
522 2161 722 2206 postumae
748 2151 978 2192 eruditionis
996 2166 1085 2192 usus
1103 2165 1150 2191 ac
1170 2153 1331 2200 fructus,
1357 2151 1509 2191 iamiam

175 2211 480 2263 conflagratione
512 2211 720 2263 perituris?
767 2209 951 2265 Reliquas
981 2211 1127 2249 animas
1157 2209 1206 2249 ad
1238 2210 1385 2249 inferos
1410 2208 1510 2249 deii-

176 2269 292 2307 ciunt.
359 2267 440 2307 Hos
464 2266 575 2307 Plato
606 2269 712 2308 velut
742 2269 927 2320 gremium
952 2275 1083 2307 terrae
1109 2266 1330 2307 de'scribit
1318 2281 1357 2307 m
1383 2266 1507 2307 Phae-

175 2323 294 2372 done,
327 2339 401 2377 quo
428 2339 560 2366 omnes
585 2326 692 2366 labes
716 2325 963 2365 mundialium
989 2324 1159 2365 sordium
1185 2323 1435 2374 confluendo,
1467 2330 1508 2363 et

175 2381 228 2419 ibi
254 2381 466 2421 desidendo
491 2384 690 2430 exhalent,
724 2390 764 2422 et
789 2384 896 2436 quasi
922 2396 1046 2422 coeno
1073 2381 1391 2422 immunditiarum
1417 2394 1506 2431 sua·

175 2451 257 2477 rum
284 2441 514 2481 crassiorem
538 2442 711 2481 haustum
737 2448 778 2481 et
800 2442 990 2494 privatum
1016 2441 1096 2481 illic
1121 2443 1252 2481 ae‘rem
1273 2441 1435 2494 stipent.

215 2626 227 2653 t
269 2575 306 2654 l))
322 2579 393 2609 Hoc
409 2588 482 2618 cap.
498 2589 574 2612 cum
589 2583 687 2620 parte
701 2582 877 2622 sequentis
897 2582 932 2613 in
953 2582 1026 2615 edd.
1040 2582 1147 2613 Rhen.
1161 2582 1197 2612 et
1210 2579 1283 2612 Gel.
1295 2577 1500 2619 inscriptum

176 2631 244 2654 es:
310 2633 327 2654 e
353 2631 538 2664 receptu.
