1624 2826
383 214 506 246 Anv.
543 213 905 244 ιιΑιιοιοΝΕιι
940 213 1195 244 ιιΒΕιιιν.
1368 210 1468 248 219

137 313 177 345 et
208 305 411 358 apothecis
442 304 660 344 delitiarum
693 318 843 344 suarum
877 304 975 357 apud
1003 303 1147 344 ‘Persas
1179 305 1366 357 gloriatus
1399 318 1471 358 per

136 364 289 403 Esaiam
313 364 412 402 male
437 362 595 402 audivit.
612 365 647 411 ί)

251 425 320 464 29.
371 420 464 470 Quis
488 421 622 466 nollet,
655 434 801 460 curam
812 435 882 460 nos
908 412 1028 473 agere
1053 415 1202 460 animae
1230 420 1276 460 de
1302 422 1405 460 victu
1431 429 1472 461 et

138 480 296 532 corpori
321 477 369 518 de
393 481 554 526 vestitu,
595 479 667 517 nisi
694 481 756 532 qui
789 480 863 518 ista
888 480 1032 518 homini
1058 486 1147 518 ante
1173 480 1393 532 prospexit,
1431 486 1472 518 et
1519 515 1521 519 ,

137 535 278 583 exinde
315 543 517 595 praestans
555 538 694 575 merito
734 551 864 576 curam
902 550 1034 576 eorum
1073 545 1259 604 tanquam
1283 537 1470 576 aemulam

138 595 381 634 liberalitatis
405 608 497 633 suae
523 595 730 647 prohibet?
756 595 827 643 Qui
854 602 892 633 et
918 594 1198 634 substantiam
1188 596 1306 662 ipsius
1320 596 1469 633 animae

138 652 446 692 accommodavit
470 653 660 705 potiorem
690 666 800 699 esca,
846 660 886 691 et
916 654 1114 693 materiam
1141 654 1259 704 ipsius
1292 653 1470 704 corporis

137 710 316 762 figuravit
330 711 520 763 potiorem
535 712 689 757 tunica,
695 712 802 748 cuius
816 718 856 748 et
869 712 975 748 corvi
991 724 1065 748 non
1080 717 1224 756 serunt,
1236 722 1307 748 nec
1324 716 1470 747 metunt

137 781 211 809 nec
234 766 500 819 i'napothecas
526 767 709 814 condunt,
737 775 777 806 et
791 775 926 805 tamen
955 768 1108 805 aluntur
1121 767 1193 805 ab
1183 780 1279 819 ipso,
1308 767 1415 804 cuius
1432 774 1469 804 ct

137 826 216 864 lilia
241 831 283 864 et
306 825 461 876 foenum
483 838 559 862 non
574 832 720 871 texunt,
748 838 821 864 nec
837 832 940 871 nent,
969 831 1009 863 et
1033 832 1160 863 tamen
1180 825 1397 863 vestiuntur
1416 824 1468 861 ab

135 884 234 936 ipso,
274 883 382 921 cuius
407 890 449 921 et
474 881 658 921 Salomon
685 881 1002 934 gloriosissimus,
1031 895 1103 921 nec
1130 882 1207 920 ullo
1234 883 1362 922 tamen
1400 883 1470 920 sso-

136 941 245 980 sculo
272 940 425 979 cultior.
434 942 472 989 2)
502 940 681 979 Ceterum
709 941 801 978 nihil
828 948 903 978 tam
930 941 1144 992 abruptum,
1171 952 1281 992 quam
1308 945 1349 977 ut
1374 940 1471 977 alius

136 1005 333 1051 praestet,
355 999 468 1037 alius
507 997 554 1037 (le
586 999 823 1050 praestantia
855 999 937 1037 eius
970 1011 1129 1037 securos
1156 1010 1275 1048 agere
1301 996 1468 1042 mandet,

137 1062 187 1095 et
213 1055 366 1109 quidem
394 1046 619 1107 -derogator
653 1057 785 1108 ipsius.
847 1055 1022 1108 Denique
1055 1057 1086 1094 si
1120 1057 1226 1108 quasi
1258 1054 1473 1106 derogator

138 1114 349 1161 creatoris,
375 1127 452 1151 non
476 1115 558 1152 vult
583 1113 630 1152 de
658 1113 845 1152 eiusmodi
872 1114 1020 1152 frivolis
1048 1114 1231 1164 cogitari,
1260 1112 1308 1150 de
1336 1112 1471 1163 quihus

138 1178 212 1210 ιιοιι
228 1173 347 1210 coni
371 1184 444 1209 nec
472 1171 551 1210 lilia
578 1171 780 1217 laborent,
819 1170 920 1209 ultro
947 1171 1100 1208 scilicet
1130 1179 1202 1221 pro
1229 1183 1296 1207 sua
1321 1169 1470 1206 vilitate

139 1227 343 1276 subiectis3
382 1229 496 1280 paulo
529 1235 617 1279 post
646 1228 812 1294 parebit.
874 1227 1031 1266 Interim
1065 1239 1134 1265 cur
1170 1227 1256 1264 illos
1295 1224 1471 1263 modicae

139 1284 230 1324 fidei
255 1286 418 1331 incusat,
445 1284 484 1323 id
511 1292 571 1324 est
595 1287 703 1324 cuius
727 1285 843 1324 fidei?
879 1284 1040 1331 Eiusne,
1068 1297 1177 1336 quam
1205 1276 1370 1321 ιιοιιᾶἶιιιι
1402 1296 1472 1335 po-

139 1350 270 1382 terant
304 1343 518 1396 perfectam
552 1343 737 1382 exhibere
771 1342 870 1390 deo,
909 1349 1053 1381 tantum
1091 1340 1193 1399 quod
1224 1341 1352 1379 velato
1387 1353 1469 1378 cum

139 1401 303 1440 maxime
335 1400 531 1439 discentes
563 1413 667 1448 eum,
706 1414 753 1439 an
787 1412 896 1452 quam
919 1400 1003 1440 boc
1030 1400 1113 1451 ipso
1140 1388 1251 1436 titulo
1279 1397 1473 1436 debebant

140 1458 335 1505 creatori,
374 1459 430 1495 uti
463 1457 694 1504 crederent,
732 1458 830 1496 haec
862 1458 965 1496 illum
998 1457 1099 1495 ultro
1132 1457 1268 1507 generi
1306 1455 1471 1493 humano

139 1515 443 1562 subministrare,
471 1529 543 1555 nec
571 1515 619 1554 de
646 1517 702 1554 eis
728 1516 974 1571 cogitarent⁹
998 1507 1096 1553 Nam
1123 1522 1162 1552 et
1188 1527 1272 1556 cum
1299 1513 1471 1554 subiicit:

140 1574 237 1613 baec
262 1574 363 1612 enim
389 1574 567 1623 nationes
593 1573 720 1614 mundi
747 1579 954 1626 quaerunt,
995 1586 1069 1610 ιιοιι
1097 1570 1294 1611 credendo
1322 1571 1474 1611 scilicet

139 1633 179 1670 in
205 1616 336 1679 deum,
377 1630 620 1670 conditorem
654 1633 818 1673 omnium
851 1638 892 1670 et
915 1631 1198 1684 praebitorem,
1233 1643 1333 1697 quos
1358 1641 1472 1681 pares

141 1691 310 1741 gentium
336 1689 506 1737 nolebat,
531 1690 572 1728 in
600 1688 762 1730 eundem
788 1688 918 1728 deum
927 1688 1101 1728 modicos
1121 1687 1211 1726 fidei
1231 1681 1472 1737 increpabat,

142 1748 182 1784 in
206 1759 328 1799 quem
343 1754 480 1797 gentes
505 1746 745 1785 incredulas·
752 1746 924 1785 notabat.
986 1746 1110 1784 Porro
1137 1759 1221 1783 cum
1254 1751 1293 1782 et
1318 1743 1472 1781 adiicit:

143 1803 219 1842 scit
238 1809 374 1841 aunem
408 1802 520 1854 pater
550 1816 668 1854 opus.
677 1816 763 1841 esse
790 1804 888 1841 haec
914 1803 1048 1849 vobis,
1068 1803 1107 1849 ³)
1145 1803 1252 1853 prius
1279 1813 1472 1852 quaeram,

145 1873 257 1913 quem
281 1867 431 1914 patrem
457 1859 623 1910 intelligi
647 1861 750 1898 velit
755 1859 956 1898 Christus?
982 1857 1056 1897 Si
1045 1872 1227 1915 ipsorum,
1255 1861 1474 1897 creatorem

145 1918 385 1958 demonstrat
415 1924 455 1956 et
478 1917 621 1958 bonum
646 1902 867 1964 confirmat,
906 1917 968 1969 qui
995 1917 1111 1964 sciat,
1118 1915 1239 1969 quid
1266 1916 1354 1954 filiis
1380 1928 1474 1973 opus

146 1970 314 2024 sit3sii1
338 1976 440 2014 illum
467 1976 582 2014 alium
609 1974 737 2021 deum,
762 1974 954 2034 quomodo
980 1975 1072 2022 seit,
1099 1975 1361 2013 necessarium
1388 1986 1474 2011 esse

146 2005 291 2072 bomini
319 2035 462 2072 mictum
493 2040 608 2084 atque
639 2035 842 2081 vestitum,
875 2046 1032 2085 quorum
1058 2032 1152 2070 nihil
1177 2030 1395 2084 praestitit?
1432 2029 1474 2068 Si

146 2105 247 2131 emm
288 2092 448 2137 scisset,
498 2091 768 2157 praestitisset.
843 2090 1022 2130 Ceterum
1061 2091 1092 2128 si
1136 2091 1210 2129 scit
1254 2102 1350 2142 quae
1390 2095 1477 2126 sunt

147 2150 291 2195 homini
321 2149 570 2196 necessaria,
596 2155 838 2193 nec-tamen
878 2149 1095 2200 praestitit,
1135 2155 1200 2186 aut
1236 2148 1474 2198 malignitate

126 2200 214 2246 'aut
242 2206 464 2245 infirmitate
497 2219 581 2244 ιιοιι
603 2207 807 2258 praestitit.
870 2205 1070 2244 Professus
1102 2213 1228 2244 autem
1254 2205 1476 2243 necessaria

147 2265 246 2303 haec
284 2252 446 2311 bomini,
486 2264 617 2315 utique
653 2263 755 2302 bona
793 2264 1043 2303 confirmavit.
1105 2260 1212 2302 Nihil
1250 2263 1349 2300 enim
1387 2260 1475 2298 mali

148 2322 430 2368 necessarium,
463 2329 503 2359 et
529 2334 604 2359 non
629 2323 705 2360 erit
728 2323 802 2360 iam
828 2321 1078 2382 depreciatur
1104 2332 1262 2372 operum
1288 2326 1327 2357 et
1351 2316 1476 2356 indul-

149 2381 366 2432 gentiarum
404 2379 619 2425 creatoris,
668 2386 712 2417 ut
747 2378 848 2431 quod
891 2392 1006 2431 supra
1044 2377 1174 2416 distuli
1212 2377 1474 2429 expunxerim.

149 2438 273 2476 Porro
299 2438 331 2476 si
357 2449 454 2488 quae
481 2438 703 2475 necessaria
728 2438 802 2475 scit
825 2437 968 2474 homini
995 2436 1110 2482 alius,
1150 2442 1190 2474 et
1214 2434 1413 2488 prospexit
1438 2439 1478 2470 et

150 2502 341 2548 praestat.
370 2486 565 2546 quomodo
587 2494 685 2533 haec
711 2495 792 2546 ipse
818 2495 1032 2545 promittit?
1055 2492 1116 2532 An
1138 2492 1185 2531 de
1206 2493 1333 2531 alieno
1355 2491 1476 2530 bonus

245 2623 282 2666 1)
305 2625 367 2654 les.
384 2623 437 2654 39.
535 2622 570 2662 2)
596 2622 679 2653 Luc.
694 2621 748 2660 12,
762 2621 909 2650 ²2—28.
951 2619 956 2623 ”
1006 2619 1043 2663 3)
1070 2621 1153 2652 Luc.
1168 2621 1222 2659 12,
1239 2622 1293 2652 30.
