1624 2826
191 197 304 234 ³614
444 197 1181 229 Anv.1uARctoNssM¹.1BER
1212 196 1251 249 v.

191 293 267 330 sint
291 304 451 330 necesse
478 298 537 329 est
562 304 583 328 a
610 289 762 329 diverso
789 289 883 338 deo3
910 291 942 328 si
968 289 1132 337 diversa,
1160 290 1288 341 utique
1305 290 1515 328 contraria.

193 348 393 397 Quomodo
419 362 514 400 ergo
542 349 736 386 contraria
763 355 1041 387 recenseantur
1068 349 1103 386 in
1131 361 1235 394 eum,
1262 360 1285 386 a
1311 359 1384 399 quo
1412 345 1520 385 deni--

193 421 264 459 que
291 406 563 445 destruuntur?
610 405 708 444 Nam
735 413 774 444 et
799 407 1000 458 sequentia
1026 419 1135 457 quem
1162 405 1383 443 renuntiant
1409 403 1521 443 Chri-

191 472 301 512 stum,
329 477 412 503 cum
440 463 552 502 dicit:
580 470 619 501 ut
645 464 759 502 simus
785 464 823 501 in
850 463 998 502 laudem
1027 464 1175 514 gloriae
1203 476 1285 511 nos,
1319 462 1382 515 qui
1406 475 1519 515 prae-

191 522 423 574 speravimus
456 523 494 560 in
522 521 736 559 Christum?
756 518 796 577 ¹)
860 521 930 569 Qui
963 535 1062 560 emm
1101 533 1374 573 praesperasse
1410 527 1520 587 pote-

191 587 290 626 runt,
317 578 354 617 id
382 586 452 626 est,
481 586 568 617 ante
595 592 771 630 sperasse
798 579 836 616 in
863 578 988 626 deum,
1016 592 1125 631 quam
1151 579 1333 626 venisset,
1361 578 1432 617 nisi
1460 577 1520 616 [u—

191 637 297 684 daei,
336 637 470 688 quibus
497 636 669 675 Chiistus
702 637 1042 688 praenuntiabatur
1066 636 1113 675 ab
1141 637 1277 675 initio?
1326 635 1398 684 Qui
1424 648 1519 687 ergo

190 694 556 746 praenuntiabatur,
595 695 659 733 iiic
698 701 738 732 et.
768 695 1104 746 praesperabatur.
1166 693 1293 746 Atque
1320 693 1419 732 adeo
1446 693 1519 732 hoc

190 752 238 791 ad
263 765 318 799 se,
346 751 383 790 id
400 751 518 790 estad
535 751 711 798 Iudaeos,
739 753 872 799 refert,
899 760 940 790 ut
960 751 1247 791 distinctionem
1269 751 1398 798 faciat,
1427 765 1520 790 con-

190 823 321 849 versus
347 809 395 847 ad
422 811 616 848 nationes:
644 810 682 847 in
709 823 782 865 quo
804 816 843 848 et
856 823 936 856 vos,
965 823 1048 847 cum
1075 808 1278 849 audissetis
1304 822 1519 848 sermonem

189 868 387 914 veritatis,
432 868 696 918 evangelium,
735 868 773 905 in
812 880 885 919 quo
925 866 1145 906 credidistis
1183 874 1223 905 et
1253 867 1392 917 signati
1427 867 1520 904 estis

190 926 323 977 spiritu
363 926 623 977 promissionis
667 926 748 963 eius
792 932 940 963 sancto.
961 926 998 972 2)
1074 924 1189 963 Cuius
1227 924 1521 976 promissionis?

188 985 316 1021 factae
344 996 413 1034 per
437 982 601 1020 Ioelem:
641 983 679 1020 in
706 983 919 1021 novissimis
948 981 1091 1021 «liebus
1123 981 1314 1020 effundam
1352 979 1400 1019 de
1433 994 1520 1020 meo

189 1041 323 1092 spiritu
360 1042 397 1079 in
436 1053 582 1078 omnem
622 1053 796 1086 carnem,
835 1039 871 1078 id
906 1047 964 1078 est
1001 1047 1040 1078 et
1077 1041 1115 1078 in
1146 1040 1335 1078 nationes.
1398 1037 1456 1078 lta
1481 1046 1521 1078 et

189 1099 344 1149 spiritus
371 1105 410 1136 et
436 1098 673 1148 evangelium
701 1098 738 1135 in
766 1111 813 1136 eo
840 1099 916 1135 erit
942 1097 1117 1146 Christo,
1150 1098 1213 1149 qui
1239 1096 1519 1149 praesperaba-

188 1163 267 1201 tur,
307 1154 393 1193 dum
431 1154 744 1206 praedicabatur.
810 1154 889 1198 Sed
927 1163 966 1193 et
991 1161 1102 1207 pater
1132 1155 1329 1206 gloriae³>
1354 1154 1419 1193 itte
1447 1161 1518 1201 est,

188 1214 294 1251 cuius
327 1212 499 1251 Christus
537 1226 607 1251 rex
644 1214 793 1264 gloriae
833 1214 983 1251 canitur
1019 1214 1056 1251 in
1095 1213 1239 1264 psalmo
1277 1211 1517 1252 ascendens:

188 1272 269 1321 quis
301 1278 361 1309 est
391 1272 462 1309 iste
501 1284 571 1309 rex
602 1271 778 1322 gloriae?
826 1270 1000 1309 dominus
1031 1272 1212 1309 virtutum
1245 1271 1327 1323 ipse
1365 1277 1423 1309 est
1449 1283 1519 1309 rex

188 1328 398 1379 gloriaest)
440 1327 501 1366 Ab
528 1329 594 1366 itto
621 1330 775 1380 spiritus
801 1330 1012 1380 sapientiae
1040 1330 1252 1381 optatur,⁵)
1280 1326 1382 1381 apud
1407 1341 1518 1380 quem

188 1387 283 1423 haec
312 1398 460 1436 quoque
492 1387 717 1437 spiritalium
744 1387 894 1437 species
921 1383 1217 1435 enun1e1·atu1·⁶)
1246 1387 1347 1427 inter
1371 1392 1518 1438 septem

189 1443 343 1493 spiritus
369 1455 439 1492 per
464 1442 674 1490 Esaiam.⁷)
726 1443 795 1482 ltte
823 1442 929 1481 dabit
955 1443 1186 1482 illuminatos
1213 1443 1342 1483 cordis
1369 1443 1516 1489 oculos,

188 1500 249 1550 qui
289 1500 402 1537 etiam
441 1501 658 1538 exteriores
696 1500 829 1538 oculos
867 1500 953 1538 luce
991 1499 1198 1552 ditavit,8)
1242 1503 1303 1539 eui
1339 1500 1520 1553 displicet

189 1557 359 1595 caecitas
384 1557 526 1608 popuii.
589 1557 639 1594 Et
664 1558 746 1608 quis
772 1569 924 1603 caecus,
953 1558 1024 1595 nisi
1049 1558 1159 1609 pueri
1185 1558 1286 1597 mei?
1312 1565 1352 1595 et
1377 1571 1519 1596 excae-

189 1615 265 1652 cati
290 1620 377 1652 sunt
401 1614 530 1652 famuli
562 1612 683 1663 dei.9)
744 1613 860 1666 Apud
891 1615 995 1653 iilum
1021 1621 1106 1653 sunt
1131 1621 1171 1653 et
1197 1613 1354 1653 divitiae
1379 1614 1518 1654 haere-

189 1671 318 1710 ditatis
356 1673 393 1710 in
430 1673 672 1722 sanctis,¹⁰)
712 1673 775 1723 qui
807 1685 889 1710 eam
929 1671 1209 1711 haereditatem
1236 1685 1286 1711 ex
1312 1673 1516 1711 vocatione

188 1730 382 1767 nationum
409 1730 641 1781 repromisit.
704 1728 861 1768 Postula
888 1729 934 1771 de
967 1743 1046 1777 me,
1085 1737 1124 1769 et
1157 1729 1258 1770 dabo
1286 1730 1354 1768 tibi
1380 1737 1518 1782 gentes

187 1786 466 1826 haereditatem
505 1794 620 1826 tuam.
644 1786 712 1839 11)
785 1787 854 1826 Itte
893 1788 1116 1841 inoperatus
1153 1794 1213 1827 est
1248 1788 1286 1826 in
1325 1787 1517 1827 Christum

186 1845 391 1883 valentiam
416 1858 546 1892 suam,
585 1844 806 1883 suscitando
833 1857 917 1883 eum
950 1859 972 1884 a
997 1846 1181 1893 mortuis,
1221 1852 1260 1884 et
1286 1844 1516 1885 collocando

188 1915 272 1940 eum
299 1902 346 1940 ad
373 1901 572 1941 dexteram
597 1916 727 1950 suam,
767 1910 806 1942 et
837 1902 1076 1942 subiiciendo
1103 1905 1249 1948 omnia,
1271 1903 1336 1951 12)
1359 1941 1362 1947 ,
1383 1900 1447 1955 qui
1478 1911 1518 1942 et

188 1958 302 1997 dixit:
330 1958 422 1997 sede
448 1959 496 1997 ad
524 1959 723 1999 dexteram
750 1973 884 2007 meam,
913 1960 1037 2000 donec
1064 1975 1202 2012 ponam
1228 1961 1405 2000 inimicos
1431 1968 1517 1999 tuos

189 2016 397 2055 scabeilum
418 2017 555 2083 pedum
577 2026 745 2056 tuorum·
736 2019 822 2066 ,¹3)
850 2020 936 2070 quia
957 2026 996 2058 et
1016 2019 1108 2058 aiibi
1129 2032 1208 2071 spu
1210 2019 1284 2057 itus
1304 2017 1352 2057 ad
1367 2020 1516 2071 patrem

187 2074 235 2112 de
262 2075 360 2112 titio:
389 2075 514 2112 omnia
539 2076 737 2114 subiecisti
769 2076 836 2114 sub
869 2076 1029 2128 pedibus
1061 2078 1155 2116 eius.
1157 2077 1237 2128 1⁴¹)
1301 2073 1345 2114 Si
1376 2089 1427 2115 ex
1457 2076 1515 2115 his

187 2132 283 2170 alius
309 2130 402 2170 deus
425 2139 464 2170 et
478 2132 574 2171 alius
590 2133 763 2171 Christus
789 2134 964 2183 infer-tui,
992 2148 1089 2187 quae
1115 2129 1452 2185 recognoscuntur
1475 2134 1514 2173 in

188 2196 381 2236 creatore,
410 2202 635 2241 quaeramus
660 2192 735 2229 iam
762 2199 991 2232 creatorem.
1025 2192 1143 2231 Plane
1170 2199 1262 2245 puto
1288 2192 1512 2238 invenimus,

187 2260 270 2285 cum
303 2246 398 2285 dicit
427 2247 515 2286 illos
547 2247 699 2287 delictis
731 2256 920 2298 mortuos,
959 2252 998 2289 in
1025 2250 1159 2303 quibus
1190 2250 1357 2301 ingressi
1389 2256 1512 2295 erant,

186 2303 393 2343 secundum
409 2317 542 2344 aevum
556 2305 685 2344 mundi
700 2306 821 2355 huius,
849 2307 1055 2347 secundum
1075 2308 1287 2361 principem
1307 2306 1511 2360 potestatis

278 2419 315 2464 1)
340 2421 427 2460 Eph.
451 2423 481 2461 1,
498 2423 550 2452 12.
657 2419 692 2462 2)
728 2423 772 2454 ib.
797 2433 827 2455 v.
854 2425 907 2454 13.
996 2421 1054 2467 v3)
1080 2424 1123 2456 ib.
1149 2433 1179 2454 v.
1218 2423 1274 2454 1⁷.
1392 2419 1432 2464 4)
1455 2421 1511 2452 Pa.

187 2469 239 2508 24,
267 2470 321 2498 10.
443 2465 481 2511 5)
506 2467 594 2508 Eph.
622 2469 654 2508 1,
683 2470 736 2499 17.
843 2469 881 2513 6)
920 2469 1027 2501 Editt.
1056 2478 1191 2501 omnes:
1217 2468 1296 2499 hae
1322 2477 1383 2506 qu.
1410 2467 1511 2506 spir.

186 2523 241 2552 sp.
269 2516 585 2545 enumerantur.
681 2512 718 2558 ἵ)
744 2516 807 2547 les.
823 2518 878 2556 11,
896 2518 926 2548 2.
1021 2516 1058 2557 8)
1084 2515 1172 2556 Eph.
1188 2517 1220 2554 1,
1236 2515 1289 2546 18.
1385 2513 1422 2552 9)
1448 2514 1511 2544 les.

185 2560 240 2598 42,
257 2562 308 2590 19.
404 2560 463 2600 10)
489 2560 690 2600 Eph,1,18.
798 2563 857 2604 11)
882 2563 935 2594 ps.
952 2564 983 2603 2,
1000 2564 1030 2593 8.
1127 2559 1189 2604 12)
1215 2560 1511 2609 Eph.1‚19—22.

186 2605 245 2644 13)
271 2606 323 2638 Pe.
339 2608 415 2646 110,
433 2608 462 2637 1.
561 2606 619 2646 14)
644 2607 698 2639 ΡΒ.
714 2609 744 2647 8,
758 2609 789 2639 7.
