1566 2808
0 0 158 130 &2312
191 3 228 22 ες,
251 2 255 3 ⁷
275 3 278 4 γ
315 0 317 2 .

7 130 27 180 {³3

353 193 479 226 Anv.
508 193 869 226 MARmoNEM
905 192 1080 224 LtnER
1110 192 1164 223 ιιι.
1315 189 1418 226 141

75 305 78 307 ·
99 281 379 336 Vespasianum
403 298 480 324 non
495 286 767 337 poenitentiam
782 286 1081 324 intellexissent:
1107 285 1211 322 facta
1236 290 1296 324 est
1308 290 1416 323 terra

101 354 234 381 eorum
260 340 428 390 deserta,
454 343 633 382 civitates
653 356 784 382 eorum
805 350 964 390 exustae
979 344 1030 390 ¹),
1055 342 1255 394 regionem
1282 354 1414 380 eorum

102 399 170 439 sut»
206 400 372 451 ipsorum
409 408 621 452 conspectu
658 402 835 439 extranei
872 399 1078 446 devorant,
1129 398 1319 438 derelicta
1356 406 1416 437 est

100 456 179 495 lilia
203 455 301 496 Sion
330 465 370 496 et
394 464 571 509 tanquam
597 458 754 510 specula
785 459 823 495 in
846 457 960 496 vinea
983 457 1045 495 vel
1077 457 1115 494 in
1148 457 1414 494 cucumerario

102 514 250 560 casula,
288 527 338 553 ex
363 527 436 566 quo
469 515 621 553 scilicet
652 515 771 554 Israel
805 513 993 553 dominum
1027 527 1103 552 non
1137 515 1336 565 cognovit,
1375 520 1415 552 et

99 571 262 623 populus
285 583 370 610 eum
395 585 471 619 non
497 573 700 617 intellexit,
727 571 795 610 sed
810 572 1027 624 dereliquit,
1054 578 1094 610 et
1118 572 1155 609 in
1180 569 1414 622 indignatio·

100 640 186 667 nem
220 630 449 680 provocavit
490 637 661 668 sanctum
705 629 861 668 Israelis
873 631 927 679 2).
989 627 1055 667 Sic
1099 635 1139 667 et
1182 629 1412 666 machaerae

100 684 373 725 conditionalis
405 687 670 725 comminatio:
708 689 742 725 si
770 687 969 726 volueritis
1001 698 1073 724 nec
1105 684 1307 723 audieritis
1336 698 1411 727 me,

98 742 303 781 machaera
333 756 401 781 vos
433 743 683 792 comedet3),
715 744 894 795 probavit
920 743 1110 781 Christum
1137 742 1274 787 fuisse,
1301 755 1411 793 quem

98 810 174 837 non
198 798 391 838 audiendo
416 802 628 852 perierunt.
691 800 761 848 Qui
791 807 832 839 et
860 801 898 838 in
923 800 1069 852 psalmo
1096 800 1409 851 quinquagesimo

97 863 236 896 octavo
269 856 545 909 dispersionem
578 859 635 896 eis
666 858 833 919 postulat
857 871 880 896 a
906 865 1035 910 patre:
1069 855 1250 908 disperde
1277 870 1346 895 eos
1371 858 1409 895 in

96 914 236 954 virtute
274 921 351 953 tua.
414 915 485 963 Qut
521 922 563 954 et
598 929 728 954 rursus
764 929 836 967 per
870 915 1044 961 Esaiam,
1088 915 1127 952 in
1170 915 1408 953 exustionem

95 982 228 1021 eorum
252 982 459 1024 perorans:
484 981 646 1025 propter
669 986 729 1011 me
754 973 865 1019 haec,
892 974 1026 1025 inquit,
1052 972 1163 1010 facta
1175 979 1262 1010 sunt
1286 972 1408 1019 vobis,

95 1029 138 1066 in
157 1027 354 1070 anxietate
379 1029 644 1078 dorm101184)
695 1029 799 1069 Satis
823 1044 940 1077 vane,
966 1032 998 1068 si
1024 1030 1121 1068 haec
1148 1043 1223 1068 non
1247 1037 1409 1082 propter

94 1097 188 1125 eum
206 1088 321 1139 passi
333 1095 439 1135 sunt,
472 1090 535 1140 qui
560 1095 722 1144 propter
750 1101 792 1127 se
818 1101 999 1140 passuros
1024 1088 1311 1139 pronuntiarat,
1338 1087 1407 1126 sed

94 1150 256 1195 propter
285 1145 475 1185 Christum
508 1145 571 1184 dei
602 1147 774 1184 alterius.
829 1146 974 1196 Atquin
1005 1145 1215 1190 Christum,
1242 1145 1406 1195 inquam,

92 1199 253 1245 alterius
284 1200 346 1240 dei
378 1201 534 1248 dicitis,
561 1215 583 1240 a
617 1204 806 1241 creatoris
835 1202 1038 1241 virtutihus
1069 1208 1109 1239 et
1139 1201 1405 1253 potestatibus,

92 1264 135 1295 ut
157 1257 205 1296 ab
230 1259 389 1298 aemulis
414 1261 451 1297 in
483 1267 801 1299 crucem-actum.
852 1259 931 1298 Sed
956 1272 1051 1298 ecce
1072 1257 1265 1297 defensus
1276 1266 1406 1298 osten-

92 1312 199 1361 ditue
219 1312 250 1354 a'
268 1324 478 1363 creatore„
500 1324 540 1356 et
571 1317 650 1363 dati
681 1325 768 1355 sunt
798 1318 953 1369 pessimi
977 1330 1049 1368 pro
1080 1316 1277 1368 sepultura
1308 1317 1404 1362 eius,

91 1373 156 1423 qui
186 1370 339 1413 seilicet
368 1374 588 1426 subreptum
626 1387 711 1414 eum
742 1374 1084 1420 adseveraret-ant,
1117 1380 1157 1411 et
1188 1373 1404 1425 locupletes

88 1441 160 1480 pro
185 1437 308 1468 morte
332 1431 436 1477 eius,
462 1432 527 1483 qui
550 1432 702 1470 seilicet
726 1439 766 1470 et
789 1445 812 1471 a
837 1430 931 1470 Iuda
955 1430 1201 1470 traditionem
1227 1429 1405 1469 redeme-

87 1493 188 1533 rant,
231 1494 273 1526 et
312 1501 335 1526 a
379 1486 561 1527 militibus
590 1489 726 1527 falsum
770 1489 1027 1528 testimonium
1071 1486 1273 1526 cadaveris
1314 1488 1404 1527 suh-

87 1545 190 1596 repti
203 1545 256 1593 ⁵).
318 1545 440 1596 Igitur
469 1554 537 1585 aut
567 1560 642 1584 non
669 1554 831 1598 propter
859 1547 965 1585 illum
990 1539 1219 1585 aeciderunt
1242 1546 1315 1584 ista
1341 1545 1403 1584 Iu-

87 1599 215 1650 daeis3
240 1602 309 1641 sed
324 1604 537 1642 revinceris
550 1606 797 1657 conspirante
823 1612 863 1643 et
886 1617 1002 1643 sensu
1026 1605 1301 1662 seripturarum
1317 1616 1401 1642 cum

86 1659 195 1698 exitu
218 1672 366 1713 rerum
379 1668 420 1699 et
444 1660 580 1700 ordine
606 1668 839 1714 temporum:
873 1669 940 1700 aut
963 1662 995 1700 si
1019 1669 1181 1714 propter
1205 1655 1308 1699 illum
1335 1674 1402 1699 ac-

87 1715 286 1763 ciderunt,
318 1730 394 1755 non
424 1711 549 1769 potuit
580 1726 738 1757 creator
766 1720 926 1765 ulcisci,
953 1720 1026 1757 nisi
1040 1732 1158 1758 suum
1190 1717 1399 1764 Christum,

85 1774 396 1812 remuneraturus
433 1777 560 1826 potius
597 1775 746 1821 Iudam,
796 1778 827 1814 si
863 1775 1125 1814 adversarium
1163 1774 1305 1814 domini
1342 1777 1401 1814 sui

84 1828 352 1883 peremissent.
416 1831 532 1870 Certe
564 1834 597 1870 si
631 1831 799 1870 nondum
836 1833 943 1871 venit
980 1832 1156 1871 Christus
1194 1834 1399 1879 creatoris,

83 1891 246 1941 propter
269 1902 380 1941 quem
405 1889 503 1928 haee
528 1890 677 1941 passuri
695 1889 989 1941 praedicantur,
1016 1903 1100 1929 cum
1118 1891 1271 1929 venerit
1287 1902 1398 1941 ergo,

82 1947 292 1998 patientur.
340 1946 392 1985 Et
415 1947 479 1985 uhi
506 1954 595 1985 tunc
621 1947 699 1986 filia
713 1946 807 1985 Sion
827 1947 1144 1999 derelinquenda,
1171 1960 1270 1999 quae
1295 1947 1399 1986 nulla

82 2002 200 2043 hodie
230 2006 315 2044 est?
361 2003 435 2043 Ubi
462 2005 638 2048 civitates
663 2004 903 2052 exurendae,
936 2018 1034 2057 quae
1059 2006 1133 2051 iam
1158 2006 1197 2043 in
1222 2004 1400 2044 tumulis?

82 2059 157 2100 Ubi
193 2061 383 2115 dispersio
422 2063 568 2113 gentis,
601 2075 699 2114 quae
734 2064 809 2101 iam
846 2063 1047 2114 extorris?
1093 2061 1228 2103 Redde
1258 2068 1398 2110 statum

82 2117 272 2166 Iudaeae,
306 2132 417 2171 quem
446 2119 624 2158 'Christus
655 2121 846 2159 creatoris
877 2121 1065 2167 inveniat,
1098 2127 1139 2159 et
1162 2119 1278 2159 alium
1303 2133 1397 2159 eon-

80 2174 198 2227 tende
227 2177 394 2216 venisse.
450 2177 528 2215 Iam
560 2190 674 2224 vero,
707 2172 818 2230 quale
842 2185 921 2225 est,
952 2185 995 2216 ut
1018 2190 1090 2230 per
1114 2177 1264 2216 coelum
1288 2190 1396 2215 suum

79 2232 291 2280 admiserit,
318 2247 429 2286 quem
454 2236 614 2273 interra
636 2248 704 2274 sua
728 2242 833 2274 esset
843 2236 1156 2288 interempturus,
1171 2235 1396 2273 honestiore

78 2297 121 2329 et
143 2291 377 2342 gloriosiore
405 2292 518 2342 regni
549 2293 607 2331 sui
637 2293 799 2344 regione
829 2293 993 2339 violata,
1031 2294 1115 2343 ipsa
1145 2291 1231 2330 aula
1263 2303 1333 2332 sua
1357 2297 1399 2328 et

77 2345 175 2387 arce'
197 2349 371 2388 calcata?
407 2348 484 2404 ¹An
514 2349 590 2388 hoc
618 2351 740 2402 magis
769 2350 992 2390 affectavit?
1037 2349 1155 2388 Plane
1169 2348 1207 2399 ⁶)
1233 2348 1395 2396 zelotes,

169 2500 207 2539 1)
221 2498 287 2531 Ed.
301 2500 487 2532 Francken
501 2504 535 2532 et
549 2500 674 2542 Rigalt.
687 2501 763 2532 add.
780 2500 880 2541 igni.
930 2497 967 2543 2)
990 2501 1055 2531 les.
1070 2501 1105 2540 1,
1116 2501 1135 2530 5
1150 2508 1224 2538 sqq.
1272 2495 1310 2540 3)
1330 2499 1395 2530 len.

76 2545 110 2580 1,
123 2545 178 2576 20.
271 2544 310 2588 4)
337 2544 401 2577 les.
424 2548 478 2587 50,
493 2549 547 2579 11.
643 2548 679 2587 5)
707 2547 758 2578 Cf.
776 2548 841 2578 len,
861 2547 916 2588 5³,
930 2547 963 2577 9.
1057 2545 1097 2588 6)
1121 2543 1249 2576 Ριιιιεί.
1269 2547 1303 2576 et
1320 2544 1394 2584 mg.

75 2589 203 2621 Plane
227 2591 330 2623 deus
356 2593 531 2624 zelotes.
