1604 2800
645 144 716 194 niz
747 165 819 195 AN
834 162 948 195 mm.
1366 164 1460 202 122

126 252 332 305 evangelio
347 254 383 302 ¹)
411 254 614 293 relucebit.
658 254 776 294 Dolet
799 254 900 307 apud
925 255 1072 294 inferos
1096 257 1222 294 anima
1247 257 1456 307 cuiusdam,

126 317 169 351 ct
191 312 414 364 punitur.in
444 312 613 359 flamma,
651 319 692 351 et
722 314 920 352 cruciatur
943 315 982 352 in
1007 313 1157 365 lingua,
1189 321 1228 353 et
1259 314 1307 353 de
1333 315 1458 368 digito

125 369 276 408 animae
307 369 497 408 felicioris
526 371 708 423 imqlorat
738 371 914 410 solatium
944 372 1058 410 roris.
1132 371 1340 424 Imaginem
1373 376 1458 413 exi-

125 426 257 464 stimas
281 427 426 466 exitum
455 427 561 466 illum
590 430 771 480 pauperis
802 429 981 468 laetantis
1005 436 1045 468 et
1070 427 1197 468 divitis
1221 433 1459 470 moerentis?

124 490 167 522 et
191 482 280 535 quid
304 484 386 523 illic
409 483 551 523 Lazari
575 499 729 534 nomen,
755 487 787 525 si
812 500 889 524 non
913 487 952 525 in
976 487 1142 526 veritate
1167 500 1232 526 res
1257 491 1341 526 est?
1377 488 1458 528 Sed

125 540 198 579 etsi
235 541 363 592 imago
400 541 597 581 credenda
633 551 711 590 est,
750 544 1007 583 testimonium
1045 545 1120 583 erit
1154 546 1344 585 veritatis.
1413 546 1458 586 Si

124 597 227 636 euim
250 611 328 636 non
352 598 516 638 haberet
540 601 667 639 anima
692 614 845 653 corpus,
872 614 949 640 non
974 609 1135 654 caperet
1158 603 1286 654 imago
1307 605 1456 643 animae

123 655 328 706 imaginem
355 658 546 708 corporis,
571 671 645 696 nec
670 659 897 697 mentiretur
915 657 964 698 de
986 659 1253 711 corporalibus
1276 661 1457 699 membris

123 712 329 764 scriptura,
356 714 389 751 si
413 727 492 752 non
516 722 640 752 erant.
703 708 802 763 Quid
827 722 887 754 est
911 723 1037 754 autem
1062 715 1170 762 illud,
1197 716 1299 767 quod
1324 716 1374 755 ad
1398 720 1457 756 in·

121 770 233 808 serua
262 770 498 808 transfertur
526 778 615 821 post
644 770 850 810 divortium
889 773 1085 822 corporis,
1123 771 1226 823 quod
1262 772 1458 811 detinetur

121 826 222 873 illic,
255 825 357 878 quod
383 827 422 864 in
448 826 549 865 diem
574 826 709 865 iudicii
739 835 980 874 reservatur,
1013 827 1062 866 ad
1089 827 1190 879 qnod
1216 835 1256 866 et
1281 829 1457 868 Christus

122 881 323 922 moriendo
349 882 578 922 descendit?
606 890 719 935 puto,
756 883 806 922 ad
831 885 977 923 animas
1001 884 1321 936 patriarcharum.
1377 886 1457 925 Sed

121 939 387 992 quamobrem,
417 941 451 979 si
476 940 570 979 nihil
595 942 720 979 anima
746 940 896 980 detinet
918 941 988 980 sub
1019 943 1161 980 terris?
1200 942 1308 981 Nihil
1340 945 1455 989 enim,

119 998 154 1036 si
178 1010 256 1036 uon
280 1010 440 1050 corpus3
467 998 766 1050 incorporalitas
786 995 886 1036 enim
900 998 948 1036 ab
964 999 1066 1036 omni
1085 1011 1232 1048 genere
1254 1000 1454 1039 custodiae

119 1054 245 1094 libera
275 1061 354 1101 est,
392 1050 566 1092 immuhis
590 1067 613 1092 a
638 1067 767 1106 poena
792 1061 832 1092 et
855 1067 879 1092 a
903 1054 1045 1092 fovela.
1112 1054 1190 1093 Per
1220 1056 1322 1106 quod
1354 1059 1455 1095 enim

117 1111 277 1163 punitur
295 1118 362 1149 ant
378 1111 544 1157 fovetur,
571 1111 646 1148 hoc
673 1113 749 1149 erit
773 1124 932 1162 corpus3
958 1110 1118 1149 reddam
1139 1110 1188 1150 de
1209 1113 1283 1149 isto
1303 1113 1454 1164 plenius

119 1174 162 1206 et
186 1169 451 1220 opportunius.
519 1167 642 1218 Igitur
665 1169 698 1205 si
724 1166 813 1219 quid
844 1169 1024 1205 tormenti
1056 1168 1136 1206 sive
1168 1168 1298 1206 solatii
1328 1170 1456 1208 anima

118 1225 345 1277 praecerpit
368 1225 407 1262 in
433 1237 595 1263 carcere
620 1236 689 1262 seu
715 1223 930 1263 diversorio
956 1224 1132 1271 inferum,
1158 1225 1198 1263 in
1224 1226 1304 1276 igni
1327 1227 1390 1265 vel
1415 1228 1454 1265 in

120 1282 204 1320 sinu
236 1281 437 1326 Abrahae,
477 1282 641 1333 probata
677 1283 752 1320 erit
788 1282 1047 1333 corporalitas
1083 1283 1246 1320 animae.
1320 1283 1456 1322 lucor-

117 1339 306 1392 poralitas
319 1339 419 1378 enim
435 1339 528 1377 nihil
541 1339 699 1390 patitur,
725 1352 802 1377 non
826 1339 986 1385 hahens,
1010 1352 1083 1390 per
1102 1338 1203 1391 quod
1216 1342 1297 1391 pati
1311 1342 1453 1391 possit;

119 1403 187 1435 aut
210 1397 243 1435 si
267 1396 397 1442 habet,
424 1396 499 1435 boc
525 1397 601 1434 erit
626 1409 783 1447 corpus-
823 1395 866 1434 ln
892 1402 1072 1446 quantum
1098 1397 1198 1434 enim
1225 1410 1337 1435 omne
1363 1411 1454 1436 cor-

116 1454 254 1506 porale
286 1453 468 1507 passibile
499 1460 577 1500 est,
608 1454 648 1491 in
673 1459 832 1500 tantum,
865 1451 967 1504 quod
990 1452 1173 1505 passibile
1198 1462 1278 1501 est,
1311 1468 1455 1507 corpo-

116 1511 201 1550 rale
225 1517 299 1550 est.

233 1572 276 1610 8.
338 1567 554 1621 Abruptum
585 1569 756 1622 alioquin
786 1576 828 1609 et
859 1568 1062 1608 absurdum
1099 1568 1248 1607 idcirco
1282 1569 1373 1621 quid
1404 1569 1453 1610 de

117 1626 377 1678 corporalium
391 1627 563 1666 eximere
577 1640 709 1673 censu,
725 1628 813 1678 quia
827 1628 970 1665 ceteris
985 1625 1254 1676 corporalibus
1266 1628 1454 1679 exemplis

106 1695 195 1722 ’non
213 1682 418 1734 adaequet,
443 1683 508 1720 ubi
526 1685 804 1734 proprietatnm
824 1684 974 1733 privata
1000 1681 1233 1729 discrimina,
1258 1696 1330 1734 per
1354 1697 1452 1734 quac

116 1739 404 1790 magnificentia
416 1740 588 1777 auctoris
602 1752 651 1776 ex
665 1752 823 1790 operum
844 1737 1054 1777 eorundem
1074 1737 1298 1777 diversitate
1323 1741 1454 1790 signa-

116 1802 200 1842 tur,
230 1802 273 1833 ut
301 1796 379 1834 sint
411 1802 485 1833 tam
516 1794 687 1833 discreta
718 1808 829 1846 quam
860 1796 988 1846 paria,
1020 1801 1097 1833 tam
1127 1796 1252 1833 amica
1277 1809 1386 1847 quam
1412 1804 1454 1835 et

116 1852 286 1899 aemula,
325 1850 513 1903 siquidem
538 1858 579 1890 et
601 1852 675 1903 ipsi
705 1852 926 1903 philosophi
956 1864 1007 1890 cx
1037 1853 1243 1890 contrariis
1272 1854 1454 1892 universa

118 1916 300 1949 constare
326 1908 536 1948 condicunt
560 1908 768 1947 secundum
799 1910 1007 1948 amicitiam
1033 1916 1074 1948 et
1097 1910 1335 1948 inimicitiam
1360 1910 1451 1949 Em-

115 1965 306 2019 pedoclis.
344 1965 411 2005 Sic
436 1967 556 2017 igitur
579 1967 653 2004 etsi
678 1966 899 2018 corporalia
923 1966 1235 2018 incorporalibus
1254 1967 1450 2015 obiacent,

115 2026 202 2076 ipsa
220 2036 371 2076 quoque
391 2025 446 2062 ita
465 2025 568 2062 iuter
585 2036 628 2062 se
648 2022 842 2071 differunt,
863 2031 906 2062 ut
919 2023 1138 2063 differentia
1151 2026 1303 2076 specics
1316 2038 1450 2065 eorum

117 2082 293 2133 ampliet,
324 2094 401 2120 non
426 2094 548 2132 genus
571 2087 710 2128 mutet,
742 2088 785 2120 ut
808 2082 885 2120 sint
909 2082 1149 2134 corporalia,
1181 2083 1238 2121 sic
1268 2083 1388 2121 multa
1410 2085 1450 2121 in

117 2137 183 2177 dei
206 2138 383 2189 gloriam,
409 2137 496 2176 dum
521 2138 641 2186 varia,
666 2139 723 2177 sic
746 2139 868 2186 varia,
895 2137 982 2178 dum
1007 2138 1173 2185 diversa,
1200 2141 1255 2178 sic
1281 2139 1447 2185 diversa,

117 2194 205 2234 dum
229 2193 380 2234 his0alii
405 2195 627 2247 qualitatum
657 2208 810 2243 sensus,
841 2197 907 2234 alii
931 2197 1026 2243 illis,
1064 2195 1152 2234 dum
1181 2196 1241 2234 his
1271 2197 1345 2234 alia
1377 2197 1449 2234 ali-

116 2259 264 2299 menta,
301 2252 378 2292 alia
413 2253 506 2300 illis,
545 2251 632 2291 dum
668 2253 766 2291 haec
802 2253 1020 2300 invisibilia,
1046 2254 1113 2291 illa
1136 2253 1321 2298 visibilia,
1360 2251 1448 2291 dum

116 2310 217 2349 haec
241 2310 393 2361 gravia,
425 2310 492 2348 illa
515 2309 629 2348 levia.
693 2309 815 2348 Aiunt
838 2311 939 2349 enim
964 2318 1005 2349 et
1028 2310 1176 2348 idcirco
1203 2311 1364 2347 animam
1389 2311 1447 2347 in·

118 2367 361 2420 corporalem
386 2366 690 2414 renuntiandam,
717 2368 806 2419 quia
831 2366 1004 2418 digressa
1018 2380 1062 2406 ea
1079 2367 1256 2418 graviora
1277 2366 1447 2405 effician-

117 2432 181 2463 tur
206 2437 372 2476 corpora
397 2423 677 2472 defunctorum,
706 2438 788 2463 cum
814 2425 960 2463 leviora
987 2438 1071 2464 csse
1098 2423 1304 2471 deberent,
1335 2425 1446 2462 unius

210 2551 247 2590 1)
271 2552 356 2583 Luc.
384 2553 439 2589 16,
467 2552 508 2582 23
524 2560 595 2590 sqq.

175 2609 371 2640 'run-vm..
398 2609 452 2638 lv.
1103 2600 1151 2636 12
