1618 2860
262 223 337 256 DE
369 221 1007 259 PRAESCRIPTIONIBUS
1042 227 1290 261 HAERET.
1408 229 1440 265 3

116 312 287 354 Avolent
309 321 489 368 quantum
512 315 647 355 volunt
669 317 806 368 paleae
832 317 925 356 levis
951 316 1041 357 fidei
1061 331 1286 372 quocunque
1306 321 1441 360 afflatu

113 371 387 420 tentationum,
427 384 475 411 eo
513 373 647 425 purior
683 387 806 412 massa
844 375 1022 414 frumenti
1060 377 1097 413 in
1130 376 1272 416 horrea
1294 375 1440 417 domini

114 434 336 481 reponetur.
385 428 526 468 Nonne
552 430 599 469 ab
625 431 709 482 ipso
737 430 890 470 domiuo
912 432 1062 484 quidam
1084 432 1308 473 discentium
1328 448 1440 475 scan-

114 478 272 525 «satiati
303 483 706 527 deverterunw‘Nec
737 496 863 528 tamen
894 497 1102 541 propterea
1136 493 1257 530 ceteri
1290 505 1439 545 quoque

114 540 388 582 discedendum
419 557 442 583 a
471 545 645 596 vestigiis
677 547 757 585 eius
788 553 1036 598 putaverunt,
1075 547 1142 587 sed
1176 550 1238 600 qui
1270 550 1441 588 scierunt

79 615 82 617 “
113 599 218 654 illum
241 600 345 640 vitae
371 614 457 640 esse
482 602 638 640 verbum
673 610 711 641 et
736 616 758 642 a
784 603 858 642 deo
889 606 1060 652 venisse,
1093 608 1442 656 perseveraverunt

113 657 153 696 in
186 658 370 696 comitatu
400 660 482 697 eius
514 673 632 711 usque
665 660 712 699 ad
745 661 875 709 finem,
915 675 998 700 cum
1031 662 1125 708 illis,
1164 663 1196 700 si
1227 662 1372 701 vellent
1402 670 1442 701 et

113 714 188 766 ipsi
213 713 431 762 discedere,
458 716 610 767 placide
638 717 851 758 obtulisset.
912 718 1038 757 Minus
1064 726 1135 765 est,
1162 721 1193 757 si
1220 726 1259 757 et
1282 727 1440 771 aposto-

113 771 189 811 lum
214 771 298 811 eius
321 772 438 824 aliqui
464 772 658 825 Phygelus
683 782 722 813 et
748 773 1011 826 Hermogenes
1037 783 1077 814 et
1101 775 1271 815 Philetus
1296 784 1334 816 et
1361 776 1440 829 lly-

111 840 294 868 menaeus
324 830 634 881 reliquerunt¹);
672 831 755 882 'ipse
793 831 959 871 traditor
990 833 1132 872 Christi
1174 833 1222 872 de
1254 835 1440 884 apostolis

111 885 197 925 fuit.
243 884 431 925 Miramur
455 886 503 925 de
523 887 703 926 ecclesiis
729 888 823 934 eius,
850 889 881 926 si
907 902 929 927 a
955 889 1176 940 quibusdam
1198 889 1439 937 deseruntur,

46 986 54 996 .
113 955 199 982 cum
236 955 283 982 ea
319 957 391 982 nos
429 943 635 982 ostendant
660 944 914 993 Christianos,
953 959 1049 997 quae
1086 948 1252 998 patimur
1287 946 1336 986 ad
1373 961 1440 986 ex-

113 999 278 1052 emplum
303 1001 421 1052 ipsius
448 1000 603 1040 Christi.
667 1001 725 1040 Ex
751 1002 880 1049 nobis,
918 1004 1058 1055 inquit,
1096 1003 1344 1056 prodierunt,
1370 1003 1438 1043 sed

112 1070 191 1096 non
213 1058 370 1097 fuerunt
405 1071 454 1097 ex
481 1058 611 1107 nobis3
650 1060 682 1098 si
706 1060 868 1098 fuissent
893 1072 942 1098 ex
973 1060 1102 1108 nobis,
1141 1063 1441 1114 permansissent

112 1115 246 1168 utique
271 1115 469 1155 nobiscum
484 1118 537 1163 2).

228 1176 268 1214 4.
320 1173 416 1221 Quin
442 1175 778 1225 potiusvmemores
804 1176 919 1213 simus
944 1182 1021 1213 tam
1048 1175 1323 1215 dominicarum
1349 1190 1439 1228 pro-

87 1266 90 1268 .
112 1230 392 1270 nuntiationum
425 1244 534 1283 quam
567 1231 866 1282 apostolicarum
893 1233 1108 1278 literarum,
1143 1246 1239 1284 quae
1266 1232 1376 1270 nobis
1402 1240 1441 1271 et

112 1286 261 1326 futuras
284 1287 467 1327 haereses
493 1289 858 1340 praenuntiaverunt
878 1296 917 1327 et
935 1288 1137 1339 fugiendas
1150 1290 1438 1341 praefinierunt,

112 1351 156 1383 ut
178 1345 280 1383 sieut
303 1357 389 1384 esse
410 1346 495 1383 illas
520 1359 596 1382 non
617 1347 919 1396 expavescimus,
946 1347 999 1383 ita
1015 1353 1054 1384 et
1074 1345 1254 1396 posseid,
1281 1353 1442 1398 propter

114 1399 216 1454 quod
240 1401 448 1453 fugiendae
474 1409 572 1448 sunt,
600 1415 676 1439 non
702 1403 893 1440 miremur.
935 1402 1107 1440 «Instruit
1133 1401 1319 1449 dominus,
1347 1403 1441 1440 mulv-

112 1465 175 1498 tos
211 1471 296 1498 esse
331 1466 515 1497 venturos
554 1459 622 1497 suh
661 1459 824 1510 pellibus
868 1459 1013 1506 ovium,
1062 1472 1225 1512 rapaces
1264 1460 1438 1511 lupos3).

113 1515 308 1564 Quaenam
339 1515 435 1556 istae
468 1524 555 1555 sunt
590 1516 712 1568 pelles
745 1517 887 1563 ovium,
933 1518 1005 1555 nisi
1037 1518 1200 1556 nominis
1233 1517 1440 1555 Christiani

112 1574 355 1614 extrinsecus
386 1574 637 1626 superficies?
697 1573 768 1622 Qui
799 1575 876 1626 lupi
908 1587 1088 1626 rapaces,
1134 1575 1206 1613 nisi
1238 1587 1371 1613 sensus
1403 1581 1442 1612 et

113 1632 270 1684 spiritus
294 1630 464 1679 subdoli,
498 1631 547 1670 ad
574 1630 827 1682 infestandum
855 1645 1013 1683 gregem
1041 1632 1184 1670 Christi
1211 1633 1441 1670 intrinsecus

112 1687 414 1728 delitescentes?
463 1684 931 1741 Quipseudoprophetae
964 1697 1068 1737 sunt,
1108 1691 1180 1728 nisi
1211 1690 1297 1727 falsi
1329 1701 1442 1741 prae-

114 1745 336 1786 dicatores?
389 1746 461 1794 Qui
492 1746 827 1799 pseudoapostoli,
861 1748 932 1785 nisi
959 1746 1123 1786 adulteri
1144 1747 1441 1797 evangelizato-

41 1827 51 1834 κ
113 1805 205 1842 res?
251 1803 324 1851 Qui
349 1804 566 1842 antichristi
597 1805 749 1843 interim
781 1811 822 1842 et
845 1817 1031 1855 semper,-
1048 1806 1120 1842 nisi
1147 1804 1289 1841 Christi
1314 1801 1442 1841 rebel-

112 1860 198 1899 les?
244 1859 328 1899 Hoc
366 1855 479 1899 erunt
510 1860 693 1900 haereses
724 1874 800 1899 non
832 1862 954 1900 minus
993 1856 1252 1900 doctrinarum
1284 1871 1442 1911 perver-

37 1955 48 1963 ,
112 1919 229 1958 sitate
266 1918 473 1957 ecclesiam
511 1919 767 1965 lacessentes,
806 1931 915 1970 quam
954 1925 1043 1971 tunc
1076 1918 1322 1957 antichristus
1352 1928 1441 1967 per-

114 1976 355 2016 secutionum
386 1977 592 2015 atrocitate
624 1983 896 2028 persequetur3
930 1977 1001 2014 nisi
1028 1975 1128 2028 quod
1157 1974 1375 2027 persecutio
1402 1979 1442 2010 et

40 2054 43 2058 ·
87 2065 89 2067 .
114 2040 306 2086 martyres
330 2033 445 2081 facit,
471 2034 654 2073 haereses
680 2039 877 2086 apostatas
903 2041 1060 2072 tantum.
1110 2033 1161 2072 Et
1185 2030 1274 2069 ideo
1300 2030 1440 2068 haere·

110 2102 189 2131 ses·
217 2103 368 2144 quoque
407 2092 614 2144 oportebat
654 2104 759 2139 esse,
809 2098 851 2129 ut
886 2090 1108 2143 probabiles
1145 2090 1283 2139 quique
1321 2087 1441 2125 mani-

115 2149 423 2199 restarentuffi),
473 2157 550 2188 tam
583 2150 646 2202 qui
671 2150 710 2187 in
735 2149 1069 2201 persecutionibus
1093 2145 1292 2191 steterint,
1331 2157 1441 2196 quam

93 2252 95 2254 v
118 2204 263 2256 qui‘ad
284 2206 469 2246 haereses
500 2221 577 2246 non
598 2206 920 2255 exorbitaverint.
970 2204 1105 2255 Neque
1132 2203 1232 2241 enim
1258 2214 1326 2240 eos
1351 2214 1444 2252 pro-

38 2262 42 2269 ’
115 2261 267 2309 habiles
290 2265 452 2316 intelligi
473 2266 588 2311 iuvat,
616 2265 679 2316 qui
704 2265 742 2302 in
762 2263 941 2303 haeresin
968 2259 1080 2298 fidem
1101 2259 1315 2305 demutant3
1342 2258 1444 2294 sicut

118 2332 169 2359 ex
193 2316 346 2359 diverso
371 2318 444 2359 sibi
469 2323 792 2373 interpretantur,
808 2321 905 2376 ‘quia
931 2316 1028 2354 dixit
1052 2316 1163 2354 alibi:
1199 2315 1325 2352 onmia
1351 2326 1442 2351 exa-

52 2399 65 2406 «
118 2377 275 2424 minate,
304 2376 405 2429 quod
429 2378 571 2416 bonum
596 2385 656 2416 est
680 2384 809 2416 tenete
824 2376 876 2423 ⁵).
928 2373 1043 2421 Quasi
1075 2386 1152 2410 non
1179 2372 1295 2410 liceat
1321 2371 1441 2408 omni·
1505 2426 1513 2432 ·

74 2610 80 2614 ,
213 2574 250 2615 1)
264 2573 385 2605 2Τίῐιι,
397 2574 429 2610 1,
443 2573 495 2602 15.
513 2572 544 2610 2,
560 2571 613 2601 17.
649 2570 667 2599 1
679 2568 766 2599 Tim.
780 2569 812 2607 1,
828 2568 883 2600 20.
954 2567 992 2607 2)
1007 2568 1025 2597 1
1037 2568 1085 2598 10.
1099 2567 1131 2608 2,
1146 2568 1199 2598 19.
1270 2565 1307 2606 3)
1320 2564 1443 2597 matth.

120 2617 158 2661 7,
170 2619 226 2653 15.
318 2617 355 2660 4)
380 2620 399 2650 1
411 2620 488 2649 Cor.
503 2619 558 2657 11,
573 2618 627 2648 19.
724 2612 762 2657 5)
790 2616 810 2644 1
821 2613 942 2644 Thess.
963 2615 994 2652 5,
1011 2614 1065 2643 21.
1103 2662 1122 2699 1
1134 2654 1158 2681 *
