1566 2808
120 244 188 281 38
272 245 346 276 DE
380 244 1018 279 PRAESCRIPTIONIBUS
1052 245 1302 278 HAERET.

122 337 221 377 Nam
266 350 350 376 cum
392 335 619 376 Valentinus
669 349 812 376 aeonas
863 345 1008 377 tantum
1056 338 1214 390 triginta
1263 338 1449 386 finxisset,

123 396 186 434 isti
229 393 460 434 addiderunt
501 395 598 433 alios
641 394 876 446 complureS,
922 402 1085 473 quatuor
1127 398 1226 435 enim
1259 397 1450 448 primum,

125 451 266 491 deinde
292 452 389 490 alios
416 459 580 503 quatuor
603 460 963 503 aggiegaverunt.
984 452 1035 491 Et
1060 453 1161 505 quod
1187 453 1283 492 dicit
1305 452 1455 492 Valen-

125 511 225 548 tinus
250 522 412 548 aeonem
438 510 672 548 uicesimum
693 511 907 549 excessisse
929 509 976 549 de
1004 510 1229 562 pleromate,
1255 518 1298 550 ut
1321 512 1359 549 in
1386 502 1454 550 de-

125 569 353 614 sectionem,
387 574 531 618 negant
561 567 642 615 isti3
675 581 751 605 non
778 569 877 606 enim
904 581 953 606 ex
977 568 1043 606 illa
1068 567 1310 607 triacontade
1336 568 1453 607 fuisse

126 626 245 671 hunc,
273 626 336 676 qui
361 624 480 663 fuerit
504 626 542 662 in
569 623 828 663 defectionem
856 631 1016 677 propter
1041 623 1274 664 desiderium
1298 624 1455 664 videndi

127 683 360 735 propatoris.
422 681 582 720 Exstitit
606 689 812 734 praeterea
838 682 1058 721 Heracleon
1090 683 1191 722 alter
1221 682 1455 730 haereticus,

129 741 192 792 qui
224 753 307 778 cum
331 738 540 778 Valentino
573 741 682 790 paria
713 741 849 786 sentit,
882 738 951 779 sed
982 741 1153 779 novitate
1179 739 1341 793 quadam
1366 753 1457 792 pro-

130 798 377 836 nuntiationis
413 797 493 835 vult
528 796 651 835 videri
689 798 765 835 alia
802 798 958 836 sentire.
1024 797 1244 837 Introducit
1280 798 1382 836 enim
1418 798 1457 836 in

130 856 262 907 primis
281 853 373 892 illud
399 855 530 901 fuisse,
554 854 654 906 quod
672 856 706 902 l)
735 856 969 906 pronuntiat,
997 862 1037 894 et
1057 853 1266 894 deindeex
1284 855 1352 894 illa
1375 868 1458 892 mo-

131 911 228 951 nade
268 911 362 959 duo,
402 926 448 951 ac
481 911 620 951 deinde
659 913 829 964 reliquos
866 926 1029 961 aeonas,
1071 911 1211 951 deinde
1248 911 1460 951 introducit

132 977 249 1008 totum
275 969 533 1008 Valentinum.

247 1031 315 1069 50.
365 1027 455 1066 Non
481 1027 687 1067 defuerunt
707 1035 795 1080 post
818 1028 889 1066 hos
902 1027 1057 1067 Marcus
1084 1027 1235 1080 quidam
1261 1035 1301 1067 et
1322 1027 1461 1083 Colar-

132 1086 258 1132 basus,
285 1099 422 1130 novam
446 1085 625 1124 haeresin
652 1098 701 1124 ex
729 1084 966 1124 Graecorum
993 1086 1199 1138 alphabeto
1228 1098 1461 1139 componen-

133 1151 204 1182 tes.
266 1142 424 1194 Negant
449 1143 549 1181 enim
581 1144 784 1191 veritatem
815 1140 1012 1182 sine'istis
1045 1157 1157 1195 posse
1195 1143 1318 1182 literis
1355 1144 1463 1182 inve-

133 1201 225 1247 niri,
264 1201 340 1239 imo
373 1207 491 1238 totam
527 1199 802 1252 plenitudinem
834 1201 1185 1252 etperfectionem
1215 1200 1391 1239 veritatis
1423 1200 1462 1238 in
1515 1203 1518 1205 ’

135 1259 217 1297 istis
254 1258 377 1296 literis
415 1270 500 1296 esse
539 1257 774 1310 dispositam.
836 1257 1003 1310 Propter
1033 1258 1132 1297 hanc
1164 1259 1263 1297 enim
1290 1269 1463 1297 caussam

136 1316 327 1354 Christum
360 1315 523 1354 dixisse:
555 1315 641 1367 Ego
674 1329 754 1354 sum
780 1330 807 1355 α
832 1323 871 1354 et
895 1331 937 1356 co.
999 1316 1174 1368 Denique
1194 1315 1325 1354 ‘Iesum
1352 1314 1465 1354 Chri-

136 1381 233 1412 stum
260 1372 522 1439 descendisse,
550 1372 589 1411 id
614 1380 692 1420 est,
720 1373 934 1411 columbam
960 1375 998 1412 in
1025 1374 1148 1412 Iesuni
1174 1373 1339 1420 venisse,
1367 1385 1467 1424 quae

140 1429 292 1469 Graeco
319 1431 471 1468 nomine
499 1443 582 1468 cum
609 1426 814 1483 περιστερὰ
838 1432 1126 1481 pronuntietur,
1153 1430 1296 1491 haheat
1326 1443 1466 1469 secun-

138 1488 224 1527 dum
251 1501 447 1527 numerum
474 1487 640 1527 DCCCL
702 1487 938 1526 Percuriunt
962 1489 1025 1526 isti
1050 1504 1124 1536 ω,
1124 1498 1183 1541 ψ,
1213 1503 1253 1542 χ,
1285 1501 1332 1540 φ,
1366 1503 1406 1536 υ,
1430 1501 1465 1535 τ,

137 1553 258 1585 totum
285 1558 401 1597 usque
423 1544 477 1584 ad
503 1546 616 1597 alpha
639 1544 750 1592 beta,
783 1552 823 1584 et
855 1553 1078 1598 computant
1109 1544 1308 1597 ogdoadas
1334 1553 1374 1584 et
1399 1544 1467 1584 de-

140 1603 268 1651 cadas,
296 1605 350 1642 ita
375 1610 415 1641 ut
440 1603 581 1651 afferre
605 1603 759 1645 illorum
786 1616 917 1642 omnes
944 1605 1140 1642 vanitates·
1159 1610 1200 1642 et
1223 1603 1392 1656 ineptum
1418 1603 1469 1641 sit

140 1669 180 1700 et
205 1663 370 1700 otiosum
397 1660 515 1713 [quod
542 1668 670 1700 tamen
695 1675 772 1699 non
797 1668 942 1700 tantum
968 1662 1042 1700 iam
1067 1674 1224 1708 vanum,
1258 1659 1326 1700 sed
1352 1660 1468 1699 etiam

139 1719 397 1772 periculosum
423 1720 533 1768 sit-⁰]
518 1722 555 1768 -)
603 1717 780 1757 Alterum
806 1718 935 1757 deum·
950 1719 1098 1771 fingunt
1126 1725 1284 1771 praeter
1316 1724 1469 1757 creato-

140 1790 240 1824 rem,
287 1776 478 1815 Christum
510 1777 548 1814 iu
580 1776 792 1814 substantia
823 1784 967 1828 negant
992 1778 1119 1815 carnis
1145 1777 1282 1839 fuisse3
1321 1781 1466 1827 negant

142 1836 269 1874 carnis
294 1835 617 1874 resurrectionem
643 1833 821 1872 futuram.

258 1895 326 1933 51.
365 1891 534 1930 Accedit
559 1892 618 1930 his
645 1891 801 1930 Cerdon
828 1892 993 1944 quidam.
1021 1892 1093 1931 Hic
1120 1891 1334 1930 introducit
1358 1891 1469 1929 initia

144 1950 238 1996 duo,
282 1948 320 1987 id
353 1955 411 1987 est
443 1948 539 1987 duos
571 1948 683 1995 deos,
723 1962 835 1987 unum
868 1950 1008 1988 honum
1042 1957 1081 1988 et
1111 1950 1276 1999 alterum
1300 1946 1467 1995 saevum,

143 2008 283 2046 bonum
314 2007 571 2058 superiorem,
611 2019 762 2045 saevum
803 2007 900 2045 hunc
939 2007 1067 2045 mundi
1106 2008 1335 2046 creatorem.
1398 2005 1470 2044 Hic

144 2065 368 2131 prophetias
399 2070 440 2102 et
471 2063 596 2114 legem
622 2062 819 2115 repudiat,
859 2063 944 2102 deo
967 2065 1137 2103 creatori
1168 2064 1381 2111 renuntiat,
1409 2076 1470 2102 su-

145 2122 323 2183 perimis
343 2120 406 2159 dei
438 2120 554 2159 filium
581 2120 772 2159 Christum
802 2122 954 2160 venisse
987 2128 1148 2169 tractat,
1186 2116 1286 2160 hunc
1318 2122 1358 2160 in
1383 2121 1472 2160 suh-

146 2181 286 2219 stantia
313 2173 440 2217 carnis
465 2185 600 2229 negat,
627 2180 666 2217 in
692 2178 956 2230 phantasmate
983 2180 1066 2218 solo
1093 2180 1209 2218 fuisse
1235 2179 1470 2231 pronuntiat,

147 2251 219 2277 nec
246 2237 399 2276 omnino
425 2249 594 2289 passum,
628 2235 696 2275 sed
723 2237 830 2288 quasi
855 2250 1025 2288 passum,
1053 2250 1125 2276 nec
1153 2250 1202 2275 ex
1225 2237 1378 2288 virgine
1403 2249 1472 2275 na-

147 2304 243 2343 tum,
269 2294 339 2333 sed
366 2295 518 2333 omnino
545 2307 617 2332 nec
643 2300 784 2333 natum.
846 2293 1185 2334 Resurrectionem
1211 2295 1361 2334 animae
1386 2300 1471 2333 tan·
1503 2345 1506 2347 Α

148 2352 341 2392 tummodo
366 2351 524 2404 prohat,
565 2352 740 2403 corporis
772 2359 902 2403 negat.
965 2351 1096 2391 Solum
1129 2353 1371 2404 evangelium
1395 2351 1471 2390 Lu-

150 2424 239 2458 cae,
266 2423 338 2449 nec
366 2417 493 2448 tamen
518 2416 639 2448 totum
665 2410 825 2461 recipit,
863 2411 1030 2462 apostoli
1056 2410 1164 2450 Pauli
1190 2423 1314 2463 neque
1341 2421 1472 2448 omnes

150 2481 272 2520 neque
303 2474 406 2506 totas
437 2467 620 2520 epistolas
651 2467 784 2516 sumit;
821 2466 923 2508 Acta
946 2467 1222 2520 Apostolorum
1254 2474 1295 2506 et
1317 2465 1473 2520 Apoca-

244 2610 280 2649 1)
305 2610 399 2648 „Hic
415 2609 518 2640 etiam
533 2608 652 2640 deesse
664 2607 803 2639 videtur
815 2607 942 2646 aliquid
962 2605 1159 2639 vocabuli.“
1183 2607 1258 2648 mg.
1354 2604 1388 2646 2)
1411 2606 1473 2637 Vv.

152 2656 249 2687 uncis
264 2656 398 2687 inclusa
417 2655 578 2686 videntur
597 2664 616 2685 a
629 2654 770 2686 librario
785 2654 929 2694 quodam
945 2653 1080 2685 adiecta
1098 2663 1186 2686 esse.
