<?xml version="1.0" encoding="UTF-8"?>
<!DOCTYPE html PUBLIC "-//W3C//DTD XHTML 1.0 Transitional//EN"
    "http://www.w3.org/TR/xhtml1/DTD/xhtml1-transitional.dtd">
<html xmlns="http://www.w3.org/1999/xhtml" xml:lang="en" lang="en">
 <head>
  <title>
</title>
<meta http-equiv="Content-Type" content="text/html;charset=utf-8" />
  <meta name='ocr-system' content='tesseract 3.04.00' />
  <meta name='ocr-capabilities' content='ocr_page ocr_carea ocr_par ocr_line ocrx_word'/>
</head>
<body>
  <div class='ocr_page' id='page_1' title='image "./operatert34tertuoft_0564.png"; bbox 0 0 1604 2800; ppageno 0'>
   <div class='ocr_carea' id='block_1_1' title="bbox 161 186 980 226">
    <p class='ocr_par' dir='ltr' id='par_1_1' title="bbox 161 186 980 226">
     <span class='ocr_line' id='line_1_1' title="bbox 161 186 980 226; baseline 0.006 -11"><span class='ocrx_word' id='word_1_1' title='bbox 161 187 262 226; x_wconf 68' lang='lat'><strong>238</strong></span> <span class='ocrx_word' id='word_1_2' title='bbox 675 186 749 218; x_wconf 82' lang='lat' dir='ltr'><strong>DE</strong></span> <span class='ocrx_word' id='word_1_3' title='bbox 780 187 980 220; x_wconf 79' lang='lat' dir='ltr'><strong>ANIMA.</strong></span> 
     </span>
    </p>
   </div>
   <div class='ocr_carea' id='block_1_2' title="bbox 144 276 1561 2336">
    <p class='ocr_par' dir='ltr' id='par_1_2' title="bbox 144 276 1561 2336">
     <span class='ocr_line' id='line_1_2' title="bbox 163 276 1494 334; baseline 0.002 -13"><span class='ocrx_word' id='word_1_4' title='bbox 163 282 357 334; x_wconf 84' lang='lat' dir='ltr'><strong>Illyricum</strong></span> <span class='ocrx_word' id='word_1_5' title='bbox 383 291 406 317; x_wconf 92' lang='lat' dir='ltr'><strong>a</strong></span> <span class='ocrx_word' id='word_1_6' title='bbox 429 276 611 317; x_wconf 87' lang='lat' dir='ltr'><strong>Molossis</strong></span> <span class='ocrx_word' id='word_1_7' title='bbox 634 291 754 331; x_wconf 90' lang='lat' dir='ltr'><strong>usque</strong></span> <span class='ocrx_word' id='word_1_8' title='bbox 773 279 1044 320; x_wconf 90' lang='lat' dir='ltr'><strong>Macedoniam</strong></span> <span class='ocrx_word' id='word_1_9' title='bbox 1071 291 1121 319; x_wconf 83' lang='lat' dir='ltr'><strong>ex</strong></span> <span class='ocrx_word' id='word_1_10' title='bbox 1145 281 1294 320; x_wconf 88' lang='lat' dir='ltr'><strong>somnio</strong></span> <span class='ocrx_word' id='word_1_11' title='bbox 1320 280 1494 323; x_wconf 83' lang='lat' dir='ltr'><strong>domina-</strong></span> 
     </span>
     <span class='ocr_line' id='line_1_3' title="bbox 162 335 1492 381; baseline 0.002 -3"><span class='ocrx_word' id='word_1_12' title='bbox 162 347 239 378; x_wconf 89' lang='lat' dir='ltr'><strong>tum</strong></span> <span class='ocrx_word' id='word_1_13' title='bbox 270 336 316 376; x_wconf 89' lang='lat' dir='ltr'><strong>de</strong></span> <span class='ocrx_word' id='word_1_14' title='bbox 351 335 585 375; x_wconf 81' lang='lat' dir='ltr'><strong>Callisthene</strong></span> <span class='ocrx_word' id='word_1_15' title='bbox 623 335 730 375; x_wconf 89' lang='lat' dir='ltr'><strong>disco</strong></span> <span class='ocrx_word' id='word_1_16' title='bbox 817 337 1021 377; x_wconf 83' lang='lat' dir='ltr'><strong>Noverunt</strong></span> <span class='ocrx_word' id='word_1_17' title='bbox 1052 345 1092 377; x_wconf 89' lang='lat' dir='ltr'><strong>et</strong></span> <span class='ocrx_word' id='word_1_18' title='bbox 1122 337 1284 378; x_wconf 89' lang='lat' dir='ltr'><strong>Romani</strong></span> <span class='ocrx_word' id='word_1_19' title='bbox 1318 341 1492 381; x_wconf 85' lang='lat' dir='ltr'><strong>veritatis</strong></span> 
     </span>
     <span class='ocr_line' id='line_1_4' title="bbox 161 392 1493 449; baseline 0.002 -14"><span class='ocrx_word' id='word_1_20' title='bbox 161 393 378 435; x_wconf 91' lang='lat' dir='ltr'><strong>huiusmodi</strong></span> <span class='ocrx_word' id='word_1_21' title='bbox 404 395 564 435; x_wconf 84' lang='lat' dir='ltr'><strong>somnia.</strong></span> <span class='ocrx_word' id='word_1_22' title='bbox 619 392 928 434; x_wconf 78' lang='lat' dir='ltr'><strong>Reformatorem</strong></span> <span class='ocrx_word' id='word_1_23' title='bbox 955 396 1118 449; x_wconf 91' lang='lat' dir='ltr'><strong>imperii,</strong></span> <span class='ocrx_word' id='word_1_24' title='bbox 1144 397 1342 449; x_wconf 91' lang='lat' dir='ltr'><strong>puerulum</strong></span> <span class='ocrx_word' id='word_1_25' title='bbox 1368 397 1493 439; x_wconf 86' lang='lat' dir='ltr'><strong>adhuc</strong></span> 
     </span>
     <span class='ocr_line' id='line_1_5' title="bbox 164 451 1493 507; baseline 0.002 -15"><span class='ocrx_word' id='word_1_26' title='bbox 164 461 203 493; x_wconf 90' lang='lat' dir='ltr'><strong>et</strong></span> <span class='ocrx_word' id='word_1_27' title='bbox 228 453 414 505; x_wconf 89' lang='lat' dir='ltr'><strong>privatum</strong></span> <span class='ocrx_word' id='word_1_28' title='bbox 441 452 537 498; x_wconf 92' lang='lat' dir='ltr'><strong>loci,</strong></span> <span class='ocrx_word' id='word_1_29' title='bbox 571 458 611 489; x_wconf 89' lang='lat' dir='ltr'><strong>et</strong></span> <span class='ocrx_word' id='word_1_30' title='bbox 635 451 768 491; x_wconf 92' lang='lat' dir='ltr'><strong>Iulium</strong></span> <span class='ocrx_word' id='word_1_31' title='bbox 796 452 995 492; x_wconf 88' lang='lat' dir='ltr'><strong>Octavium</strong></span> <span class='ocrx_word' id='word_1_32' title='bbox 1021 460 1185 501; x_wconf 89' lang='lat' dir='ltr'><strong>tantum,</strong></span> <span class='ocrx_word' id='word_1_33' title='bbox 1219 461 1260 493; x_wconf 88' lang='lat' dir='ltr'><strong>et</strong></span> <span class='ocrx_word' id='word_1_34' title='bbox 1284 454 1356 494; x_wconf 91' lang='lat' dir='ltr'><strong>sibi</strong></span> <span class='ocrx_word' id='word_1_35' title='bbox 1381 456 1493 507; x_wconf 87' lang='lat' dir='ltr'><strong>igno-</strong></span> 
     </span>
     <span class='ocr_line' id='line_1_6' title="bbox 163 508 1497 562; baseline 0.002 -13"><span class='ocrx_word' id='word_1_36' title='bbox 163 519 240 549; x_wconf 89' lang='lat' dir='ltr'><strong>tum</strong></span> <span class='ocrx_word' id='word_1_37' title='bbox 265 510 420 548; x_wconf 90' lang='lat' dir='ltr'><strong>Marcus</strong></span> <span class='ocrx_word' id='word_1_38' title='bbox 444 508 588 547; x_wconf 91' lang='lat' dir='ltr'><strong>Tullius</strong></span> <span class='ocrx_word' id='word_1_39' title='bbox 620 510 694 548; x_wconf 86' lang='lat' dir='ltr'><strong>iam</strong></span> <span class='ocrx_word' id='word_1_40' title='bbox 725 516 766 548; x_wconf 91' lang='lat' dir='ltr'><strong>et</strong></span> <span class='ocrx_word' id='word_1_41' title='bbox 789 508 1002 562; x_wconf 86' lang='lat' dir='ltr'><strong>Augustum</strong></span> <span class='ocrx_word' id='word_1_42' title='bbox 1035 518 1075 550; x_wconf 92' lang='lat' dir='ltr'><strong>et</strong></span> <span class='ocrx_word' id='word_1_43' title='bbox 1106 511 1271 550; x_wconf 89' lang='lat' dir='ltr'><strong>civilium</strong></span> <span class='ocrx_word' id='word_1_44' title='bbox 1303 512 1497 552; x_wconf 89' lang='lat' dir='ltr'><strong>turbinum-</strong></span> 
     </span>
     <span class='ocr_line' id='line_1_7' title="bbox 164 565 1497 620; baseline 0.002 -13"><span class='ocrx_word' id='word_1_45' title='bbox 164 568 399 620; x_wconf 88' lang='lat' dir='ltr'><strong>sepultorem</strong></span> <span class='ocrx_word' id='word_1_46' title='bbox 425 565 472 605; x_wconf 90' lang='lat' dir='ltr'><strong>de</strong></span> <span class='ocrx_word' id='word_1_47' title='bbox 499 567 646 605; x_wconf 89' lang='lat' dir='ltr'><strong>somnio</strong></span> <span class='ocrx_word' id='word_1_48' title='bbox 673 574 798 608; x_wconf 89' lang='lat' dir='ltr'><strong>norat.</strong></span> <span class='ocrx_word' id='word_1_49' title='bbox 849 568 891 607; x_wconf 90' lang='lat' dir='ltr'><strong>ln</strong></span> <span class='ocrx_word' id='word_1_50' title='bbox 916 568 1066 608; x_wconf 89' lang='lat' dir='ltr'><strong>Vitellii</strong></span> <span class='ocrx_word' id='word_1_51' title='bbox 1093 571 1376 609; x_wconf 87' lang='lat' dir='ltr'><strong>commentariis</strong></span> <span class='ocrx_word' id='word_1_52' title='bbox 1402 583 1497 610; x_wconf 91' lang='lat' dir='ltr'><strong>con·-</strong></span> 
     </span>
     <span class='ocr_line' id='line_1_8' title="bbox 166 623 1499 680; baseline 0.002 -16"><span class='ocrx_word' id='word_1_53' title='bbox 166 625 283 664; x_wconf 87' lang='lat' dir='ltr'><strong>ditum</strong></span> <span class='ocrx_word' id='word_1_54' title='bbox 309 631 383 664; x_wconf 91' lang='lat' dir='ltr'><strong>est.</strong></span> <span class='ocrx_word' id='word_1_55' title='bbox 446 623 531 663; x_wconf 92' lang='lat' dir='ltr'><strong>Nec</strong></span> <span class='ocrx_word' id='word_1_56' title='bbox 563 624 661 663; x_wconf 86' lang='lat' dir='ltr'><strong>haec</strong></span> <span class='ocrx_word' id='word_1_57' title='bbox 693 626 776 664; x_wconf 89' lang='lat' dir='ltr'><strong>sola</strong></span> <span class='ocrx_word' id='word_1_58' title='bbox 808 627 960 678; x_wconf 83' lang='lat' dir='ltr'><strong>species</strong></span> <span class='ocrx_word' id='word_1_59' title='bbox 992 627 1067 665; x_wconf 90' lang='lat' dir='ltr'><strong>erit</strong></span> <span class='ocrx_word' id='word_1_60' title='bbox 1091 640 1317 666; x_wconf 90' lang='lat' dir='ltr'><strong>summarum</strong></span> <span class='ocrx_word' id='word_1_61' title='bbox 1343 626 1499 680; x_wconf 85' lang='lat' dir='ltr'><strong>praedi-</strong></span> 
     </span>
     <span class='ocr_line' id='line_1_9' title="bbox 167 681 1499 738; baseline 0.002 -17"><span class='ocrx_word' id='word_1_62' title='bbox 167 684 291 721; x_wconf 85' lang='lat' dir='ltr'><strong>catrix</strong></span> <span class='ocrx_word' id='word_1_63' title='bbox 316 688 563 735; x_wconf 86' lang='lat' dir='ltr'><strong>potestatum,</strong></span> <span class='ocrx_word' id='word_1_64' title='bbox 589 681 658 720; x_wconf 91' lang='lat' dir='ltr'><strong>sed</strong></span> <span class='ocrx_word' id='word_1_65' title='bbox 680 690 719 721; x_wconf 90' lang='lat' dir='ltr'><strong>et</strong></span> <span class='ocrx_word' id='word_1_66' title='bbox 738 684 997 734; x_wconf 87' lang='lat' dir='ltr'><strong>periculorum</strong></span> <span class='ocrx_word' id='word_1_67' title='bbox 1017 690 1058 722; x_wconf 90' lang='lat' dir='ltr'><strong>et</strong></span> <span class='ocrx_word' id='word_1_68' title='bbox 1075 683 1300 723; x_wconf 80' lang='lat' dir='ltr'><strong>exitiorum:</strong></span> <span class='ocrx_word' id='word_1_69' title='bbox 1326 691 1368 723; x_wconf 91' lang='lat' dir='ltr'><strong>ut</strong></span> <span class='ocrx_word' id='word_1_70' title='bbox 1387 697 1499 738; x_wconf 88' lang='lat' dir='ltr'><strong>quum</strong></span> 
     </span>
     <span class='ocr_line' id='line_1_10' title="bbox 167 739 1498 794; baseline 0.003 -16"><span class='ocrx_word' id='word_1_71' title='bbox 167 739 312 778; x_wconf 90' lang='lat' dir='ltr'><strong>Caesar</strong></span> <span class='ocrx_word' id='word_1_72' title='bbox 336 740 374 778; x_wconf 90' lang='lat' dir='ltr'><strong>in</strong></span> <span class='ocrx_word' id='word_1_73' title='bbox 400 739 549 791; x_wconf 91' lang='lat' dir='ltr'><strong>proelio</strong></span> <span class='ocrx_word' id='word_1_74' title='bbox 575 739 828 791; x_wconf 86' lang='lat' dir='ltr'><strong>perduellium</strong></span> <span class='ocrx_word' id='word_1_75' title='bbox 842 739 950 781; x_wconf 84' lang='lat' dir='ltr'><strong>Bruti</strong></span> <span class='ocrx_word' id='word_1_76' title='bbox 969 748 1009 780; x_wconf 88' lang='lat' dir='ltr'><strong>et</strong></span> <span class='ocrx_word' id='word_1_77' title='bbox 1024 741 1146 780; x_wconf 90' lang='lat' dir='ltr'><strong>Cassii</strong></span> <span class='ocrx_word' id='word_1_78' title='bbox 1160 740 1344 794; x_wconf 85' lang='lat' dir='ltr'><strong>Philippis</strong></span> <span class='ocrx_word' id='word_1_79' title='bbox 1365 755 1498 794; x_wconf 81' lang='lat' dir='ltr'><strong>aeger,</strong></span> 
     </span>
     <span class='ocr_line' id='line_1_11' title="bbox 166 796 1499 850; baseline 0.002 -14"><span class='ocrx_word' id='word_1_80' title='bbox 166 798 262 836; x_wconf 87' lang='lat' dir='ltr'><strong>alias</strong></span> <span class='ocrx_word' id='word_1_81' title='bbox 293 797 551 843; x_wconf 82' lang='lat' dir='ltr'><strong>maiestatem,</strong></span> <span class='ocrx_word' id='word_1_82' title='bbox 590 797 684 834; x_wconf 88' lang='lat' dir='ltr'><strong>alias</strong></span> <span class='ocrx_word' id='word_1_83' title='bbox 717 796 924 836; x_wconf 83' lang='lat' dir='ltr'><strong>discrimen</strong></span> <span class='ocrx_word' id='word_1_84' title='bbox 955 799 1002 837; x_wconf 90' lang='lat' dir='ltr'><strong>ab</strong></span> <span class='ocrx_word' id='word_1_85' title='bbox 1035 798 1208 838; x_wconf 84' lang='lat' dir='ltr'><strong>hostibus</strong></span> <span class='ocrx_word' id='word_1_86' title='bbox 1239 797 1499 850; x_wconf 85' lang='lat' dir='ltr'><strong>relaturus‚¹)</strong></span> 
     </span>
     <span class='ocr_line' id='line_1_12' title="bbox 165 851 1501 910; baseline 0.003 -18"><span class='ocrx_word' id='word_1_87' title='bbox 165 854 316 893; x_wconf 89' lang='lat' dir='ltr'><strong>Artorii</strong></span> <span class='ocrx_word' id='word_1_88' title='bbox 358 853 505 890; x_wconf 90' lang='lat' dir='ltr'><strong>visione</strong></span> <span class='ocrx_word' id='word_1_89' title='bbox 550 851 732 891; x_wconf 89' lang='lat' dir='ltr'><strong>destituto</strong></span> <span class='ocrx_word' id='word_1_90' title='bbox 778 854 1028 893; x_wconf 88' lang='lat' dir='ltr'><strong>tabernaculo</strong></span> <span class='ocrx_word' id='word_1_91' title='bbox 1068 855 1272 906; x_wconf 81' lang='lat' dir='ltr'><strong>evadit32)</strong></span> <span class='ocrx_word' id='word_1_92' title='bbox 1309 864 1351 895; x_wconf 89' lang='lat' dir='ltr'><strong>ut</strong></span> <span class='ocrx_word' id='word_1_93' title='bbox 1389 869 1501 910; x_wconf 89' lang='lat' dir='ltr'><strong>quum</strong></span> 
     </span>
     <span class='ocr_line' id='line_1_13' title="bbox 166 908 1502 964; baseline 0.002 -14"><span class='ocrx_word' id='word_1_94' title='bbox 166 908 522 962; x_wconf 85' lang='lat' dir='ltr'><strong>PolycratiSamio</strong></span> <span class='ocrx_word' id='word_1_95' title='bbox 556 909 634 947; x_wconf 90' lang='lat' dir='ltr'><strong>filia</strong></span> <span class='ocrx_word' id='word_1_96' title='bbox 665 922 818 948; x_wconf 86' lang='lat' dir='ltr'><strong>crucem</strong></span> <span class='ocrx_word' id='word_1_97' title='bbox 850 912 1040 963; x_wconf 89' lang='lat' dir='ltr'><strong>prospicit</strong></span> <span class='ocrx_word' id='word_1_98' title='bbox 1072 911 1119 950; x_wconf 91' lang='lat' dir='ltr'><strong>de</strong></span> <span class='ocrx_word' id='word_1_99' title='bbox 1150 913 1243 951; x_wconf 90' lang='lat' dir='ltr'><strong>solis</strong></span> <span class='ocrx_word' id='word_1_100' title='bbox 1268 914 1435 964; x_wconf 87' lang='lat' dir='ltr'><strong>unguine</strong></span> <span class='ocrx_word' id='word_1_101' title='bbox 1461 920 1502 952; x_wconf 88' lang='lat' dir='ltr'><strong>et</strong></span> 
     </span>
     <span class='ocr_line' id='line_1_14' title="bbox 167 965 1504 1023; baseline 0.002 -16"><span class='ocrx_word' id='word_1_102' title='bbox 167 968 324 1007; x_wconf 84' lang='lat' dir='ltr'><strong>lavacro</strong></span> <span class='ocrx_word' id='word_1_103' title='bbox 363 966 476 1005; x_wconf 88' lang='lat' dir='ltr'><strong>Iovis.</strong></span> <span class='ocrx_word' id='word_1_104' title='bbox 498 967 536 1016; x_wconf 82' lang='lat'><strong>³)</strong></span> <span class='ocrx_word' id='word_1_105' title='bbox 610 965 845 1006; x_wconf 80' lang='lat' dir='ltr'><strong>Revelantur</strong></span> <span class='ocrx_word' id='word_1_106' title='bbox 882 975 922 1006; x_wconf 93' lang='lat' dir='ltr'><strong>et</strong></span> <span class='ocrx_word' id='word_1_107' title='bbox 956 969 1126 1007; x_wconf 90' lang='lat' dir='ltr'><strong>honores</strong></span> <span class='ocrx_word' id='word_1_108' title='bbox 1163 976 1203 1008; x_wconf 88' lang='lat' dir='ltr'><strong>et</strong></span> <span class='ocrx_word' id='word_1_109' title='bbox 1239 970 1396 1021; x_wconf 86' lang='lat' dir='ltr'><strong>ingenia</strong></span> <span class='ocrx_word' id='word_1_110' title='bbox 1431 983 1504 1023; x_wconf 87' lang='lat' dir='ltr'><strong>per</strong></span> 
     </span>
     <span class='ocr_line' id='line_1_15' title="bbox 144 1024 1503 1077; baseline 0.002 -14"><span class='ocrx_word' id='word_1_111' title='bbox 144 1027 148 1031; x_wconf 87' lang='grc'><strong>’</strong></span> <span class='ocrx_word' id='word_1_112' title='bbox 169 1026 356 1077; x_wconf 90' lang='lat' dir='ltr'><strong>quietem,</strong></span> <span class='ocrx_word' id='word_1_113' title='bbox 389 1029 635 1076; x_wconf 79' lang='lat' dir='ltr'><strong>praestantur</strong></span> <span class='ocrx_word' id='word_1_114' title='bbox 659 1031 699 1062; x_wconf 91' lang='lat' dir='ltr'><strong>et</strong></span> <span class='ocrx_word' id='word_1_115' title='bbox 724 1024 917 1072; x_wconf 89' lang='lat' dir='ltr'><strong>medelae,</strong></span> <span class='ocrx_word' id='word_1_116' title='bbox 950 1024 1165 1076; x_wconf 88' lang='lat' dir='ltr'><strong>produntur</strong></span> <span class='ocrx_word' id='word_1_117' title='bbox 1190 1033 1229 1064; x_wconf 90' lang='lat' dir='ltr'><strong>et</strong></span> <span class='ocrx_word' id='word_1_118' title='bbox 1253 1027 1374 1075; x_wconf 85' lang='lat' dir='ltr'><strong>furta,</strong></span> <span class='ocrx_word' id='word_1_119' title='bbox 1408 1040 1503 1066; x_wconf 93' lang='lat' dir='ltr'><strong>con-</strong></span> 
     </span>
     <span class='ocr_line' id='line_1_16' title="bbox 166 1080 1561 1137; baseline 0.002 -16"><span class='ocrx_word' id='word_1_120' title='bbox 166 1083 343 1121; x_wconf 84' lang='lat' dir='ltr'><strong>feruntur</strong></span> <span class='ocrx_word' id='word_1_121' title='bbox 373 1088 412 1120; x_wconf 89' lang='lat' dir='ltr'><strong>et</strong></span> <span class='ocrx_word' id='word_1_122' title='bbox 443 1080 629 1119; x_wconf 86' lang='lat' dir='ltr'><strong>thesauri.</strong></span> <span class='ocrx_word' id='word_1_123' title='bbox 701 1080 902 1120; x_wconf 87' lang='lat' dir='ltr'><strong>Ciceronis</strong></span> <span class='ocrx_word' id='word_1_124' title='bbox 934 1081 1106 1134; x_wconf 78' lang='lat' dir='ltr'><strong>denique.</strong></span> <span class='ocrx_word' id='word_1_125' title='bbox 1125 1081 1376 1134; x_wconf 85' lang='lat' dir='ltr'><strong>dignitatem,</strong></span> <span class='ocrx_word' id='word_1_126' title='bbox 1413 1097 1504 1137; x_wconf 48' lang='lat' dir='ltr'><strong>par,-</strong></span> <span class='ocrx_word' id='word_1_127' title='bbox 1554 1082 1561 1093; x_wconf 73' lang='grc'><strong>“</strong></span> 
     </span>
     <span class='ocr_line' id='line_1_17' title="bbox 166 1138 1504 1194; baseline 0.002 -16"><span class='ocrx_word' id='word_1_128' title='bbox 166 1139 245 1178; x_wconf 87' lang='lat' dir='ltr'><strong>vuli</strong></span> <span class='ocrx_word' id='word_1_129' title='bbox 278 1139 515 1185; x_wconf 86' lang='lat' dir='ltr'><strong>etiamnunc,</strong></span> <span class='ocrx_word' id='word_1_130' title='bbox 548 1138 683 1189; x_wconf 80' lang='lat' dir='ltr'><strong>gerula</strong></span> <span class='ocrx_word' id='word_1_131' title='bbox 714 1139 789 1177; x_wconf 79' lang='lat' dir='ltr'><strong>iani</strong></span> <span class='ocrx_word' id='word_1_132' title='bbox 821 1152 889 1177; x_wconf 86' lang='lat' dir='ltr'><strong>sua</strong></span> <span class='ocrx_word' id='word_1_133' title='bbox 921 1140 1210 1192; x_wconf 74' lang='lat' dir='ltr'><strong>inspexerat.⁴)</strong></span> <span class='ocrx_word' id='word_1_134' title='bbox 1274 1140 1428 1194; x_wconf 81' lang='lat' dir='ltr'><strong>Cycnus</strong></span> <span class='ocrx_word' id='word_1_135' title='bbox 1454 1140 1504 1182; x_wconf 83' lang='lat' dir='ltr'><strong>de</strong></span> 
     </span>
     <span class='ocr_line' id='line_1_18' title="bbox 168 1194 1506 1251; baseline 0.003 -17"><span class='ocrx_word' id='word_1_136' title='bbox 168 1197 252 1235; x_wconf 91' lang='lat' dir='ltr'><strong>sinu</strong></span> <span class='ocrx_word' id='word_1_137' title='bbox 291 1195 466 1234; x_wconf 82' lang='lat' dir='ltr'><strong>Socratis</strong></span> <span class='ocrx_word' id='word_1_138' title='bbox 504 1194 725 1234; x_wconf 88' lang='lat' dir='ltr'><strong>demulcens</strong></span> <span class='ocrx_word' id='word_1_139' title='bbox 768 1197 942 1236; x_wconf 91' lang='lat' dir='ltr'><strong>homines</strong></span> <span class='ocrx_word' id='word_1_140' title='bbox 979 1196 1187 1250; x_wconf 89' lang='lat' dir='ltr'><strong>discipulus</strong></span> <span class='ocrx_word' id='word_1_141' title='bbox 1223 1196 1333 1238; x_wconf 90' lang='lat' dir='ltr'><strong>Plato</strong></span> <span class='ocrx_word' id='word_1_142' title='bbox 1372 1206 1443 1238; x_wconf 90' lang='lat' dir='ltr'><strong>est.</strong></span> <span class='ocrx_word' id='word_1_143' title='bbox 1464 1198 1506 1251; x_wconf 90' lang='lat'><strong>⁵)</strong></span> 
     </span>
     <span class='ocr_line' id='line_1_19' title="bbox 170 1251 1504 1306; baseline 0.002 -14"><span class='ocrx_word' id='word_1_144' title='bbox 170 1253 402 1306; x_wconf 84' lang='lat' dir='ltr'><strong>Cleonymus</strong></span> <span class='ocrx_word' id='word_1_145' title='bbox 427 1260 564 1305; x_wconf 83' lang='lat' dir='ltr'><strong>pyctes</strong></span> <span class='ocrx_word' id='word_1_146' title='bbox 589 1253 636 1291; x_wconf 90' lang='lat' dir='ltr'><strong>ab</strong></span> <span class='ocrx_word' id='word_1_147' title='bbox 662 1251 817 1293; x_wconf 90' lang='lat' dir='ltr'><strong>Achille</strong></span> <span class='ocrx_word' id='word_1_148' title='bbox 844 1262 1002 1294; x_wconf 87' lang='lat' dir='ltr'><strong>curatur</strong></span> <span class='ocrx_word' id='word_1_149' title='bbox 1026 1255 1064 1292; x_wconf 91' lang='lat' dir='ltr'><strong>in</strong></span> <span class='ocrx_word' id='word_1_150' title='bbox 1090 1256 1258 1294; x_wconf 87' lang='lat' dir='ltr'><strong>somniis.</strong></span> <span class='ocrx_word' id='word_1_151' title='bbox 1310 1255 1504 1296; x_wconf 81' lang='lat' dir='ltr'><strong>Coronam</strong></span> 
     </span>
     <span class='ocr_line' id='line_1_20' title="bbox 170 1310 1507 1365; baseline 0.002 -16"><span class='ocrx_word' id='word_1_152' title='bbox 170 1324 323 1349; x_wconf 83' lang='lat' dir='ltr'><strong>auream</strong></span> <span class='ocrx_word' id='word_1_153' title='bbox 352 1324 462 1362; x_wconf 91' lang='lat' dir='ltr'><strong>quum</strong></span> <span class='ocrx_word' id='word_1_154' title='bbox 488 1323 537 1349; x_wconf 83' lang='lat' dir='ltr'><strong>ex</strong></span> <span class='ocrx_word' id='word_1_155' title='bbox 562 1323 654 1349; x_wconf 88' lang='lat' dir='ltr'><strong>arce</strong></span> <span class='ocrx_word' id='word_1_156' title='bbox 679 1310 858 1351; x_wconf 85' lang='lat' dir='ltr'><strong>Athenae</strong></span> <span class='ocrx_word' id='word_1_157' title='bbox 884 1311 1155 1364; x_wconf 86' lang='lat' dir='ltr'><strong>perdidissent,</strong></span> <span class='ocrx_word' id='word_1_158' title='bbox 1184 1310 1507 1365; x_wconf 73' lang='lat' dir='ltr'><strong>Sop&#39;hoeles·tra-</strong></span> 
     </span>
     <span class='ocr_line' id='line_1_21' title="bbox 171 1366 1506 1425; baseline 0.003 -19"><span class='ocrx_word' id='word_1_159' title='bbox 171 1369 279 1419; x_wconf 86' lang='lat' dir='ltr'><strong>gicus</strong></span> <span class='ocrx_word' id='word_1_160' title='bbox 305 1366 527 1406; x_wconf 89' lang='lat' dir='ltr'><strong>somniando</strong></span> <span class='ocrx_word' id='word_1_161' title='bbox 555 1367 784 1406; x_wconf 89' lang='lat' dir='ltr'><strong>redinvenit.</strong></span> <span class='ocrx_word' id='word_1_162' title='bbox 851 1368 1131 1421; x_wconf 90' lang='lat' dir='ltr'><strong>Neoptolemus</strong></span> <span class='ocrx_word' id='word_1_163' title='bbox 1162 1369 1373 1422; x_wconf 84' lang='lat' dir='ltr'><strong>tragoedus</strong></span> <span class='ocrx_word' id='word_1_164' title='bbox 1403 1368 1506 1425; x_wconf 81' lang='lat' dir='ltr'><strong>apud</strong></span> 
     </span>
     <span class='ocr_line' id='line_1_22' title="bbox 169 1423 1504 1477; baseline 0.004 -15"><span class='ocrx_word' id='word_1_165' title='bbox 169 1423 359 1463; x_wconf 87' lang='lat' dir='ltr'><strong>Rheteum</strong></span> <span class='ocrx_word' id='word_1_166' title='bbox 372 1424 409 1472; x_wconf 82' lang='lat'><strong>⁶)</strong></span> <span class='ocrx_word' id='word_1_167' title='bbox 447 1424 588 1462; x_wconf 83' lang='lat' dir='ltr'><strong>Troiae</strong></span> <span class='ocrx_word' id='word_1_168' title='bbox 627 1426 844 1475; x_wconf 87' lang='lat' dir='ltr'><strong>sepulcrum</strong></span> <span class='ocrx_word' id='word_1_169' title='bbox 879 1426 1032 1475; x_wconf 84' lang='lat' dir='ltr'><strong>Aiacis,</strong></span> <span class='ocrx_word' id='word_1_170' title='bbox 1070 1429 1236 1467; x_wconf 92' lang='lat' dir='ltr'><strong>monitus</strong></span> <span class='ocrx_word' id='word_1_171' title='bbox 1272 1428 1312 1466; x_wconf 89' lang='lat' dir='ltr'><strong>in</strong></span> <span class='ocrx_word' id='word_1_172' title='bbox 1348 1429 1504 1477; x_wconf 86' lang='lat' dir='ltr'><strong>somnis,</strong></span> 
     </span>
     <span class='ocr_line' id='line_1_23' title="bbox 171 1479 1504 1538; baseline 0.005 -20"><span class='ocrx_word' id='word_1_173' title='bbox 171 1480 219 1518; x_wconf 92' lang='lat' dir='ltr'><strong>ab</strong></span> <span class='ocrx_word' id='word_1_174' title='bbox 252 1481 336 1531; x_wconf 87' lang='lat' dir='ltr'><strong>ipsa</strong></span> <span class='ocrx_word' id='word_1_175' title='bbox 366 1480 477 1518; x_wconf 89' lang='lat' dir='ltr'><strong>ruina</strong></span> <span class='ocrx_word' id='word_1_176' title='bbox 506 1479 765 1532; x_wconf 76' lang='lat' dir='ltr'><strong>liberatur,⁷)</strong></span> <span class='ocrx_word' id='word_1_177' title='bbox 798 1489 838 1520; x_wconf 91' lang='lat' dir='ltr'><strong>et</strong></span> <span class='ocrx_word' id='word_1_178' title='bbox 869 1496 979 1533; x_wconf 93' lang='lat' dir='ltr'><strong>quum</strong></span> <span class='ocrx_word' id='word_1_179' title='bbox 1006 1484 1172 1536; x_wconf 89' lang='lat' dir='ltr'><strong>lapidum</strong></span> <span class='ocrx_word' id='word_1_180' title='bbox 1198 1486 1307 1524; x_wconf 89' lang='lat' dir='ltr'><strong>senia</strong></span> <span class='ocrx_word' id='word_1_181' title='bbox 1332 1484 1504 1538; x_wconf 87' lang='lat' dir='ltr'><strong>deponit,</strong></span> 
     </span>
     <span class='ocr_line' id='line_1_24' title="bbox 173 1535 1507 1585; baseline 0.004 -10"><span class='ocrx_word' id='word_1_182' title='bbox 173 1535 281 1575; x_wconf 84' lang='lat' dir='ltr'><strong>dives</strong></span> <span class='ocrx_word' id='word_1_183' title='bbox 318 1535 406 1574; x_wconf 91' lang='lat' dir='ltr'><strong>inde</strong></span> <span class='ocrx_word' id='word_1_184' title='bbox 444 1549 537 1574; x_wconf 91' lang='lat' dir='ltr'><strong>auro</strong></span> <span class='ocrx_word' id='word_1_185' title='bbox 577 1535 690 1575; x_wconf 84' lang='lat' dir='ltr'><strong>redit.</strong></span> <span class='ocrx_word' id='word_1_186' title='bbox 766 1538 905 1585; x_wconf 83' lang='lat' dir='ltr'><strong>Quanti</strong></span> <span class='ocrx_word' id='word_1_187' title='bbox 940 1547 1068 1578; x_wconf 89' lang='lat' dir='ltr'><strong>autem</strong></span> <span class='ocrx_word' id='word_1_188' title='bbox 1107 1550 1434 1583; x_wconf 84' lang='lat' dir='ltr'><strong>commentatores</strong></span> <span class='ocrx_word' id='word_1_189' title='bbox 1466 1549 1507 1582; x_wconf 90' lang='lat' dir='ltr'><strong>et</strong></span> 
     </span>
     <span class='ocr_line' id='line_1_25' title="bbox 172 1592 1507 1648; baseline 0.004 -16"><span class='ocrx_word' id='word_1_190' title='bbox 172 1593 423 1632; x_wconf 89' lang='lat' dir='ltr'><strong>affirmatores</strong></span> <span class='ocrx_word' id='word_1_191' title='bbox 448 1594 486 1630; x_wconf 95' lang='lat' dir='ltr'><strong>in</strong></span> <span class='ocrx_word' id='word_1_192' title='bbox 512 1592 610 1631; x_wconf 90' lang='lat' dir='ltr'><strong>hanc</strong></span> <span class='ocrx_word' id='word_1_193' title='bbox 635 1596 743 1632; x_wconf 86' lang='lat' dir='ltr'><strong>rem?</strong></span> <span class='ocrx_word' id='word_1_194' title='bbox 772 1593 973 1643; x_wconf 89' lang='lat' dir='ltr'><strong>Artemon,</strong></span> <span class='ocrx_word' id='word_1_195' title='bbox 1000 1594 1211 1648; x_wconf 87' lang='lat' dir='ltr'><strong>Antiphon,</strong></span> <span class='ocrx_word' id='word_1_196' title='bbox 1240 1597 1386 1646; x_wconf 89' lang='lat' dir='ltr'><strong>Strato,</strong></span> <span class='ocrx_word' id='word_1_197' title='bbox 1414 1599 1507 1638; x_wconf 89' lang='lat' dir='ltr'><strong>Phi-</strong></span> 
     </span>
     <span class='ocr_line' id='line_1_26' title="bbox 171 1649 1506 1708; baseline 0.004 -19"><span class='ocrx_word' id='word_1_198' title='bbox 171 1650 373 1697; x_wconf 90' lang='lat' dir='ltr'><strong>lochorus,</strong></span> <span class='ocrx_word' id='word_1_199' title='bbox 412 1649 689 1701; x_wconf 87' lang='lat' dir='ltr'><strong>Epicharmus,</strong></span> <span class='ocrx_word' id='word_1_200' title='bbox 731 1650 940 1703; x_wconf 86' lang='lat' dir='ltr'><strong>Serapion,</strong></span> <span class='ocrx_word' id='word_1_201' title='bbox 980 1652 1184 1706; x_wconf 87' lang='lat' dir='ltr'><strong>Cratippus</strong></span> <span class='ocrx_word' id='word_1_202' title='bbox 1223 1662 1263 1694; x_wconf 88' lang='lat' dir='ltr'><strong>et</strong></span> <span class='ocrx_word' id='word_1_203' title='bbox 1298 1655 1506 1708; x_wconf 90' lang='lat' dir='ltr'><strong>Dionysius</strong></span> 
     </span>
     <span class='ocr_line' id='line_1_27' title="bbox 170 1706 1505 1765; baseline 0.005 -20"><span class='ocrx_word' id='word_1_204' title='bbox 170 1706 357 1755; x_wconf 91' lang='lat' dir='ltr'><strong>Rhodius,</strong></span> <span class='ocrx_word' id='word_1_205' title='bbox 385 1706 624 1758; x_wconf 84' lang='lat' dir='ltr'><strong>Hermippus,</strong></span> <span class='ocrx_word' id='word_1_206' title='bbox 652 1714 734 1745; x_wconf 87' lang='lat' dir='ltr'><strong>tota</strong></span> <span class='ocrx_word' id='word_1_207' title='bbox 759 1709 880 1747; x_wconf 90' lang='lat' dir='ltr'><strong>seculi</strong></span> <span class='ocrx_word' id='word_1_208' title='bbox 906 1709 1120 1748; x_wconf 88' lang='lat' dir='ltr'><strong>literatura.</strong></span> <span class='ocrx_word' id='word_1_209' title='bbox 1160 1709 1306 1759; x_wconf 91' lang='lat' dir='ltr'><strong>Solum,</strong></span> <span class='ocrx_word' id='word_1_210' title='bbox 1332 1713 1364 1751; x_wconf 92' lang='lat' dir='ltr'><strong>si</strong></span> <span class='ocrx_word' id='word_1_211' title='bbox 1388 1713 1505 1765; x_wconf 80' lang='lat' dir='ltr'><strong>forte,</strong></span> 
     </span>
     <span class='ocr_line' id='line_1_28' title="bbox 170 1763 1510 1820; baseline 0.005 -18"><span class='ocrx_word' id='word_1_212' title='bbox 170 1763 322 1812; x_wconf 85' lang='lat' dir='ltr'><strong>ridebo,</strong></span> <span class='ocrx_word' id='word_1_213' title='bbox 350 1765 412 1816; x_wconf 88' lang='lat' dir='ltr'><strong>qui</strong></span> <span class='ocrx_word' id='word_1_214' title='bbox 437 1777 479 1803; x_wconf 88' lang='lat' dir='ltr'><strong>se</strong></span> <span class='ocrx_word' id='word_1_215' title='bbox 506 1765 739 1803; x_wconf 86' lang='lat' dir='ltr'><strong>existimavit</strong></span> <span class='ocrx_word' id='word_1_216' title='bbox 763 1779 1045 1817; x_wconf 88' lang='lat' dir='ltr'><strong>persuasurum,</strong></span> <span class='ocrx_word' id='word_1_217' title='bbox 1074 1767 1173 1819; x_wconf 89' lang='lat' dir='ltr'><strong>quod</strong></span> <span class='ocrx_word' id='word_1_218' title='bbox 1199 1770 1309 1820; x_wconf 89' lang='lat' dir='ltr'><strong>prior</strong></span> <span class='ocrx_word' id='word_1_219' title='bbox 1333 1769 1510 1809; x_wconf 88' lang='lat' dir='ltr'><strong>omnibus</strong></span> 
     </span>
     <span class='ocr_line' id='line_1_29' title="bbox 172 1820 1504 1878; baseline 0.005 -19"><span class='ocrx_word' id='word_1_220' title='bbox 172 1820 360 1860; x_wconf 88' lang='lat' dir='ltr'><strong>Saturnus</strong></span> <span class='ocrx_word' id='word_1_221' title='bbox 379 1821 597 1869; x_wconf 78' lang='lat' dir='ltr'><strong>somniarit3</strong></span> <span class='ocrx_word' id='word_1_222' title='bbox 624 1823 696 1860; x_wconf 89' lang='lat' dir='ltr'><strong>nisi</strong></span> <span class='ocrx_word' id='word_1_223' title='bbox 717 1823 749 1860; x_wconf 90' lang='lat' dir='ltr'><strong>si</strong></span> <span class='ocrx_word' id='word_1_224' title='bbox 770 1830 809 1861; x_wconf 91' lang='lat' dir='ltr'><strong>et</strong></span> <span class='ocrx_word' id='word_1_225' title='bbox 827 1824 936 1875; x_wconf 90' lang='lat' dir='ltr'><strong>prior</strong></span> <span class='ocrx_word' id='word_1_226' title='bbox 956 1824 1130 1863; x_wconf 89' lang='lat' dir='ltr'><strong>omnibus</strong></span> <span class='ocrx_word' id='word_1_227' title='bbox 1148 1826 1245 1864; x_wconf 87' lang='lat' dir='ltr'><strong>vixit</strong></span> <span class='ocrx_word' id='word_1_228' title='bbox 1256 1824 1504 1878; x_wconf 79' lang='lat' dir='ltr'><strong>Aristoteles,</strong></span> 
     </span>
     <span class='ocr_line' id='line_1_30' title="bbox 171 1877 1506 1936; baseline 0.005 -19"><span class='ocrx_word' id='word_1_229' title='bbox 171 1880 331 1930; x_wconf 85' lang='lat' dir='ltr'><strong>ignosce</strong></span> <span class='ocrx_word' id='word_1_230' title='bbox 351 1877 504 1918; x_wconf 87' lang='lat' dir='ltr'><strong>ridenti.</strong></span> <span class='ocrx_word' id='word_1_231' title='bbox 545 1879 726 1918; x_wconf 88' lang='lat' dir='ltr'><strong>Ceterum</strong></span> <span class='ocrx_word' id='word_1_232' title='bbox 745 1880 998 1932; x_wconf 86' lang='lat' dir='ltr'><strong>Epicharmus</strong></span> <span class='ocrx_word' id='word_1_233' title='bbox 1019 1883 1134 1921; x_wconf 91' lang='lat' dir='ltr'><strong>etiam</strong></span> <span class='ocrx_word' id='word_1_234' title='bbox 1154 1889 1335 1923; x_wconf 77' lang='lat' dir='ltr'><strong>summum</strong></span> <span class='ocrx_word' id='word_1_235' title='bbox 1355 1882 1506 1936; x_wconf 77' lang='lat' dir='ltr'><strong>apicem</strong></span> 
     </span>
     <span class='ocr_line' id='line_1_31' title="bbox 170 1935 1504 1980; baseline 0.004 -6"><span class='ocrx_word' id='word_1_236' title='bbox 170 1937 273 1975; x_wconf 91' lang='lat' dir='ltr'><strong>inter</strong></span> <span class='ocrx_word' id='word_1_237' title='bbox 297 1935 553 1976; x_wconf 81' lang='lat' dir='ltr'><strong>divinat-iones</strong></span> <span class='ocrx_word' id='word_1_238' title='bbox 578 1938 735 1976; x_wconf 90' lang='lat' dir='ltr'><strong>somniis</strong></span> <span class='ocrx_word' id='word_1_239' title='bbox 756 1938 894 1977; x_wconf 85' lang='lat' dir='ltr'><strong>extulit</strong></span> <span class='ocrx_word' id='word_1_240' title='bbox 914 1952 997 1978; x_wconf 91' lang='lat' dir='ltr'><strong>cum</strong></span> <span class='ocrx_word' id='word_1_241' title='bbox 1012 1938 1247 1980; x_wconf 83' lang='lat' dir='ltr'><strong>Philochoro</strong></span> <span class='ocrx_word' id='word_1_242' title='bbox 1260 1940 1504 1980; x_wconf 88' lang='lat' dir='ltr'><strong>Atheniensi.</strong></span> 
     </span>
     <span class='ocr_line' id='line_1_32' title="bbox 171 1992 1508 2050; baseline 0.004 -19"><span class='ocrx_word' id='word_1_243' title='bbox 171 1992 269 2032; x_wconf 88' lang='lat' dir='ltr'><strong>Nam</strong></span> <span class='ocrx_word' id='word_1_244' title='bbox 296 2001 336 2032; x_wconf 89' lang='lat' dir='ltr'><strong>et</strong></span> <span class='ocrx_word' id='word_1_245' title='bbox 362 1994 530 2033; x_wconf 89' lang='lat' dir='ltr'><strong>oraculis</strong></span> <span class='ocrx_word' id='word_1_246' title='bbox 554 1994 629 2033; x_wconf 90' lang='lat' dir='ltr'><strong>hoc</strong></span> <span class='ocrx_word' id='word_1_247' title='bbox 656 2008 778 2046; x_wconf 86' lang='lat' dir='ltr'><strong>genus</strong></span> <span class='ocrx_word' id='word_1_248' title='bbox 803 1997 966 2048; x_wconf 85' lang='lat' dir='ltr'><strong>stipatus</strong></span> <span class='ocrx_word' id='word_1_249' title='bbox 991 2003 1051 2035; x_wconf 90' lang='lat' dir='ltr'><strong>est</strong></span> <span class='ocrx_word' id='word_1_250' title='bbox 1076 1997 1194 2045; x_wconf 88' lang='lat' dir='ltr'><strong>orbis,</strong></span> <span class='ocrx_word' id='word_1_251' title='bbox 1221 2005 1262 2036; x_wconf 93' lang='lat' dir='ltr'><strong>ut</strong></span> <span class='ocrx_word' id='word_1_252' title='bbox 1279 1997 1508 2050; x_wconf 79' lang='lat' dir='ltr'><strong>Amphiarai</strong></span> 
     </span>
     <span class='ocr_line' id='line_1_33' title="bbox 172 2050 1538 2107; baseline 0.003 -19"><span class='ocrx_word' id='word_1_253' title='bbox 172 2050 271 2102; x_wconf 87' lang='lat' dir='ltr'><strong>apud</strong></span> <span class='ocrx_word' id='word_1_254' title='bbox 310 2050 502 2103; x_wconf 90' lang='lat' dir='ltr'><strong>Oropum,</strong></span> <span class='ocrx_word' id='word_1_255' title='bbox 540 2050 789 2104; x_wconf 90' lang='lat' dir='ltr'><strong>Amphilochi</strong></span> <span class='ocrx_word' id='word_1_256' title='bbox 832 2053 931 2105; x_wconf 89' lang='lat' dir='ltr'><strong>apud</strong></span> <span class='ocrx_word' id='word_1_257' title='bbox 969 2054 1151 2102; x_wconf 89' lang='lat' dir='ltr'><strong>Mallum,</strong></span> <span class='ocrx_word' id='word_1_258' title='bbox 1190 2053 1428 2107; x_wconf 89' lang='lat' dir='ltr'><strong>Sarpedonis</strong></span> <span class='ocrx_word' id='word_1_259' title='bbox 1465 2056 1538 2093; x_wconf 68' lang='lat' dir='ltr'><strong>in,</strong></span> 
     </span>
     <span class='ocr_line' id='line_1_34' title="bbox 170 2106 1516 2162; baseline 0.004 -17"><span class='ocrx_word' id='word_1_260' title='bbox 170 2106 336 2155; x_wconf 87' lang='lat' dir='ltr'><strong>Troade,</strong></span> <span class='ocrx_word' id='word_1_261' title='bbox 362 2108 574 2160; x_wconf 90' lang='lat' dir='ltr'><strong>Trophonii</strong></span> <span class='ocrx_word' id='word_1_262' title='bbox 599 2110 637 2147; x_wconf 94' lang='lat' dir='ltr'><strong>in</strong></span> <span class='ocrx_word' id='word_1_263' title='bbox 663 2110 840 2159; x_wconf 89' lang='lat' dir='ltr'><strong>Boeotia,</strong></span> <span class='ocrx_word' id='word_1_264' title='bbox 870 2110 998 2162; x_wconf 90' lang='lat' dir='ltr'><strong>Mopsi</strong></span> <span class='ocrx_word' id='word_1_265' title='bbox 1023 2112 1061 2150; x_wconf 87' lang='lat' dir='ltr'><strong>in</strong></span> <span class='ocrx_word' id='word_1_266' title='bbox 1088 2111 1237 2158; x_wconf 83' lang='lat' dir='ltr'><strong>Cilicia,</strong></span> <span class='ocrx_word' id='word_1_267' title='bbox 1269 2111 1516 2152; x_wconf 81' lang='lat' dir='ltr'><strong>Hermoniac¹</strong></span> 
     </span>
     <span class='ocr_line' id='line_1_35' title="bbox 171 2159 1506 2224; baseline 0.004 -21"><span class='ocrx_word' id='word_1_268' title='bbox 171 2165 210 2202; x_wconf 93' lang='lat' dir='ltr'><strong>in</strong></span> <span class='ocrx_word' id='word_1_269' title='bbox 235 2159 478 2212; x_wconf 71' lang='lat' dir='ltr'><strong>Mace&#39;donia,</strong></span> <span class='ocrx_word' id='word_1_270' title='bbox 496 2166 719 2218; x_wconf 76' lang='lat' dir='ltr'><strong>‚Pasiphaae</strong></span> <span class='ocrx_word' id='word_1_271' title='bbox 744 2169 783 2206; x_wconf 90' lang='lat' dir='ltr'><strong>in</strong></span> <span class='ocrx_word' id='word_1_272' title='bbox 808 2168 1021 2208; x_wconf 87' lang='lat' dir='ltr'><strong>Laconica.</strong></span> <span class='ocrx_word' id='word_1_273' title='bbox 1083 2168 1226 2224; x_wconf 85' lang='lat' dir='ltr'><strong>Cetera</strong></span> <span class='ocrx_word' id='word_1_274' title='bbox 1251 2182 1336 2208; x_wconf 91' lang='lat' dir='ltr'><strong>cum</strong></span> <span class='ocrx_word' id='word_1_275' title='bbox 1361 2170 1506 2209; x_wconf 80' lang='lat' dir='ltr'><strong>suiset</strong></span> 
     </span>
     <span class='ocr_line' id='line_1_36' title="bbox 173 2223 1506 2279; baseline 0.004 -19"><span class='ocrx_word' id='word_1_276' title='bbox 173 2223 385 2272; x_wconf 84' lang='lat' dir='ltr'><strong>originibus</strong></span> <span class='ocrx_word' id='word_1_277' title='bbox 410 2230 451 2262; x_wconf 91' lang='lat' dir='ltr'><strong>et</strong></span> <span class='ocrx_word' id='word_1_278' title='bbox 474 2224 610 2262; x_wconf 88' lang='lat' dir='ltr'><strong>ritibus</strong></span> <span class='ocrx_word' id='word_1_279' title='bbox 636 2232 676 2263; x_wconf 89' lang='lat' dir='ltr'><strong>et</strong></span> <span class='ocrx_word' id='word_1_280' title='bbox 699 2226 964 2272; x_wconf 88' lang='lat' dir='ltr'><strong>relationibus,</strong></span> <span class='ocrx_word' id='word_1_281' title='bbox 998 2239 1082 2264; x_wconf 90' lang='lat' dir='ltr'><strong>cum</strong></span> <span class='ocrx_word' id='word_1_282' title='bbox 1109 2227 1211 2264; x_wconf 90' lang='lat' dir='ltr'><strong>omni</strong></span> <span class='ocrx_word' id='word_1_283' title='bbox 1236 2225 1420 2279; x_wconf 80' lang='lat' dir='ltr'><strong>deinceps</strong></span> <span class='ocrx_word' id='word_1_284' title='bbox 1444 2226 1506 2274; x_wconf 74' lang='lat' dir='ltr'><strong>hi÷</strong></span> 
     </span>
     <span class='ocr_line' id='line_1_37' title="bbox 173 2280 1518 2336; baseline 0.004 -19"><span class='ocrx_word' id='word_1_285' title='bbox 173 2280 293 2318; x_wconf 86' lang='lat' dir='ltr'><strong>storia</strong></span> <span class='ocrx_word' id='word_1_286' title='bbox 317 2281 550 2320; x_wconf 91' lang='lat' dir='ltr'><strong>somniorum</strong></span> <span class='ocrx_word' id='word_1_287' title='bbox 576 2280 803 2334; x_wconf 86' lang='lat' dir='ltr'><strong>Hermippus</strong></span> <span class='ocrx_word' id='word_1_288' title='bbox 827 2282 1052 2336; x_wconf 86' lang='lat' dir='ltr'><strong>Berytensis</strong></span> <span class='ocrx_word' id='word_1_289' title='bbox 1067 2284 1103 2332; x_wconf 82' lang='grc'><strong>8)</strong></span> <span class='ocrx_word' id='word_1_290' title='bbox 1138 2284 1322 2336; x_wconf 88' lang='lat' dir='ltr'><strong>quinione-</strong></span> <span class='ocrx_word' id='word_1_291' title='bbox 1342 2283 1518 2325; x_wconf 78' lang='lat' dir='ltr'><strong>volumi-·</strong></span> 
     </span>
    </p>
   </div>
   <div class='ocr_carea' id='block_1_3' title="bbox 174 2392 1506 2534">
    <p class='ocr_par' dir='ltr' id='par_1_3' title="bbox 174 2392 1506 2534">
     <span class='ocr_line' id='line_1_38' title="bbox 267 2392 1506 2439; baseline 0.006 -15"><span class='ocrx_word' id='word_1_292' title='bbox 267 2392 304 2435; x_wconf 87' lang='lat'><strong>1)</strong></span> <span class='ocrx_word' id='word_1_293' title='bbox 319 2395 391 2435; x_wconf 89' lang='lat' dir='ltr'><strong>Rig.</strong></span> <span class='ocrx_word' id='word_1_294' title='bbox 420 2405 565 2436; x_wconf 79' lang='lat' dir='ltr'><strong>aeger,</strong></span> <span class='ocrx_word' id='word_1_295' title='bbox 591 2397 725 2428; x_wconf 80' lang='lat' dir='ltr'><strong>maius</strong></span> <span class='ocrx_word' id='word_1_296' title='bbox 752 2398 892 2430; x_wconf 84' lang='lat' dir='ltr'><strong>tamen</strong></span> <span class='ocrx_word' id='word_1_297' title='bbox 916 2399 1027 2430; x_wconf 74' lang='lat' dir='ltr'><strong>alian</strong></span> <span class='ocrx_word' id='word_1_298' title='bbox 1054 2399 1305 2439; x_wconf 77' lang='lat' dir='ltr'><strong>discrimen,</strong></span> <span class='ocrx_word' id='word_1_299' title='bbox 1332 2399 1414 2431; x_wconf 80' lang='lat' dir='ltr'><strong>Art.</strong></span> <span class='ocrx_word' id='word_1_300' title='bbox 1435 2399 1506 2432; x_wconf 77' lang='lat' dir='ltr'><strong>etc.</strong></span> 
     </span>
     <span class='ocr_line' id='line_1_39' title="bbox 175 2437 1503 2486; baseline 0.008 -18"><span class='ocrx_word' id='word_1_301' title='bbox 175 2437 210 2475; x_wconf 86' lang='lat'><strong>2)</strong></span> <span class='ocrx_word' id='word_1_302' title='bbox 226 2439 320 2469; x_wconf 82' lang='lat' dir='ltr'><strong>Suet.</strong></span> <span class='ocrx_word' id='word_1_303' title='bbox 335 2442 454 2472; x_wconf 79' lang='lat' dir='ltr'><strong>Octav.</strong></span> <span class='ocrx_word' id='word_1_304' title='bbox 475 2444 530 2473; x_wconf 82' lang='lat'><strong>91.</strong></span> <span class='ocrx_word' id='word_1_305' title='bbox 550 2442 640 2474; x_wconf 80' lang='lat' dir='ltr'><strong>Plut.</strong></span> <span class='ocrx_word' id='word_1_306' title='bbox 661 2442 786 2475; x_wconf 84' lang='lat' dir='ltr'><strong>Anton.</strong></span> <span class='ocrx_word' id='word_1_307' title='bbox 802 2446 855 2474; x_wconf 87' lang='lat'><strong>22.</strong></span> <span class='ocrx_word' id='word_1_308' title='bbox 870 2446 965 2476; x_wconf 77' lang='lat' dir='ltr'><strong>Brut.</strong></span> <span class='ocrx_word' id='word_1_309' title='bbox 979 2446 1034 2475; x_wconf 79' lang='lat'><strong>41.</strong></span> <span class='ocrx_word' id='word_1_310' title='bbox 1048 2445 1114 2476; x_wconf 80' lang='lat' dir='ltr'><strong>Dio</strong></span> <span class='ocrx_word' id='word_1_311' title='bbox 1133 2446 1227 2477; x_wconf 70' lang='lat' dir='ltr'><strong>Cass.</strong></span> <span class='ocrx_word' id='word_1_312' title='bbox 1243 2446 1298 2486; x_wconf 72' lang='lat'><strong>47,</strong></span> <span class='ocrx_word' id='word_1_313' title='bbox 1313 2446 1368 2477; x_wconf 77' lang='lat'><strong>41.</strong></span> <span class='ocrx_word' id='word_1_314' title='bbox 1463 2441 1503 2486; x_wconf 79' lang='grc'><strong>3)</strong></span> 
     </span>
     <span class='ocr_line' id='line_1_40' title="bbox 174 2483 1503 2534; baseline 0.01 -22"><span class='ocrx_word' id='word_1_315' title='bbox 174 2483 298 2514; x_wconf 77' lang='lat' dir='ltr'><strong>Herod.</strong></span> <span class='ocrx_word' id='word_1_316' title='bbox 313 2487 344 2525; x_wconf 87' lang='lat'><strong>3,</strong></span> <span class='ocrx_word' id='word_1_317' title='bbox 359 2488 437 2518; x_wconf 80' lang='lat'><strong>124.</strong></span> <span class='ocrx_word' id='word_1_318' title='bbox 530 2489 566 2527; x_wconf 84' lang='lat'><strong>4)</strong></span> <span class='ocrx_word' id='word_1_319' title='bbox 586 2489 676 2521; x_wconf 78' lang='lat' dir='ltr'><strong>Plut.</strong></span> <span class='ocrx_word' id='word_1_320' title='bbox 692 2490 762 2521; x_wconf 65' lang='lat' dir='ltr'><strong>cte.</strong></span> <span class='ocrx_word' id='word_1_321' title='bbox 775 2491 805 2519; x_wconf 91' lang='lat'><strong>2.</strong></span> <span class='ocrx_word' id='word_1_322' title='bbox 901 2489 937 2534; x_wconf 88' lang='lat'><strong>5)</strong></span> <span class='ocrx_word' id='word_1_323' title='bbox 959 2491 1184 2531; x_wconf 66' lang='lat' dir='ltr'><strong>Diog.1.aqrt.</strong></span> <span class='ocrx_word' id='word_1_324' title='bbox 1200 2492 1230 2532; x_wconf 80' lang='grc'><strong>3,</strong></span> <span class='ocrx_word' id='word_1_325' title='bbox 1245 2492 1276 2523; x_wconf 88' lang='lat'><strong>1.</strong></span> <span class='ocrx_word' id='word_1_326' title='bbox 1371 2489 1408 2530; x_wconf 84' lang='grc'><strong>6)</strong></span> <span class='ocrx_word' id='word_1_327' title='bbox 1428 2489 1503 2521; x_wconf 83' lang='lat' dir='ltr'><strong>Gel-</strong></span> 
     </span>
    </p>
   </div>
   <div class='ocr_carea' id='block_1_4' title="bbox 174 2528 1505 2618">
    <p class='ocr_par' dir='ltr' id='par_1_4' title="bbox 174 2528 1505 2618">
     <span class='ocr_line' id='line_1_41' title="bbox 174 2528 1505 2580; baseline 0.005 -22"><span class='ocrx_word' id='word_1_328' title='bbox 174 2528 428 2577; x_wconf 17' lang='lat' dir='ltr'><strong>Erithrelum.</strong></span> <span class='ocrx_word' id='word_1_329' title='bbox 524 2535 561 2574; x_wconf 75' lang='lat'><strong>7)</strong></span> <span class='ocrx_word' id='word_1_330' title='bbox 576 2535 649 2575; x_wconf 83' lang='lat' dir='ltr'><strong>Rig.</strong></span> <span class='ocrx_word' id='word_1_331' title='bbox 668 2535 836 2567; x_wconf 80' lang='lat' dir='ltr'><strong>liberat.</strong></span> <span class='ocrx_word' id='word_1_332' title='bbox 932 2535 970 2580; x_wconf 87' lang='lat'><strong>8)</strong></span> <span class='ocrx_word' id='word_1_333' title='bbox 990 2537 1204 2578; x_wconf 70' lang='lat' dir='ltr'><strong>cod.Agob.:</strong></span> <span class='ocrx_word' id='word_1_334' title='bbox 1229 2535 1505 2576; x_wconf 68' lang='lat' dir='ltr'><strong>Berytensis,</strong></span> 
     </span>
     <span class='ocr_line' id='line_1_42' title="bbox 175 2574 620 2618; baseline 0.018 -15"><span class='ocrx_word' id='word_1_335' title='bbox 175 2574 248 2604; x_wconf 83' lang='lat' dir='ltr'><strong>cod.</strong></span> <span class='ocrx_word' id='word_1_336' title='bbox 265 2575 353 2608; x_wconf 53' lang='lat' dir='ltr'><strong>Ursa</strong></span> <span class='ocrx_word' id='word_1_337' title='bbox 377 2577 620 2618; x_wconf 69' lang='lat' dir='ltr'><strong>Beryensis.</strong></span> 
     </span>
    </p>
   </div>
  </div>
 </body>
</html>
