1604 2800
441 161 567 196 ADV.
603 164 1123 197 VALENNNIANOS.
1376 165 1447 202 55

115 270 189 310 que
227 270 311 297 cum
352 256 400 296 ad
437 257 766 309 apprehensiones
803 258 972 304 venitur,
1011 256 1188 297 discessit
1226 256 1275 296 ab
1310 258 1378 298 illo
1410 260 1447 298 in

116 317 342 367 cognitione
372 315 500 354 Pilati.
570 314 738 354 Proinde
771 328 843 354 nec
876 316 1008 354 matris
1039 328 1169 354 semen
1207 314 1361 355 admisit
1390 318 1448 355 in-

114 374 232 412 iurias
257 386 381 426 aeque
407 371 674 411 insubditivum
702 380 741 411 et
766 386 812 411 ne
840 374 911 425 ipsi
938 371 1088 425 quidem
1105 373 1313 425 Demiurgo
1342 387 1447 413 com-

79 438 278 483 »pei-tum.
339 430 489 470 Patitur
517 444 612 469 vero
645 432 820 469 animalis
853 438 893 469 et
925 444 1088 470 carneus
1115 431 1290 470 Christus
1317 433 1354 470 in
1381 432 1449 471 de-

115 489 363 528 lineationem
401 489 613 541 superioris
651 489 812 534 Christi,
852 490 913 541 qui
951 488 998 527 ad
1032 489 1248 528 Achamoth
1280 491 1449 528 forman-

116 545 203 585 dam
228 546 509 594 substantivali,
537 560 611 584 non
638 548 878 598 agnitionali,
905 548 1028 585 forma
1049 548 1168 594 cruci,
1197 546 1234 585 id
1253 554 1313 587 ost
1328 548 1447 590 Horo.

115 604 243 643 fuerat
278 605 443 642 innixus.
511 604 569 642 Ita
607 605 733 642 omnia
766 606 803 642 in
836 605 1024 656 imagines
1062 612 1220 656 urgent,
1260 606 1372 657 plane
1411 614 1449 644 ct

115 662 188 714 ipsi
213 663 431 713 imaginarii
457 661 679 700 Christiani.

230 722 300 761 28.
345 719 497 758 Interea
531 719 761 769 Demiurgus
793 720 956 758 omnium
984 719 1108 758 adhuc
1136 721 1308 765 nescius,
1347 715 1387 758 e't
1418 722 1450 758 si

116 775 263 828 aliquid
286 783 329 814 et
352 776 532 828 ipseper
557 776 765 827 prophetas
792 777 1109 822 concionabitur,
1149 789 1196 815 ne
1224 777 1334 815 huius
1366 778 1449 829 qui-

115 832 202 873 dem
234 834 365 885 operis
395 834 452 871 sui
490 833 733 884 intelligens,
773 832 966 881 (dividunt
997 835 1096 872 enim
1129 840 1169 871 et
1206 834 1448 886 prophetiale

113 892 371 944 patrocinium
396 892 434 929 in
460 890 690 937 Achamoth,
718 891 755 928 in
782 904 926 938 semen,
954 898 994 929 et
1019 892 1054 929 in
1078 890 1359 943 Demiurgum,)
1384 892 1447 930 ubi

114 947 319 988 adveutum
346 946 498 987 Soteris
522 950 689 1000 accepit,
717 962 883 1000 propere
911 956 950 987 et
981 956 1143 987 ovanter
1168 951 1339 988 accurrit
1365 964 1447 988 cum

115 1006 291 1045 omnibus
314 1006 458 1045 viribus
484 1007 573 1052 suis,
602 1007 779 1044 centurio
805 1006 853 1044 de
880 1007 1143 1056 evangelio.¹)
1188 1006 1239 1044 Et
1258 1006 1306 1045 de
1329 1009 1449 1045 omni-

45 1099 50 1102 .
114 1064 186 1103 bus
210 1064 462 1111 illuminatus,
495 1064 542 1102 ab
570 1064 636 1102 illo
662 1065 778 1102 etiam
805 1077 909 1115 spem
937 1077 1039 1101 suam
1068 1063 1201 1109 discit,
1236 1064 1336 1116 quod
1363 1078 1449 1103 suc-

117 1134 296 1160 cessurus
320 1123 371 1159 sit
400 1123 438 1159 in
471 1122 597 1159 locum
630 1122 778 1159 matris.
843 1121 899 1158 Ita
932 1119 1072 1158 exinde
1104 1134 1263 1159 securus
1295 1121 1450 1173 dispen-

117 1179 305 1217 sationem
344 1178 472 1216 mundi
510 1178 619 1215 huius
656 1178 716 1215 vel
755 1178 918 1216 maxime
957 1178 1150 1216 ecclesiae
1182 1178 1449 1230 protegendae

118 1236 285 1282 nomine,
313 1242 455 1287 quanto
483 1242 655 1286 tempore
677 1237 906 1286 oportuerit,
934 1236 1158 1287 insequitur.

234 1295 303 1335 29.
360 1292 549 1344 Colligam
595 1306 694 1330 nunc
741 1305 790 1330 ex
828 1292 1005 1344 disperso
1042 1292 1088 1331 ad
1129 1292 1448 1340 concludendum,

119 1363 216 1403 quae
243 1349 292 1389 de
318 1352 435 1388 totius
461 1351 616 1401 generis
644 1350 794 1388 humani
821 1350 1072 1402 dispositione
1099 1349 1303 1389 disserant.
1365 1352 1451 1390 Tri-

119 1409 280 1447 formem
307 1415 478 1446 naturam
506 1407 716 1459 primordio
743 1408 928 1459 professi,
968 1415 1007 1446 et
1039 1415 1166 1446 tamen
1197 1409 1380 1447 inunitam
1412 1410 1451 1447 in

117 1464 262 1512 Adam,
300 1464 389 1504 inde
422 1466 496 1503 iam
528 1464 703 1503 dividunt
726 1477 797 1516 per
821 1466 1038 1516 singulares
1063 1478 1247 1516 generum
1273 1467 1451 1519 proprie-

119 1530 239 1570 tates,
277 1524 380 1561 nacti
413 1524 659 1561 occasionem
686 1521 943 1562 distinctionis
969 1522 1182 1562 huiusmodi
1210 1537 1259 1562 ex
1285 1525 1451 1576 posteri-

119 1588 200 1620 tate
230 1581 349 1632 ipsius
378 1580 510 1627 Adae,
549 1580 757 1619 moralibus
783 1594 934 1633 quoque
960 1580 1191 1619 differentiis
1217 1582 1448 1633 tripartitae.

119 1637 216 1678 Cain
243 1644 283 1677 et
306 1637 407 1677 Abel
433 1645 475 1677 et
500 1637 614 1684 Seth,
640 1639 770 1676 fontes
795 1637 1076 1689 quodammodo
1102 1639 1258 1689 generis
1284 1639 1451 1686 humani,

119 1697 160 1735 in
202 1694 364 1734 totidem
406 1695 586 1734 derivant
621 1702 847 1745 argumenta
886 1702 1045 1733 naturae
1083 1702 1198 1747 atque
1236 1697 1450 1742 essentiae3

122 1753 298 1791 choicum
325 1753 438 1790 saluti
462 1751 739 1802 degeneratum
756 1751 811 1789 -ad
840 1751 935 1789 Cain
962 1751 1155 1803 redigunt,
1182 1754 1346 1791 animale
1374 1765 1453 1791 me-

123 1809 211 1848 diae
237 1809 319 1861 spei
346 1808 599 1847 deliberatum
626 1807 672 1845 ad
699 1807 800 1846 Abel
827 1816 1078 1860 componunt,
1117 1810 1291 1861 spiritale
1318 1817 1451 1848 certae

121 1867 235 1906 saluti
272 1865 575 1918 praeiudicatum
614 1865 652 1902 in
689 1864 785 1903 Seth
824 1865 1052 1904 recondunt.
1126 1865 1193 1906 Sic
1230 1874 1270 1906 et
1306 1869 1451 1906 animas

121 1925 225 1977 ipsas
262 1923 406 1975 duplici
443 1924 682 1975 proprietate
714 1922 955 1970 discernunt,
993 1924 1116 1962 bonas
1148 1932 1189 1963 ct
1219 1926 1356 1972 malas,
1390 1938 1452 1964 se-

123 1980 287 2022 cundum
315 1981 490 2020 choicum
518 1988 654 2019 statum
682 1994 731 2018 ex
744 1981 839 2019 Cain
866 1988 905 2019 et
930 1982 1131 2020 animalem
1159 1995 1208 2021 ex
1234 1982 1346 2030 Abel,
1374 1984 1453 2035 spi-

123 2040 275 2079 ritalem
313 2052 363 2078 ex
399 2037 509 2077 Seth.
569 2038 626 2077 De
664 2038 908 2077 obvenientia
945 2039 1224 2091 superducunt,
1265 2041 1336 2078 iam
1375 2054 1451 2079 non

126 2104 311 2143 naturam,
337 2095 404 2136 sed
431 2095 720 2147 indulgentiam,
747 2104 788 2134 ut
813 2110 909 2148 quos
932 2097 1150 2136 Achamoth
1178 2099 1214 2136 in
1241 2099 1453 2150 superiori-

124 2155 195 2193 bus
230 2155 270 2192 iu
307 2155 453 2192 animas
490 2154 611 2192 bonas
647 2152 821 2205 depluat,
860 2153 896 2193 id
935 2162 995 2193 est
1031 2156 1184 2194 animali
1224 2150 1454 2210 censuil'in·

125 2212 303 2263 scriptas.
364 2211 551 2250 Choicum
578 2212 677 2250 enim
705 2211 922 2262 genus,·¹··id-
940 2213 1143 2251 est-malas
1168 2212 1463 2258 animas,nuu->

126 2283 236 2321 quam
270 2281 412 2320 capere
443 2269 645 2316 salutaria3
685 2267 954 2308 immutabilem
973 2265 1086 2309 'enim
1119 2264 1169 2309 ct*
1189 2269 1453 2308 irreformabi-

127 2327 200 2366 lem
240 2333 411 2364 naturam
450 2329 806 2377 pronuntiaverunt.
882 2326 922 2365 ld
967 2341 1062 2379 ergo
1101 2341 1261 2378 granum
1298 2328 1453 2366 seminis

126 2384 312 2438 spiritalis
349 2382 537 2422 modicum
577 2391 617 2422 et
654 2385 847 2436 parvulum
885 2385 1007 2431 iactu,
1048 2385 1113 2423 sed
1154 2384 1306 2422 eruditu
1345 2385 1453 2423 huius

127 2441 222 2481 lide-s
243 2448 408 2493 augetur
426 2437 549 2495 atque?
565 2439 803 2494 provehitur,
823 2454 902 2481 ceu
928 2441 1200 2494 praediximus,
1227 2443 1453 2494 animaeque

147 2585 150 2588 ·
196 2588 198 2592 ν
221 2569 260 2608 1)
283 2569 450 2608 Manus,
468 2571 486 2599 5
502 2578 572 2607 sqq.
604 2544 608 2549 α
