1566 2808
224 236 298 268 DE
334 236 972 271 PRAESCRIPTIONIBUS
1009 215 1260 271 HAERET.
1343 239 1412 278 35

83 335 251 381 pentem,
278 330 340 369 eui
365 329 447 370 Eva
472 332 579 383 quasi
606 331 684 370 filio
711 330 784 370 deo
812 331 1047 372 crediderat.
1108 331 1328 384 Decerpsit,
1354 334 1413 376 in-,

84 388 236 439 quiunt,
260 385 310 427 de
333 387 462 427 fructu
488 388 651 436 arboris,
679 389 909 441 atquebideo
935 391 1069 441 generi
1094 390 1258 428 humano
1284 391 1412 437 scie&

84 444 176 483 tiam
199 443 454 484 bonorumet
478 446 662 484 malorum
690 447 912 485 contribuit.
951 447 1155 486 ‘Christum
1182 454 1307 486 autem
1334 461 1412 486 non

81 501 121 539 in
145 500 358 541 substantia
384 503 512 542 carnis
537 504 673 552 fuisse3
701 505 861 543 salutem
883 505 1010 543 carnis
1034 504 1263 557 sperandam
1289 506 1413 543 omni-

81 571 133 597 no
157 571 234 597 non
260 572 361 602 esse.
421 560 507 599 Nec
534 575 610 599 non
636 563 749 600 etiam
784 565 909 613 erupit
934 563 1009 600 alia
1042 576 1191 614 quoque
1224 563 1411 608 haeresis,

13 622 15 625 ’
81 628 180 668 quae
206 615 348 656 dicitur
372 617 695 667 Cainaeorun11).
727 619 778 657 Et
802 621 874 671 ipsi
900 621 1000 658 enim
1026 620 1274 671 magnificant
1299 619 1410 666 Cain,

81 671 190 726 quasi
222 687 273 713 ex
303 675 463 727 quadam
496 678 646 728 potenti
671 678 810 715 virtute
838 679 1085 728 conceptum,
1123 690 1221 728 quae
1248 684 1411 728 operata

81 731 134 769 sit
166 732 208 770 in
244 733 345 784 ipso.
407 733 507 771 Nam
537 733 638 772 Abel
676 746 725 772 ex
761 734 947 772 inferiore
983 735 1126 772 virtute
1166 741 1410 786 conceptum,

79 795 348 841 procreatum,
377 797 418 828 et
441 789 531 829 ideo
557 791 781 829 inferiorem
807 798 1015 843 repertum.
1078 791 1124 829 Hi
1151 792 1215 843 qui
1239 792 1314 829 hoc
1341 790 1409 829 ad-

81 853 232 893 serunt,
258 847 374 898 etjam
396 847 531 886 'Iudam
555 847 794 900 proditorem
820 848 1045 895 defendunt,
1073 848 1335 887 admirabilem
1362 849 1409 886 il-

81 902 157 942 lum
189 910 231 943 et
260 918 437 956 magnum
469 918 554 947 esse
581 913 843 945 ‘memorantes
873 914 1036 959 propter
1071 907 1275 953 utilitates,
1316 919 1409 958 quas

79 960 245 1000 hnmano
276 963 413 1014 generi
444 963 654 1002 contulisse
686 965 865 1003 iactatur.
928 963 1086 1012 Quidam
1113 965 1213 1003 enim
1238 965 1409 1015 ipsorum

80 1020 291 1070 gratiarum
310 1021 502 1059 actionem
524 1020 640 1060 Iudae
661 1029 822 1074 propter
846 1022 945 1060 hanc
972 1035 1145 1060 caussam
1170 1020 1407 1060 reddendam

79 1083 227 1128 putant.
286 1076 610 1118 Animadvertens
636 1080 755 1126 enim,
789 1081 979 1131 inquiunt,
1007 1079 1139 1126 ludas,
1167 1077 1268 1131 quod
1296 1079 1407 1117 Chri-

79 1134 304 1174 stusvellet
325 1137 527 1175 veritatem
554 1137 799 1183 subvertere,
826 1137 986 1176 tradidit
1011 1138 1134 1183 illum,
1161 1150 1208 1181 ne
1235 1136 1406 1175 subverti

78 1191 223 1231 veritas
259 1200 400 1244 posset.
477 1193 530 1231 Et
569 1195 634 1232 alii
676 1195 732 1232 sic
777 1201 914 1232 contra
952 1193 1147 1245 disputant
1183 1201 1223 1232 et
1260 1192 1404 1231 dicunt.

80 1248 179 1297 Quia
202 1257 415 1309 potestates
439 1251 549 1289 huius
575 1250 702 1289 mundi
728 1251 912 1290 uolebant
936 1252 1015 1303 pati
1030 1251 1242 1297 Christum,
1262 1263 1309 1289 ne
1335 1250 1405 1288 bu-

78 1318 192 1345 mano
218 1310 353 1360 generi
378 1321 450 1360 per
474 1316 635 1347 mortem
661 1309 778 1360 ipsius
803 1309 904 1347 salus
927 1315 1144 1360 pararetur,
1170 1308 1285 1347 saluti
1311 1321 1404 1346 con-

77 1364 207 1403 sulens
228 1367 388 1416 generis
412 1364 563 1404 humani
588 1365 749 1404 tradidit
774 1366 979 1413 Christum,
1004 1372 1046 1403 ut
1070 1365 1184 1412 salus,
1212 1375 1310 1417 quae
1333 1365 1403 1402 ini-

76 1419 308 1474 pediebatur
343 1434 434 1475 per
448 1424 629 1489 virtutes,
674 1435 771 1483 quae
808 1422 1068 1469 obsistebant,
1119 1435 1167 1461 ne
1203 1427 1402 1474 pateretur

74 1476 270 1527 Christus,
308 1479 485 1533 impediri
511 1481 664 1518 omnino
690 1493 766 1518 non
791 1487 942 1532 posset,
981 1487 1022 1519 et
1044 1479 1134 1518 ideo
1159 1493 1231 1532 per
1254 1480 1400 1531 passio-

74 1543 161 1577 nem
199 1536 345 1579 Christi
381 1552 457 1578 nou
493 1545 626 1592 posset
666 1538 768 1578 salus
805 1538 958 1576 humani
1001 1539 1157 1589 generis
1194 1536 1399 1576 retardari.

73 1593 154 1635 Sed
180 1604 222 1635 et
251 1598 317 1636 illa
347 1598 523 1637 haeresis
554 1598 765 1650 processit,
804 1608 901 1650 quae
933 1594 1076 1636 dicitur
1106 1593 1398 1636 Settboitarum.

73 1652 193 1693 Huius
217 1657 482 1707 perversitatis
507 1655 685 1694 doctrina
711 1656 807 1694 baec
834 1662 912 1694 est:
940 1654 1036 1694 duos
1060 1655 1234 1695 homines
1259 1655 1307 1693 ab
1334 1668 1398 1692 an-

71 1711 171 1761 gelis
196 1714 445 1760 constitutos,
479 1713 574 1752 Cain
600 1712 784 1761 etAbe13
816 1720 978 1765 propter
1008 1713 1078 1751 hos
1109 1725 1266 1763 magnas
1299 1713 1399 1749 inter

71 1769 232 1819 angelos
258 1771 528 1809 contentiones
553 1778 593 1809 et
612 1769 828 1809 discordias
847 1771 1061 1817 exstitisse3
1089 1769 1137 1807 ob
1164 1770 1262 1807 hanc
1290 1781 1398 1806 caus-

68 1838 149 1864 sam
175 1826 278 1866 illam
303 1825 502 1875 virtutem,
535 1841 632 1880 quae
658 1838 774 1879 super
799 1840 932 1865 omnes
957 1829 1118 1865 virtutes
1144 1833 1259 1873 esset,
1288 1839 1397 1877 quam

69 1889 229 1922 matrem
266 1886 532 1952 pronuntiant,
571 1884 657 1923 dum
682 1884 783 1926 Abel
812 1885 1059 1923 interfectum
1097 1883 1291 1929 dicment,
1330 1896 1396 1920 vo-

69 1936 184 1980 luisse
211 1942 364 1995 concipi
391 1950 431 1982 ct
461 1944 567 1981 nasci
590 1942 699 1982 bunc
726 1941 821 1981 Seth
855 1943 943 1981 loco
968 1941 1122 1988 Abelis,
1159 1948 1202 1979 ut
1232 1953 1396 1979 evacua-

0 2015 10 2032 κ
67 2004 203 2038 rentur
233 2001 362 2052 angeli
387 2001 461 2048 illi,
495 2002 559 2053 qui
584 2000 680 2039 duos
706 2001 857 2052 priores
888 2000 976 2039 illos
1001 2000 1175 2038 homines
1201 1996 1396 2037 condidis-

66 2056 173 2103 sent,
211 2055 297 2096 dum
330 2058 404 2098 boc
430 2072 561 2097 semen
587 2057 764 2097 mundum
792 2059 963 2106 oritur·)
991 2065 1031 2096 et
1055 2057 1240 2095 nascitur.
1302 2054 1395 2093 Per-

67 2112 273 2154 mixtiones
297 2115 398 2154 enim
420 2115 553 2162 dieunt
571 2117 795 2168 angelorum
821 2123 861 2154 et
880 2116 1070 2154 hominum
1092 2116 1241 2166 iniquas
1261 2114 1393 2158 fuisse,

67 2169 118 2208 ob
144 2183 255 2226 quam
281 2186 456 2212 caussam
481 2168 584 2212 illam
607 2175 803 2220 virtutem,
831 2186 955 2226 quam,
982 2174 1082 2211 sicut
1100 2171 1276 2219 diximus,
1304 2183 1394 2221 pro-

52 2229 242 2266 -nuntiant
277 2237 456 2277 matrem,
501 2230 550 2270 ad
586 2231 794 2270 vindictam
831 2231 946 2270 etiam
979 2226 1394 2282 cataclysmum'iudu-

65 2286 224 2333 cere3),
262 2293 304 2324 ut
339 2294 380 2324 et
414 2288 507 2326 illud
543 2290 810 2340 permixtionis
847 2301 977 2327 semen
1014 2287 1219 2332 tolleretur
1248 2292 1288 2323 et
1319 2284 1392 2321 boc

65 2342 187 2382 solum
225 2356 375 2390 semen,
413 2344 514 2396 qnod
551 2353 656 2384 esset
686 2359 844 2397 purum,
888 2347 1080 2412 integrum
1096 2340 1390 2382 Ueustodiretur

65 2397 147 2439 Sed
172 2402 272 2440 enim
299 2402 405 2448 illos,
444 2403 507 2454 qui
538 2403 694 2442 seminis
723 2403 811 2443 illos
842 2403 984 2454 prioris
1007 2401 1279 2445 instituissent,
1325 2411 1392 2437 oc-

67 2457 170 2497 culte
210 2466 250 2497 et
289 2459 456 2498 latenter
487 2466 527 2498 et
556 2451 760 2513 ignorante
791 2460 857 2501 illa
887 2467 1010 2499 matre
1045 2458 1186 2497 virtute
1225 2469 1308 2495 cum
1345 2455 1391 2493 il-

157 2597 196 2635 1)
223 2597 332 2629 Rben.
346 2598 399 2631 ed.
410 2600 437 2630 1.
451 2598 772 2630 Chaldaeorum.
868 2598 905 2638 2)
931 2584 1038 2629 Rhein.
1056 2598 1091 2628 et
1102 2597 1177 2636 Rig.
1195 2594 1388 2627 moritur.

49 2641 103 2686 ¹3)
130 2643 311 2676 Fortasse:
336 2644 578 2683 infffflxisse.

201 2688 241 2733 «Q
394 2685 418 2693 ”
1050 2699 1103 2743 3*
