1604 2800
168 155 271 193 848
609 151 1064 186 Anv.1³nAXEAN.

169 252 287 302 ipsum
310 259 423 286 exuea
445 251 585 292 natum,
613 246 733 297 ipsum
753 259 916 298 passum,
944 245 1108 297 denique
1130 246 1249 297 ipsum
1270 257 1355 284 esse
1376 243 1501 286 Iesum

169 307 372 345 Christum.
439 302 596 342 Excidit
626 302 699 342 sibi
726 303 903 350 coluber,
936 305 1022 355 quia
1049 303 1172 342 Iesum
1199 302 1392 342 Christum
1414 309 1503 356 post

167 364 355 415 baptisma
381 361 535 400 Ioannis
562 367 712 399 tentans
738 368 779 398 ut
803 361 919 399 filium
946 359 1010 399 dei
1035 373 1242 412 aggressus
1267 366 1339 407 est,
1373 367 1502 400 certus

168 421 283 458 filium
316 419 428 458 deum
459 418 604 457 habere
630 418 691 457 vel
718 431 767 457 ex
791 419 884 471 ipsis
912 419 1131 471 scripturis,
1165 417 1213 457 de
1246 418 1381 470 quibus
1411 424 1502 458 tunc

167 478 421 516 tentationem
447 476 634 514 struebat.
674 474 717 514 Si
743 483 783 514 tu
809 489 850 515 es
876 476 975 514 filius
1002 475 1077 523 dei,
1105 475 1181 524 dic,
1207 482 1249 514 ut
1274 474 1420 528 lapides
1439 475 1504 515 isti

166 548 287 588 panes
314 534 418 573 liant.
480 532 593 572 Item:
627 534 658 572 si
684 541 725 571 tu
750 546 792 572 es
818 534 916 572 filius
942 533 1017 581 dei,
1051 533 1177 573 deiice
1202 540 1242 573 te
1267 533 1376 582 hinc;
1409 533 1506 572 scri-

167 600 271 645 ptum
298 599 358 631 est
382 592 496 638 enim,
530 589 629 643 quod
657 590 850 630 mandavit
874 592 1022 642 angelis
1047 593 1124 630 suis
1150 604 1266 644 super
1289 598 1342 638 te,
1374 591 1506 643 utique

167 658 292 703 pater,
319 656 360 688 ut
385 648 432 687 de
460 649 633 687 manibus
658 651 736 687 suis
761 649 910 697 tollant,
938 650 1078 688 necubi
1102 648 1152 688 ad
1178 648 1342 702 lapidem
1369 647 1508 701 pedem

168 715 273 746 tuum
306 706 546 755 offendas.¹)
607 704 687 745 Aut
718 706 897 758 numquid
929 707 1168 746 mendacium
1201 706 1415 758 evangeliis
1440 718 1509 745 ex-

170 765 383 817 probravit,
411 763 565 802 dicens:
597 763 969 803 videritMatthaeus
995 773 1034 803 et
1060 762 1205 813 Lucas,
1234 771 1405 803 ceterum
1433 775 1508 815 ego

126 837 129 839 “
170 821 220 859 ad
246 822 367 873 ipsum
393 820 503 858 deum
531 822 699 867 accessi,
733 823 853 872 ipsum
887 824 1188 874 omnipotentem
1221 823 1394 861 cominus
1423 828 1510 860 ten-

171 879 269 925 tavi,
297 877 386 915 ideo
413 884 453 915 et
477 878 640 924 accessi,
668 876 757 915 ideo
785 885 824 915 et
849 880 1005 918 tentavi.
1056 880 1235 917 Ceterum
1263 880 1294 917 si
1322 879 1420 916 filius
1446 876 1511 916 dei

172 942 295 982 esset,
328 947 515 986 nunquam
548 934 652 972 illum
684 934 850 973 fortasse
883 934 1078 986 dignarer.
1093 937 1131 984 2)
1195 934 1276 974 Sed
1301 936 1402 974 enim
1427 936 1509 988 ipse

170 994 300 1045 potius
326 1005 348 1030 a
373 990 584 1043 primordio
618 990 782 1029 mendax
813 993 943 1040 est,³)
978 1000 1017 1031 et
1048 994 1079 1030 si
1107 1005 1217 1043 quem
1243 993 1435 1030 hominem
1462 990 1511 1030 (le

173 1063 242 1088 suo
275 1048 562 1094 subornaverit,
595 1054 637 1085 ut
668 1047 858 1086 Praxean.
925 1048 1023 1087 Nam
1056 1050 1129 1087 iste
1162 1049 1305 1100 primus
1336 1061 1388 1088 ex
1418 1049 1514 1088 Asia

171 1106 247 1145 hoc
275 1119 395 1157 genus
420 1105 688 1157 perversitatis
708 1105 834 1143 intulit
852 1103 1011 1152 Romae,
1038 1106 1152 1144 homo
1178 1112 1219 1144 et
1242 1106 1338 1144 alias
1364 1107 1514 1158 inquie-

173 1171 247 1210 tus,
281 1163 438 1214 insuper
463 1161 510 1200 de
538 1162 748 1201 iactatione
775 1164 949 1215 martyrii
976 1164 1127 1202 inllatus
1150 1163 1198 1202 ob
1220 1163 1342 1203 solum
1363 1172 1404 1203 et
1423 1164 1514 1203 sim·

172 1222 263 1273 plex
290 1227 330 1258 et
354 1220 472 1259 breve
506 1220 677 1258 carceris
708 1219 896 1268 taedium,
936 1220 1107 1273 quando,
1141 1222 1214 1260 etsi
1241 1234 1381 1274 corpus
1406 1234 1514 1260 suum

173 1277 398 1317 tradidisset
435 1276 697 1324 exurendum,
736 1278 828 1316 nihil
866 1279 1124 1330 profecisset,
1162 1277 1411 1318 dilectionem
1451 1277 1515 1317 dei

175 1349 252 1374 non
278 1335 488 1382 habenS,4)
524 1336 630 1373 cuius
663 1335 894 1374 charismata
927 1350 1076 1389 quoque
1104 1337 1349 1389 expugnavit.
1411 1334 1512 1375 Nam

175 1392 276 1431 idem
298 1400 387 1430 tunc
408 1392 630 1443 episcopum
646 1391 869 1440 Romanum,
896 1402 1174 1445 agnoscentem
1194 1394 1268 1433 iam
1288 1393 1513 1447 prophetias

174 1449 368 1495 Montani,
408 1447 584 1495 Priscae,
622 1448 876 1497 Maximillae,
916 1458 956 1489 et
987 1464 1036 1490 ex
1067 1465 1112 1491 ea
1145 1452 1344 1503 agnitione
1376 1462 1514 1503 pacem

177 1506 356 1546 ecclesiis
381 1503 499 1543 Asiae
526 1512 566 1543 et
591 1504 784 1558 Phrygiae
811 1508 1060 1555 inferentem,
1095 1509 1193 1547 falsa
1226 1508 1274 1548 de
1306 1509 1398 1561 ipsis
1422 1521 1515 1561 pro·

175 1563 303 1616 phetis
329 1569 369 1601 et
394 1563 573 1601 ecclesiis
599 1575 732 1602 eorum
758 1562 1026 1603 adseverando
1053 1572 1092 1603 et
1117 1578 1412 1617 praecessorum
1433 1566 1515 1604 eius

178 1621 432 1659 auctoritates
454 1609 700 1659 defendendo
726 1623 857 1674 coe‘git
877 1629 917 1660 et
936 1623 1068 1661 literas
1094 1623 1201 1674 pacis
1226 1634 1414 1662 revocare
1439 1623 1514 1660 iam

180 1678 337 1717 emissas
363 1684 402 1716 et
427 1690 450 1715 a
475 1679 675 1729 proposito
708 1678 1019 1731 recipiendorum
1052 1679 1322 1718 charismatum
1354 1691 1516 1718 conces-

180 1748 282 1774 sare.
347 1734 404 1773 Ita
436 1733 511 1772 duo
546 1737 703 1787 negotia
737 1735 880 1780 diaboli
908 1735 1076 1776 Praxeas
1102 1736 1246 1775 Romae
1279 1737 1515 1789 procuravit,

177 1792 419 1846 prophetiam
445 1792 592 1844 expulit
611 1800 651 1831 et
670 1793 859 1832 haeresim
886 1795 1025 1842 intulit,
1053 1794 1290 1846 paracletum
1311 1794 1459 1845 fugavit
1478 1800 1518 1832 et

179 1858 327 1903 patrem
344 1850 547 1888 crucifixit.
588 1850 617 1888 F
619 1851 934 1890 ructilicaverant
947 1865 1091 1891 avenae
1107 1851 1331 1890 Praxeanae
1346 1851 1408 1891 hic
1424 1864 1518 1904 quo-

182 1921 253 1960 que
269 1909 607 1960 superseminatae,
630 1907 907 1948 dormientibus
922 1911 960 1962 ⁵)
985 1910 1110 1948 multis
1130 1911 1168 1948 in
1187 1909 1432 1961 simplicitate
1447 1907 1518 1947 do-

182 1967 350 2013 ctrinae,
376 1964 579 2004 traductae
595 1965 748 2014 dehinc,
763 1980 835 2019 per
849 1981 957 2020 qucm
973 1966 1067 2006 deus
1081 1967 1211 2013 voluit,
1228 1967 1342 2005 etiam
1363 1966 1517 2005 evulsae

179 2022 423 2062 videbantur.
459 2021 632 2075 Denique
649 2032 805 2063 caverat
818 2026 1015 2076 pristinum
1031 2023 1170 2064 doctor
1186 2023 1232 2062 de
1248 2022 1517 2063 emendatione

182 2094 262 2128 sua,
290 2087 329 2119 et
353 2086 482 2118 manet
502 2080 798 2133 chirographum
818 2082 919 2135 apud
944 2082 1165 2136 psychicos,
1192 2079 1291 2133 apud
1312 2093 1406 2133 quos
1427 2087 1517 2119 tunc

183 2145 293 2189 gesta
309 2151 372 2177 res
387 2144 464 2186 est3
491 2137 630 2177 exinde
651 2140 855 2178 silentium.
893 2140 945 2178 Et
964 2154 1033 2179 nos
1055 2139 1208 2192 quidem
1220 2145 1356 2191 postea
1369 2137 1516 2190 agnitio

183 2196 372 2246 paracleti
397 2202 511 2247 atque
538 2194 712 2234 defensio
740 2196 923 2236 disiunxit
946 2211 968 2236 a
993 2197 1201 2250 psychicis.
1238 2194 1516 2235 Avenaesvero

185 2252 274 2290 illae
299 2253 439 2304 ubique
454 2251 495 2304 ⁶)
521 2259 611 2291 tunc
638 2266 768 2292 semen
795 2263 1058 2294 excusserant.
1110 2254 1167 2294 Ita
1192 2251 1423 2305 aliquamdiu
1449 2264 1518 2304 per

186 2307 409 2359 hypocrisin
429 2309 592 2349 subdola
615 2311 821 2351 vivacitate
849 2312 1024 2361 latitavit,
1052 2319 1092 2351 et
1110 2324 1208 2351 nunc
1230 2309 1355 2350 denuo
1377 2310 1516 2363 erupit.

283 2459 318 2496 1)
333 2460 452 2491 Matth.
475 2462 507 2500 4,
527 2462 557 2492 3.
579 2462 609 2491 6.
639 2461 693 2491 Pa.
709 2462 763 2501 91,
780 2464 834 2493 11.
931 2461 967 2502 2)
983 2463 1029 2492 u
1032 2471 1139 2494 ouw.:
1160 2464 1371 2500 nunquam
1396 2458 1514 2491 ulum

189 2504 380 2534 tentasse
407 2506 617 2545 digna-rer.
713 2508 1008 2547 3)1c0r.13,19.
1103 2507 1380 2548 4)1Cor.1a,³.
1479 2501 1510 2548 5}

190 2548 380 2590 Matth.13,
399 2553 451 2582 26.
548 2550 585 2594 6)
603 2552 683 2583 eod.
700 2554 833 2584 tVouw.
850 2556 883 2584 et
899 2530 970 2594 Rig.
987 2554 1148 2592 utique.
