1566 2808
359 208 488 240 Anv,
522 208 884 239 MARCIONEM
917 208 1096 242 LIBER
1127 209 1184 241 11¹.
1334 208 1433 246 115

104 301 225 341 fnisse
249 301 315 353 qni
337 298 462 346 veuit,
494 312 572 337 non
603 298 719 338 modo
750 301 972 351 respuerint
1001 312 1086 339 enm
1120 307 1161 339 nt
1193 307 1431 349 extraneum,

104 364 317 398 verum-et
342 357 614 396 interfecerint
644 368 729 395 eum
761 364 803 395 ut
832 356 1112 404 adversarium,
1150 359 1320 408 agnituri
1349 360 1431 407 sine

78 414 226 463 ,dnbio
261 421 304 455 et
329 415 443 454 omni
478 413 605 452 officio
642 414 846 464 religionis
882 415 1146 466 prosecuturi,
1192 417 1225 454 si
1262 417 1431 468 ipsorum

104 473 253 517 fuisset.
302 469 467 518 Scilicet
490 471 675 510 nauclero
700 472 754 510 illi
787 485 863 510 non
895 472 1046 525 quidem
1072 471 1223 511 Rhodia
1248 474 1331 521 lex,
1363 474 1433 514 sed

103 529 270 575 Pontica
303 536 483 575 caverat,
516 542 650 568 errare
677 528 842 568 ludaeos
867 530 905 567 in
933 527 1125 569 Christum
1152 544 1259 570 suum
1284 545 1361 570 non
1386 531 1432 570 li-

105 600 218 635 uere,
244 586 417 639 quando,
450 587 524 625 etsi
549 586 643 625 nihil
669 587 747 626 tale
772 586 1036 642 praedicatum
1062 588 1101 625 in
1127 588 1215 626 illos
1239 590 1432 628 invenire-

104 652 181 692 tur,
204 645 269 684 vel
292 644 377 684 sola
400 645 532 696 utique
557 644 722 683 humana
747 644 1123 696 conditio-deceptui
1149 645 1319 684 obnoxia
1342 658 1431 697 per-

104 702 302 749 suasisset,
328 701 494 741 ludaeos
519 714 654 740 errare
678 703 865 752 potuisse,
891 712 963 752 qua
989 702 1177 748 homines,
1203 715 1290 741 nec.
1302 704 1430 741 statim

102 757 382 812 praeiudicium
406 757 629 796 sumendum
654 757 704 796 de
728 759 921 797 sententia
944 771 1092 804 eorum,
1119 771 1216 810 quos
1241 759 1429 799 credibile

102 816 233 865 fuerat
262 827 428 854 errasse.
478 813 602 853 Porro
633 828 718 853 cum
749 822 790 854 ct
820 814 1084 867 praedicatum
1110 817 1179 863 sit,
1212 830 1289 855 non
1322 819 1431 869 agni-

103 879 213 913 tutos
244 885 315 912 eos
339 872 531 911 Christum
565 871 731 924 ideoque
763 873 879 911 etiam
904 880 1193 925 perempturos,
1227 876 1301 912 iam
1333 887 1430 926 ergo

103 931 188 983 ipse
219 930 296 969 erit
325 936 367 968 et
395 931 596 981 ignoratus
621 937 662 968 et
685 931 937 982 interemptus
967 930 1015 968 ab
1041 931 1136 977 illis,
1173 931 1212 969 in
1240 945 1350 984 quem
1377 934 1430 971 ita

101 986 305 1027 admissuri
329 987 669 1040 praenotabantur.
720 986 805 1026 Hoc
836 989 868 1025 si
899 988 1057 1038 probari
1082 989 1229 1039 exigis,
1262 1003 1338 1028 non
1364 1003 1430 1028 eas

101 1046 315 1098 scripturas
339 1045 527 1091 evolvam,
554 1057 651 1096 quae
677 1045 1015 1096 interemptibilem
1042 1045 1236 1084 Christum
1270 1046 1430 1086 edicen-

101 1108 182 1150 tes,
213 1103 345 1154 utique
382 1109 424 1142 et
460 1102 714 1153 ignorabilem
747 1102 953 1149 affirmant3
992 1103 1064 1141 nisi
1096 1105 1197 1141 enim
1230 1105 1430 1154 ignoratus

102 1159 198 1198 nibil
227 1160 379 1198 scilicet
409 1161 492 1211 pati
520 1166 664 1210 posset.
721 1158 798 1197 Sed
832 1161 1042 1197 reservatis
1078 1161 1135 1197 eis
1174 1159 1222 1198 ad
1255 1174 1429 1200 caussam

102 1217 320 1269 passionum
346 1229 412 1255 eas
427 1214 739 1268 praedicationes
764 1217 803 1253 in
829 1217 1027 1267 praesenti
1051 1216 1214 1256 sufficiet
1227 1217 1427 1265 adhibere,

104 1287 203 1326 quae
226 1273 661 1325 iuterim—ignorabilem
687 1273 856 1325 probent
886 1273 1098 1320 Christum,
1131 1281 1172 1313 et
1197 1275 1272 1314 boc
1297 1276 1427 1314 brevi-

102 1339 178 1378 ter,
211 1330 299 1370 dum
331 1330 538 1370 ostendunt
570 1344 720 1369 omnem
751 1331 826 1369 vim
858 1331 1079 1370 intellectus
1110 1331 1327 1383 ademptam
1358 1347 1429 1385 po-

101 1389 193 1441 pulo
222 1401 248 1427 a
277 1395 471 1427 creatore.
530 1387 735 1437 Auferam,
768 1389 909 1438 inquit,
942 1389 1168 1439 sapientiam
1199 1390 1428 1440 sapientium

100 1446 268 1492 illorum,
293 1452 335 1484 et
357 1443 598 1497 prudentiam
618 1443 860 1496 prudentium
881 1458 1013 1483 eorum
1032 1445 1265 1484 abscondam
1281 1448 1339 1495 ι);
1367 1454 1426 1485 et:

100 1515 197 1542 aure
221 1500 407 1549 audietis,
440 1509 480 1541 et
510 1515 587 1540 non
612 1501 796 1549 audietis,
829 1508 870 1540 et
900 1503 1023 1541 oculis
1047 1501 1247 1550 videbitis,
1279 1511 1320 1542 et
1350 1518 1427 1543 non

99 1559 293 1607 videbitis,
317 1561 570 1599 incrassatum
596 1566 657 1598 est
680 1561 779 1598 enim
807 1572 877 1598 cor
900 1556 1032 1611 populi
1057 1560 1179 1607 huius,
1207 1568 1248 1600 et
1271 1562 1427 1600 auribus

99 1618 275 1669 graviter
297 1616 502 1656 audierunt
526 1624 567 1655 et
591 1618 726 1656 oculos
752 1618 1039 1663 concluserunt,
1066 1631 1113 1656 ne
1142 1617 1296 1669 quando
1322 1621 1426 1658 auri-

98 1674 171 1717 bus
194 1674 353 1715 audiant
382 1682 424 1714 et
454 1675 577 1713 oculis
606 1674 764 1713 videant
795 1681 835 1713 et
866 1674 986 1713 corde
1018 1674 1231 1713 coniiciant
1260 1683 1303 1714 et
1333 1690 1426 1715 con-

98 1739 317 1778 vertantur,
349 1739 391 1770 et
403 1745 544 1770 -sanem
569 1731 725 1780 illos2).
783 1731 892 1770 Hanc
924 1733 1025 1770 enim
1058 1733 1299 1771 obtusionem
1324 1735 1426 1771 salu·

99 1789 239 1828 tarium
271 1801 447 1827 sensuum
479 1795 717 1833 meruerant,
756 1788 868 1826 labiis
899 1787 1106 1839 diligentes
1138 1788 1270 1836 deum,
1304 1790 1424 1829 corde

99 1853 228 1891 autem
261 1845 376 1896 longe
406 1845 639 1884 absistentes
668 1844 811 1886 abeo·
847 1843 986 1895 -lgitur
1014 1847 1046 1883 si
1073 1846 1247 1885 Christus
1272 1847 1424 1899 quidem

100 1901 398 1943 adnuntiabatur
427 1916 451 1941 a
482 1909 663 1941 creatore
692 1901 884 1940 solidante
915 1904 1154 1950 tonitruum‚.
1189 1911 1230 1942 et
1266 1906 1424 1944 conclu-

99 1959 218 2000 dente
242 1961 435 2012 spiritum,
469 1967 510 1998 et
533 1958 782 1998 adnuntiante
814 1959 1059 1999 iwlmmines
1092 1960 1284 2000 Christum
1316 1975 1423 2001 suum

99 2016 308 2060 seeundum
339 2018 639 2070 propbetam³);
670 2017 704 2055 si
733 2017 855 2055 omnis
886 2030 975 2069 spes
1004 2017 1253 2066 Iudaeorum,
1285 2032 1334 2058 ne
1365 2020 1424 2058 di-

100 2088 183 2114 cam
214 2077 330 2114 etiam
355 2076 544 2126 gentium,
583 2075 623 2112 iu
654 2073 796 2113 Christi
826 2075 1102 2114 revelationem
1135 2075 1420 2118 destinabatur:

99 2133 182 2172 sine
203 2131 325 2172 dubio
356 2131 396 2171 id
427 2130 788 2170 demonstrabantur
818 2145 894 2170 nou
925 2134 1094 2184 agnituri
1125 2132 1167 2172 e't
1197 2147 1273 2172 non
1307 2136 1422 2173 intel-

99 2189 252 2237 lecturi,
277 2190 417 2229 ablatis
442 2190 649 2240 agnitionis
674 2196 715 2228 et
738 2189 1020 2240 intelligentiae
1044 2191 1202 2238 viribus,
1230 2194 1421 2243 sapientia

98 2254 214 2299 atque
243 2246 468 2299 prudentia,
513 2246 614 2298 quod
639 2245 961 2297 adnuntiabatur,
981 2247 1020 2286 id
1046 2256 1108 2287 est
1132 2249 1325 2295 Christus,
1359 2262 1422 2287 er-

97 2305 240 2344 raturis
263 2306 302 2343 in
327 2317 412 2343 eum
437 2305 711 2357 principalibus
735 2305 971 2356 sapientibus
997 2319 1150 2351 eorum,
1175 2304 1302 2344 idest
1324 2308 1422 2344 scri·

95 2361 175 2408 bis,
214 2370 255 2401 et
290 2349 561 2414 prudentibus,
599 2361 639 2400 id
669 2369 729 2408 est
759 2363 991 2414 pharisaeis,
1030 2364 1178 2415 pariter
1208 2370 1248 2401 et
1278 2364 1420 2415 populo

97 2419 254 2458 auribus
278 2419 476 2466 audituro,
504 2426 543 2458 et
568 2433 644 2458 non
669 2419 866 2467 audituro,
892 2421 1023 2472 utique
1051 2421 1241 2463 Christum
1275 2420 1420 2459 docen—

130 2586 133 2590 ,
188 2557 318 2601 1)‚1e·.
332 2560 387 2598 29,
404 2560 458 2590 14.
552 2559 590 2598 2)
616 2560 677 2589 les.
693 2561 726 2593 6.
741 2561 761 2589 9
775 2568 825 2597 sq.
921 2557 957 2598 3)
981 2560 1095 2590 Amos.
1116 2561 1148 2601 4,
1167 2561 1222 2592 13.
1242 2562 1282 2591 ut
1303 2560 1417 2591 locum

95 2604 204 2635 hxx.
225 2613 349 2644 graece
367 2608 556 2636 verterunt.

1076 2660 1132 2703 8*
