1604 2800
164 191 235 229 02
537 187 608 218 DE
646 186 840 218 CARNE
873 183 1143 218 cunis‘rff

167 285 207 324 Si
234 282 422 336 propheta
450 294 510 328 es,
549 279 778 332 praenuntia
808 276 971 331 aliquid3
999 278 1030 317 si
1057 276 1276 330 apostolus,
1315 274 1500 328 praediea

167 343 337 395 publice3
364 341 396 379 si
422 339 672 392 apostolicuS,
700 350 784 375 cum
812 337 998 389 apostolis
1023 336 1143 383 senti3
1171 335 1203 374 si
1229 340 1374 373 tantum
1389 333 1500 373 Chri-

167 401 311 439 stianus
343 411 404 445 es,
444 396 562 436 crede
595 394 693 449 quod
731 393 907 433 traditum
940 401 1018 442 est,
1057 394 1089 432 si
1127 393 1220 432 nihil
1252 393 1412 431 istorum
1445 405 1501 439 es,

168 459 305 497 merito
333 456 515 502 dixerim,
548 466 716 493 morere.
776 451 873 491 Nam
895 459 935 491 et
960 459 1130 491 mortuus
1155 464 1217 498 es,
1257 451 1320 503 qui
1353 463 1429 490 non
1461 462 1504 489 es

170 515 423 560 Christianus,
451 527 527 551 non
555 510 753 551 eredendo
781 509 883 563 quod
909 510 1090 549 traditum
1111 511 1150 560 ¹)
1177 508 1421 548 Christianos
1446 508 1505 547 fa-

171 575 241 621 cit3
281 580 321 611 et
352 585 399 611 eo
433 572 553 623 magis
587 577 758 609 mortuus
789 581 850 616 es,
891 582 964 621 quo
997 568 1119 619 magis
1145 580 1222 606 non
1248 579 1290 607 es
1317 566 1505 606 Christia-

170 646 252 677 nus,
280 631 341 682 qui
370 643 453 668 cum
480 629 631 676 fuisses,
659 626 853 672 excidisti,
880 624 1141 666 rescindendo
1169 623 1271 678 quod
1289 631 1398 670 retro
1420 636 1507 664 cre-

172 689 321 734 didisti,
360 687 459 726 sicut
495 694 536 725 et
573 688 654 739 ipse
688 685 887 724 confiteris
920 686 956 723 in
991 683 1151 737 quadam
1185 683 1351 736 epistola
1382 690 1422 722 et
1453 682 1508 720 tui

174 760 248 784 non
275 752 418 796 negant
443 751 483 782 et
508 746 630 782 nostri
658 743 835 795 probant.
889 742 1012 793 Igitur
1036 740 1265 781 rescindens
1292 740 1394 793 quod
1421 752 1507 779 cre-

174 803 317 849 didisti,
346 804 418 840 iam
446 815 521 839 non
548 800 713 839 credens
737 799 943 846 rescidisti,
972 813 1047 838 non
1075 807 1201 838 tamen
1229 800 1315 851 quia
1343 797 1508 837 credere

175 860 326 907 desisti,
367 866 475 898 recte
508 858 718 897 rescidisti.
778 857 894 909 Atqui
934 855 1212 902 rescindendo,
1252 855 1350 908 quod
1380 854 1509 894 credi-

177 918 278 964 disti,
306 917 466 970 probas,
493 923 694 968 antequam
715 914 974 962 rescinderes,
1001 915 1116 954 aliter
1135 915 1266 953 fuisse.
1297 912 1406 962 Quod
1423 926 1510 952 cre-

178 976 306 1015 didisti
344 976 476 1021 aliter,
516 974 607 1012 illud
635 975 688 1012 ita
713 980 798 1012 erat
830 972 1022 1012 traditum.
1099 972 1222 1011 Porro
1257 970 1357 1023 quod
1391 969 1510 1009 tradi-

179 1042 253 1073 tum
281 1040 384 1080 erat,
424 1032 461 1071 id
488 1039 571 1071 erat
596 1045 747 1078 verum,
786 1037 827 1069 ut
852 1031 898 1069 ab
926 1032 983 1070 eis
1010 1030 1208 1076 traditum,
1249 1041 1407 1081 quorum
1440 1028 1512 1067 suit

180 1091 348 1130 tradere.
412 1091 516 1142 Ergo
545 1089 645 1142 quod
677 1096 763 1128 erat
794 1088 974 1127 traditum
1006 1086 1253 1134 rescindens,
1293 1085 1394 1139 quod
1427 1093 1514 1125 erat

179 1163 308 1188 verum
335 1148 542 1187 rescidisti.
604 1147 721 1186 Nullo
748 1148 830 1186 iure
857 1147 998 1186 fecisti.
1045 1145 1122 1185 Sed
1149 1146 1299 1197 plenius
1325 1143 1513 1184 eiusmodi

179 1206 549 1260 praescriptionibus
591 1204 775 1244 adversus
819 1218 952 1243 omnes
994 1205 1178 1243 haereses
1216 1203 1307 1242 alibi
1345 1204 1418 1241 iam
1455 1203 1513 1241 usi

180 1279 324 1312 sumus,
363 1271 451 1316 post
482 1277 574 1316 quas
607 1277 705 1302 nunc
739 1276 786 1302 ex
813 1263 1022 1301 abundanti
1048 1268 1320 1308 retractamus,
1359 1259 1514 1299 deside-

183 1330 311 1361 rantes
338 1323 539 1368 rationem,
568 1335 642 1374 qua
667 1335 742 1359 non
771 1322 964 1372 putaveris
991 1328 1119 1359 natum
1147 1333 1232 1358 esse
1260 1319 1465 1358 Christum.

299 1382 337 1419 3.
388 1378 562 1417 Necesse
590 1386 667 1425 est,
707 1386 894 1429 quatenus
925 1379 1000 1417 hoc
1032 1385 1142 1430 putas
1175 1378 1336 1416 arbitrio
1371 1384 1436 1415 tuo
1469 1376 1515 1415 li-

186 1437 329 1482 cuisse,
368 1443 410 1473 ut
440 1443 506 1473 aut
530 1435 802 1487 impossibilem
829 1443 894 1473 aut
918 1436 1254 1474 inconvenientem
1281 1434 1355 1474 deo
1383 1434 1517 1473 existi-

186 1494 348 1532 maveris
375 1493 624 1531 nativitatem.
665 1491 766 1540 vSed
793 1491 867 1531 deo
894 1493 988 1531 nihil
1014 1493 1271 1544 impossibile,
1311 1493 1381 1530 nisi
1414 1490 1517 1544 quod

187 1565 261 1589 non
287 1551 379 1589 vult.
435 1549 495 1588 An
522 1563 617 1601 ergo
644 1550 813 1588 noluerit
838 1551 957 1596 nasci,
987 1550 1090 1602 (quia
1116 1551 1147 1588 si
1171 1550 1304 1597 voluit,
1332 1550 1516 1601 potuit‚²)

188 1616 227 1647 et
264 1615 373 1647 natus
411 1611 513 1656 est,)
553 1608 854 1646 consideremus.
927 1606 989 1646 Ad
1028 1606 1296 1659 compendium
1335 1605 1516 1646 decurro.

190 1666 228 1705 Si
257 1668 355 1705 enim
384 1667 489 1704 nasei
515 1678 557 1703 se
584 1664 678 1704 deus
705 1666 908 1712 noluisset,
937 1678 1161 1718 quacunque
1189 1664 1236 1703 de
1264 1677 1418 1712 caussa,
1446 1676 1518 1703 nee

187 1725 378 1763 hominem
415 1736 456 1762 se
493 1722 616 1761 videri
652 1724 922 1775 praestitisset.
985 1722 1082 1762 Nam
1122 1723 1203 1775 quis
1240 1722 1432 1760 hominem
1463 1722 1520 1760 vi-

189 1782 302 1828 dens,
347 1795 431 1820 eum
470 1788 633 1832 negaret
671 1783 824 1819 natum?
884 1779 1017 1833 Itaque
1054 1780 1157 1833 quod
1196 1780 1382 1819 noluisset
1419 1790 1519 1826 esse,

190 1854 261 1879 nec
293 1839 417 1878 videri
444 1840 598 1877 omnino
622 1839 821 1877 voluisset.
884 1839 1013 1877 Omnis
1045 1839 1102 1878 rei
1135 1838 1373 1891 displicentis
1405 1838 1520 1876 etiam

192 1898 321 1949 opinio
347 1896 597 1948 reprobatur,
637 1898 723 1949 quia
749 1897 841 1936 nihil
868 1898 1048 1944 interest,
1087 1903 1211 1935 utrum
1243 1897 1294 1935 sit
1325 1894 1435 1949 quid,
1472 1907 1519 1934 an

193 1968 268 1992 non
294 1955 360 2001 sit,
388 1956 417 1992 si
452 1968 536 1993 cum
569 1968 644 1993 non
671 1956 738 2001 sit,
766 1968 851 1994 esse
877 1955 1148 2007 praesumitur.
1215 1954 1333 1993 Plane
1358 1955 1522 1992 interest

192 2010 305 2058 illud,
332 2018 373 2049 ut
398 2012 494 2049 falso
522 2025 597 2050 non
624 2013 809 2064 patiatur,
843 2012 944 2065 quod
968 2026 1061 2052 vere
1089 2026 1163 2051 non
1189 2019 1261 2051 est.
1324 2009 1403 2050 Sed
1429 2010 1522 2049 satis

194 2076 279 2108 erat
303 2070 371 2115 illi,
399 2069 535 2120 inquis,
564 2071 801 2108 conscientia
828 2084 906 2109 sua.
970 2070 1149 2110 Viderint
1172 2070 1359 2116 homines,
1392 2069 1422 2107 si
1455 2080 1523 2106 na-

195 2134 271 2165 tum
310 2126 510 2178 putabant,
550 2128 636 2178 quia
674 2128 862 2167 hominem
899 2128 1094 2168 videbant.
1157 2128 1308 2176 Quanto
1342 2139 1438 2178 ergo
1465 2124 1523 2164 di-

196 2185 324 2236 gnius,
365 2190 582 2236 quantoque
615 2187 851 2224 constantius
883 2187 1083 2226 humanam
1115 2186 1358 2224 sustinuisset
1389 2184 1524 2224 existi-

196 2243 398 2281 mationem
437 2255 529 2281 vere
567 2249 695 2290 natus,
735 2243 895 2283 eandem
935 2245 1258 2283 existimationem
1294 2243 1408 2282 etiam
1447 2254 1524 2280 non

197 2307 305 2339 natus
336 2299 529 2339 subiturus
561 2313 645 2340 cum
677 2301 816 2340 iniuria
848 2303 1110 2342 conscientiae
1135 2315 1249 2350 suae,
1273 2314 1384 2354 quam
1410 2307 1450 2338 tu
1475 2296 1524 2337 ad

294 2506 329 2550 1)
351 2509 526 2549 Gelenius,
541 2509 648 2547 pam„
665 2510 740 2551 mg.
755 2511 862 2549 quod
877 2507 1110 2542 'ei-editum.
1182 2509 1216 2550 2)
1241 2509 1348 2540 Rhen.
1363 2507 1413 2539 ed.
1427 2511 1452 2539 1.
1465 2505 1525 2538 An

202 2562 300 2628 ergo
325 2555 518 2586 voluerit
543 2557 688 2587 nasci?
714 2558 813 2595 quia
839 2558 872 2588 si
899 2557 1056 2598 voluit,
1089 2558 1128 2587 et
1155 2558 1283 2586 natus
1309 2556 1391 2593 eut,
1420 2562 1523 2585 con-

203 2608 236 2628 S!
273 2608 447 2632 eremus.
