1566 2808
343 195 470 227 Anv.
505 195 867 227 MARCIONEM
902 195 1079 226 LIBER
1109 196 1164 225 111.
1314 194 1419 232 110

90 289 326 330 sublimitate
346 288 511 334 venerit,
539 286 626 326 dum
653 288 851 338 ignorant,
878 288 995 326 etiam
1009 288 1047 326 in
1067 287 1279 327 humilitate
1299 289 1418 328 fuisse

88 353 303 387 venturum.

205 407 247 446 8.
294 402 458 443 Desinat
494 416 594 441 nunc
626 403 846 442 haereticus
877 417 900 441 a
933 401 1095 450 Iudaeo,
1141 404 1278 455 (aspis,
1316 403 1419 455 quod

89 463 216 509 aiunt,
251 474 277 501 a
298 462 449 513 vipera)
482 461 648 499 mutuari
678 474 885 507 venenum,
923 467 1076 499 evomat
1100 462 1174 500 iam
1206 462 1295 500 hinc
1327 474 1419 513 pro-

89 519 334 572 prii-singenii
358 519 481 565 virus,
508 518 732 570 phantasma
755 518 955 557 vindicans
981 519 1192 564 Christum,
1218 519 1290 557 nisi
1317 518 1420 571 quod

89 583 132 617 et
154 577 230 616 ista
253 577 447 616 sententia
477 576 575 613 alios
600 576 758 615 habebit
783 584 983 622 auctores,
1015 589 1260 628 praecoquos
1284 582 1326 615 et
1350 576 1418 614 ab·

94 634 243 672 ortivos
280 632 562 685 quodammodo
587 632 859 680 Marcionitas,
898 647 993 685 quos
1029 634 1228 684 apostolus
1254 633 1418 672 Ioannes

88 691 340 730 antichristos
363 691 626 743 pronuntiavit
638 692 686 739 ¹),
715 698 901 741 negantes
923 690 1116 728 Christum
1141 691 1180 727 in
1205 702 1324 737 carne
1349 702 1417 728 ve-

87 747 212 794 nisse,
242 754 285 786 et
313 755 440 786 tamen
471 761 549 785 nou
573 754 615 784 ut
639 748 799 789 alterius
824 746 888 785 dei
914 748 971 785 ius
998 747 1300 794 constituerent,
1327 748 1417 798 quia

87 811 128 844 et
157 803 207 843 de
238 805 314 843 isto
347 805 470 843 notati
501 801 683 850 fuissent,
727 803 797 842 sed
829 805 1007 855 quoniam
1040 803 1271 842 incredibile
1302 817 1417 856 prae-

86 868 331 914 sumpserant
353 861 466 900 deum
493 874 662 899 carnem.
714 861 797 908 Quo
823 862 945 912 magis
970 861 1218 902 antichristus
1238 860 1417 900 Marcion

86 919 163 959 sibi
191 931 279 958 eam
302 921 430 971 rapuit
454 919 818 971 praesumptionem,
844 920 973 971 aptior
997 919 1152 957 scilicet
1175 918 1224 957 ad
1250 932 1416 958 renuen-

85 975 174 1016 dam
205 978 451 1029 corporalem
482 976 732 1016 substantiam
758 976 916 1023 Christi,
944 977 1007 1028 qui
1039 978 1161 1028 ipsum
1193 975 1305 1015 deum
1332 978 1415 1015 eins

85 1047 160 1079 nee
190 1041 389 1077 auctorem
428 1035 557 1073 carnis
592 1033 798 1073 induxerat
829 1047 901 1073 nec
939 1035 1276 1080 resuscitatorem,
1315 1036 1416 1086 opti-

86 1102 186 1131 num
209 1091 394 1132 videlicet
419 1099 460 1130 et
482 1092 521 1130 in
547 1093 621 1130 isto
637 1093 674 1140 ²)
701 1099 741 1130 et
766 1091 1065 1130 diversissimum
1090 1105 1113 1130 a
1138 1091 1350 1130 mendaciis
1375 1099 1416 1130 et

86 1149 253 1189 fallaciis
288 1151 510 1188 creatoris·>
541 1148 594 1187 Et
629 1148 719 1187 ideo
746 1149 920 1188 Christus
947 1151 1054 1195 eius,
1093 1161 1141 1187 ne
1173 1149 1413 1195 mentiretur,

87 1219 135 1245 ne
165 1206 335 1253 falleret,
373 1213 415 1245 et
450 1207 526 1244 hoc
564 1205 679 1244 modo
718 1207 910 1245 creatoris
945 1207 1110 1244 forsitan
1148 1204 1413 1257 deputaretur,

86 1276 164 1302 non
190 1270 277 1302 erat
307 1263 410 1316 qnod
439 1262 663 1310 videbatur,
696 1270 738 1302 et
769 1263 871 1315 quod
902 1271 989 1302 erat
1012 1263 1287 1310 mentiebatur,
1320 1277 1413 1302 caro

86 1334 161 1360 nec
189 1326 307 1368 ‘cat-o,
344 1321 459 1360 homo
490 1333 564 1359 nec
596 1322 725 1361 homo.
774 1319 943 1360 Proinde
976 1320 1071 1360 deus
1103 1321 1296 1367 Christus,
1340 1333 1414 1359 nee

86 1377 195 1419 deus.
236 1378 327 1417 Cur
349 1380 450 1418 enim
475 1391 553 1415 non
581 1379 695 1416 etiam
722 1377 786 1416 dei
816 1379 1041 1430 phantasma
1065 1379 1304 1429 portaverit?
1350 1377 1414 1415 An

86 1434 246 1482 credam
282 1436 320 1474 ei
358 1434 407 1474 de
446 1436 635 1474 interiore
672 1435 905 1481 substantia,
944 1437 1008 1487 qui
1044 1436 1093 1473 sit
1128 1433 1178 1473 de
1216 1435 1413 1473 exteriore

83 1493 315 1532 frustratus?
358 1491 561 1540 Quomodo
586 1505 708 1532 verax
732 1493 939 1532 habebitur
966 1494 1008 1531 iu
1033 1492 1210 1539 occulto,
1237 1499 1315 1531 tam
1340 1493 1413 1531 fal-

84 1549 150 1589 lax
172 1557 351 1602 repertus
376 1551 415 1588 in
439 1552 602 1602 aperto?
639 1550 841 1598 Quomodo
866 1557 995 1589 autem
1021 1552 1062 1589 in
1086 1556 1211 1590 semet
1235 1551 1319 1602 ipso
1344 1563 1413 1589 ve-

83 1609 239 1650 ritatem
279 1608 436 1661 spiritus
478 1608 636 1646 fallacia
672 1609 801 1646 carnis
838 1607 1099 1654 confundens,
1147 1615 1327 1658 negatam
1365 1608 1412 1646 ab

85 1665 263 1718 apostolo
276 1666 330 1716 ³),
363 1666 471 1717 lupis,
499 1664 537 1703 id
563 1666 909 1712 est-veritatis,et
933 1666 1127 1711 fallaciae,
1154 1665 1194 1704 id
1219 1672 1280 1703 est
1305 1673 1414 1704 tene-

83 1723 260 1769 brarum,
283 1724 477 1761 commisit
503 1724 915 1773 communicationem?
959 1723 1038 1762 Iam
1069 1736 1169 1761 nunc
1195 1736 1281 1760 cum
1307 1735 1413 1761 men-

84 1778 237 1818 dacium
261 1778 567 1831 deprehenditur
586 1779 733 1817 Christi
756 1775 922 1827 caro‘4),
949 1782 1133 1831 sequitur,
1160 1786 1202 1818 ut
1215 1786 1256 1818 et
1269 1781 1411 1827 omnia,

85 1849 184 1889 quae
205 1849 280 1888 per
305 1849 460 1875 carnem
487 1835 631 1874 Christi
655 1842 769 1886 gesta
799 1843 904 1883 sunt,
942 1836 1146 1876 mendacio
1179 1843 1291 1888 gesta
1322 1839 1411 1883 sint,

85 1907 343 1946 congressus,
383 1900 607 1939 contaetus,
646 1894 865 1945 cpnvictus‚
903 1895 1010 1946 ipsae
1048 1907 1199 1946 quoque
1234 1895 1409 1933 virtutes.

76 1950 255 1995 'Sirenim
285 1950 481 2003 tangendo
514 1951 680 2002 aliquem
709 1951 893 1990 liberavit
922 1965 946 1989 a
967 1950 1103 1998 -vitio,
1123 1951 1186 1990 vel
1212 1958 1338 1990 tactus
1361 1952 1410 1990 ab

83 2010 228 2061 aliquo,
254 2008 357 2061 qnod
383 2009 644 2060 corporaliter
666 2015 794 2047 actum
820 2016 892 2056 est,
918 2002 995 2047 non
1019 2003 1151 2061 potest
1166 2020 1261 2048 vere
1281 2016 1411 2050 actum

85 2066 213 2113 credi,
238 2068 323 2105 sine
349 2066 527 2118 corporis
551 2066 669 2117 ipsius
692 2067 878 2115 veritate3
909 2067 1004 2105 nihil
1026 2066 1192 2106 solidum
1216 2067 1269 2106 ab
1290 2068 1409 2114 inani,

83 2124 179 2164 nihil
202 2124 357 2176 plenum
389 2137 414 2162 a
437 2136 560 2162 vacuo
585 2123 722 2175 pertici
746 2124 867 2163 licuit.
916 2123 1114 2164 Putativus
1139 2124 1313 2171 habitus,
1339 2138 1410 2177 pu·-

84 2182 227 2222 tativus
257 2188 388 2229 actus3
426 2182 696 2232 imaginarius,
712 2189 917 2234 operator,
959 2183 1211 2234 imaginariae
1249 2195 1408 2234 operae.

84 2237 152 2278 Sic
194 2251 269 2278 nee
305 2239 507 2291 passiones
544 2236 687 2295 Christi
722 2240 806 2278 eius
848 2238 963 2279 fidem
998 2240 1269 2289 merebuntur,
1314 2239 1409 2278 nihil

83 2297 185 2336 enim
209 2309 344 2348 passus
367 2303 446 2342 est,
480 2297 544 2348 qui
567 2309 645 2335 non
667 2309 761 2350 vere
785 2304 847 2336 est
869 2310 1023 2349 passns3
1054 2310 1148 2336 vere
1173 2303 1302 2336 autem
1325 2298 1408 2348 pati

8 2371 19 2385 κ
82 2355 310 2407 phantasma
334 2367 411 2392 non
435 2354 579 2406 potnit.·
622 2353 810 2394 Eversum
834 2362 895 2394 est
918 2356 1038 2407 igitur
1061 2361 1182 2393 totum
1207 2353 1271 2392 dei
1297 2366 1407 2406 opus.

175 2506 211 2544 1)
235 2507 316 2537 110.
333 2507 363 2544 2,
382 2507 422 2535 18
445 2506 500 2536 22.
523 2505 556 2544 4,
571 2506 596 2535 4
698 2506 735 2543 2)
761 2506 797 2535 ln
817 2505 871 2536 his
889 2515 930 2535 vv
964 2505 1116 2536 maxime
1136 2504 1293 2535 obscuris
1311 2504 1407 2535 vide-

83 2553 142 2583 tur
159 2551 507 2586 adiectivnmtatere.
603 2550 638 2581 35
664 2551 685 2580 2
698 2552 776 2584 Cor.
789 2553 821 2585 6.
839 2552 890 2581 ts.
983 2551 1022 2590 4)
1048 2550 1153 2582 Rhen-
1172 2550 1226 2583 ed.
1239 2551 1265 2583 1.
1288 2550 1407 2582 Chri-

13 2620 18 2626 .
83 2600 181 2629 stu·
206 2607 315 2629 caro.
