1604 2800
125 201 229 239 184
646 198 719 230 DE
752 199 950 230 ANIMA.

127 309 211 334 mae
244 293 452 345 ingenitum
479 298 519 331 et
543 292 695 331 insitum
722 299 763 331 et
786 292 967 331 nativitus
998 291 1216 343 proprium,
1256 303 1330 343 quo
1367 292 1461 344 agit,

128 366 202 404 quo
228 352 340 403 sapit,
369 364 479 403 quem
505 362 635 388 secum
662 349 808 388 habens
828 362 878 389 ex
903 355 1025 388 semet
1049 349 1132 400 ipsa
1156 360 1198 387 se
1225 356 1466 388 commoveat

127 411 165 448 in
191 415 315 448 semet
344 409 446 461 ipsa,
485 416 601 460 atque
621 398 687 446 Ra
716 408 864 446 moveri
902 406 1078 446 videatur
1107 406 1154 445 ab
1187 406 1255 445 illo
1289 413 1466 459 tanquam

128 467 339 506 substantia
367 467 454 513 alia,
481 473 522 504 ut
545 466 691 513 volunt,
720 466 782 518 qui
809 466 923 504 etiam
949 465 1211 503 universitatis
1237 471 1467 503 motatorem

128 527 291 563 animum
327 522 568 571 decernunt,
607 524 712 562 illum
750 522 862 562 deum
895 521 1094 570 Socratis,
1134 522 1239 561 illum
1268 521 1469 561 Valentini

128 583 388 634 Monogenem
415 595 464 620 ex
488 589 600 634 patre
624 578 739 635 βύθῳ
766 588 952 620 et-matre
978 579 1081 634 σιγῇ,
1097 581 1133 628 ¹)
1169 581 1338 632 quamvis
1362 578 1470 618 Ana-

128 652 301 691 xagorae
328 640 481 678 turbata
507 639 701 678 sententia
725 646 797 677 est.
866 638 1017 678 Initium
1043 639 1144 677 enim
1172 638 1338 676 omnium
1364 650 1470 677 com-

130 704 321 736 mentatus
359 698 542 744 animum,
580 703 622 735 ut
658 697 919 735 universitatis
957 696 1131 734 oscillum
1171 694 1220 734 de
1258 695 1360 734 illius
1397 707 1471 734 axe

132 753 382 806 suspendens,
409 767 620 806 purumque
635 767 720 792 eum
735 754 924 793 affirmans
939 761 979 793 et
992 754 1203 806 simplicem
1219 760 1260 792 et
1272 753 1472 792 incommi-

134 812 323 858 scibilem,
349 811 425 849 hoc
450 811 513 849 vel
538 812 702 849 maxime
728 812 839 849 titulo
866 818 1050 862 segregat
1069 811 1116 850 ab
1137 812 1288 850 animae
1315 811 1474 849 commi-

133 870 279 915 stione,
314 875 354 906 et
383 875 511 906 tamen
542 867 704 905 eundem
738 868 830 905 alibi
862 869 1023 906 animam
1051 868 1183 906 edicit.
1246 867 1330 906 Hoc
1357 868 1472 906 etiam

132 925 368 965 Aristoteles
394 923 604 971 denotavit,
631 926 764 962 nescio
791 938 839 962 an
865 937 934 962 sua
958 925 1134 976 paratior
1158 925 1333 976 implere,
1362 937 1474 976 quam

134 984 261 1023 aliena
291 982 454 1021 inanire.
522 981 696 1033 Denique
729 988 768 1020 et
798 983 880 1032 ipse
918 980 1181 1020 definitionem
1213 982 1329 1020 animi
1361 995 1474 1033 quum

135 1040 330 1087 differret,
369 1040 522 1078 interim
554 1040 716 1077 alterum
749 1039 863 1076 animi
896 1051 1017 1089 genus
1049 1039 1329 1091 pronuntiavit,
1369 1039 1473 1077 illum

135 1098 316 1144 divinum,
345 1109 455 1149 quem
481 1109 612 1134 rursus
638 1103 677 1135 et
701 1095 974 1148 impassibilem
994 1095 1290 1142 subostendens,
1317 1095 1477 1135 abstulit

136 1157 282 1207 etipse
309 1167 393 1194 eum
420 1167 444 1192 a
469 1155 666 1193 consortio
698 1155 861 1192 animae.
935 1153 1028 1192 Cum
1061 1154 1162 1199 enim
1194 1155 1356 1193 animam
1389 1167 1477 1206 pas-

136 1213 285 1252 sibilem
313 1219 467 1251 constet
491 1225 638 1259 eorum,
666 1224 763 1263 quae
784 1211 922 1250 sortita
944 1218 1004 1251 est
1022 1212 1115 1264 pati,
1142 1219 1208 1251 aut
1226 1224 1298 1264 per
1310 1212 1476 1251 animum

137 1278 176 1309 et
203 1284 286 1309 cum
312 1270 437 1308 animo
463 1270 650 1322 patietur,
684 1270 736 1318 (si
762 1276 948 1308 concreta
974 1276 1034 1308 est
1058 1270 1205 1317 animo,
1239 1280 1316 1308 non
1346 1276 1479 1322 potest

138 1329 284 1366 animus
309 1327 554 1379 impassibilis
579 1326 742 1378 iuduci‚)
769 1334 835 1365 aut
855 1328 886 1365 si
907 1341 983 1366 non
1003 1340 1075 1379 per
1093 1328 1270 1375 animum,
1297 1339 1370 1366 nec
1391 1340 1476 1366 eum

139 1387 265 1423 animo
292 1385 459 1436 patietur
485 1386 623 1431 anima,
651 1397 727 1422 non
754 1386 830 1423 erit
855 1392 1042 1424 concreta
1068 1385 1136 1432 illi,
1171 1398 1256 1424 cum
1283 1397 1356 1437 quo
1384 1385 1478 1423 nihil

140 1449 180 1480 et
206 1443 269 1493 qui
301 1441 394 1478 nihil
427 1442 583 1492 patitur.
655 1441 778 1479 Porro
806 1443 836 1479 si
863 1443 956 1480 nihil
990 1456 1061 1495 per
1090 1442 1196 1481 illum
1229 1450 1268 1482 et
1300 1455 1384 1481 cum
1410 1442 1478 1481 illo

140 1499 266 1537 anima
297 1499 483 1549 patietur,
523 1501 597 1535 iam
629 1510 703 1535 nec
735 1499 877 1536 sentiet
909 1512 980 1537 nec
1012 1501 1138 1551 sapiet
1162 1513 1236 1539 nec
1262 1500 1480 1539 movebitur

140 1569 212 1609 per
237 1555 359 1602 illum,
392 1561 434 1592 ut
463 1555 608 1593 volunt.
682 1553 781 1592 Nam
808 1562 848 1593 et
872 1568 1005 1594 sensus
1036 1558 1237 1607 passiones
1268 1558 1365 1596 facit
1388 1556 1480 1596 Ari-

142 1613 316 1652 stoteles.
357 1610 522 1659 Quidni?
547 1619 587 1650 et
611 1613 754 1650 sentire
781 1612 882 1651 enim
909 1613 988 1664 pati
1014 1620 1086 1659 est,
1114 1614 1202 1664 quia
1226 1614 1307 1664 pati
1332 1615 1479 1652 sentire

142 1678 213 1717 est,
240 1669 402 1722 proinde
429 1676 469 1707 et
493 1681 632 1721 sapere
658 1671 802 1709 sentire
829 1677 899 1716 est,
927 1677 967 1708 et
992 1671 1137 1708 moveri
1163 1671 1307 1709 sentire
1328 1677 1399 1718 est,
1426 1671 1479 1710 ita

140 1735 261 1766 totum
293 1729 373 1779 pati
405 1734 475 1765 est.
545 1726 727 1765 Videmus
759 1733 886 1765 autem
918 1727 1012 1765 nihil
1038 1728 1196 1766 istorum
1223 1728 1386 1766 animam
1411 1740 1482 1767 ex-

140 1786 279 1838 periri,
318 1792 359 1822 ut
384 1797 460 1822 non
486 1791 526 1822 et
550 1785 676 1822 animo
704 1783 927 1836 deputetur,
967 1785 1056 1836 quia
1085 1798 1157 1837 per
1187 1784 1292 1823 illum
1324 1792 1364 1824 et
1395 1798 1481 1825 cum

142 1844 209 1881 illo
242 1842 483 1893 transigitur.
551 1841 627 1880 lam
655 1855 751 1893 ergo
779 1849 819 1880 et
845 1842 1132 1881 commiscibilis
1158 1849 1218 1882 est
1242 1843 1388 1883 animus
1413 1842 1483 1882 ad-

141 1913 275 1939 versus
287 1898 575 1951 Anaxagoram,
603 1907 642 1938 et
666 1899 860 1952 passibilis
884 1899 1069 1939 adversus
1094 1899 1360 1939 Aristotelem.
1406 1900 1484 1940 Ce-*

143 1965 266 1997 terum
297 1958 330 1996 si
361 1956 545 1996 discretio
584 1956 814 2005 admittitur,
853 1965 895 1996 ut
925 1958 1137 1996 substantia
1169 1957 1267 1997 duae
1298 1971 1362 1997 res
1393 1959 1480 2005 sint,

143 2017 289 2054 animus
314 2022 429 2067 atque
456 2016 594 2062 anima,
621 2016 780 2054 alterius
801 2016 877 2054 erit
897 2022 937 2054 et
954 2016 1084 2068 passio
1105 2022 1145 2054 et
1165 2027 1299 2054 sensus
1313 2023 1354 2055 et
1366 2028 1484 2068 sapor

145 2074 266 2112 omnis
305 2079 345 2111 et
379 2080 490 2111 actus
526 2079 567 2110 et
603 2080 746 2121 motus,
791 2073 950 2112 alterius
987 2080 1115 2113 autem
1153 2073 1270 2111 otium
1302 2080 1342 2111 et
1373 2074 1483 2125 quies

145 2137 185 2168 ct
209 2138 342 2182 stupor
367 2137 407 2169 et
431 2130 535 2168 nulla
565 2131 640 2168 iam
679 2144 833 2178 caussa,
872 2138 913 2170 et
947 2131 1014 2170 aut
1044 2131 1190 2169 animus
1225 2130 1381 2169 vacabit
1417 2137 1484 2170 aut

145 2188 282 2226 anima.
334 2186 480 2235 Quodsi
507 2195 660 2226 constat
684 2189 869 2227 ambobus
894 2189 992 2228 haec
1019 2188 1146 2226 omnia
1171 2189 1356 2240 reputari,
1384 2200 1481 2239 ergo

145 2258 257 2283 unum
283 2252 395 2284 erunt
419 2252 639 2296 utrumque,
673 2253 713 2284 et
737 2246 982 2285 Democritus
1009 2245 1199 2284 obtinebit
1223 2245 1481 2285 differentiam

145 2302 298 2349 tollens,
326 2309 367 2341 et
392 2309 612 2354 quaeretur,
646 2303 838 2354 quomodo
863 2317 977 2342 unum
1002 2310 1219 2355 utrumque,
1247 2316 1298 2342 ex
1322 2300 1481 2342 duarum

148 2359 444 2398 substantiarum
479 2360 726 2409 confusione,
758 2375 807 2400 an
839 2374 889 2400 ex
919 2362 1029 2400 unius
1061 2360 1331 2413 dispositione.
1363 2394 1365 2396 .
1396 2360 1480 2400 Nos

242 2555 278 2592 1)
293 2556 364 2587 Gel.
384 2553 550 2601 εἰρήνῃ,
576 2558 628 2590 ed.
648 2558 753 2590 Fran.
780 2556 942 2602 ἐννοίᾳ,
969 2551 1089 2590 Iunius
1108 2558 1197 2590 coni.
1219 2553 1389 2602 ἢρεμὶᾳς
1416 2555 1476 2588 ted

151 2600 224 2631 cod.
238 2601 376 2635 u'ouW.
396 2602 507 2646 σιγῇ,
529 2604 602 2645 Rig.
621 2604 728 2645 Sige.
