1604 2800
343 192 418 223 DE
454 193 970 227 RESURRECTIONE
1004 199 1227 231 CARNIS.
1350 201 1453 239 102

129 285 208 326 hu
225 291 316 324 tunc
336 285 438 324 enim
462 283 734 325 dedicabatur:
762 300 837 325 non
863 289 901 326 in
927 302 1024 341 pane
1049 290 1144 329 vivit
1167 291 1296 340 bomo,
1321 293 1390 333 sed
1414 296 1453 334 in

128 343 192 384 dei
216 341 402 392 verbo-¹)
461 341 567 382 Eece
592 345 744 383 virtutis
769 345 920 384 futurae
947 347 1191 388 lineamenta.
1251 349 1335 390 Nos
1361 365 1456 404 quo-

129 414 215 455 que,
241 407 285 439 ut
306 413 519 452 possumus,
552 414 595 440 os
622 402 709 440 cibo
736 406 1128 450 excusamus,-etiam
1155 420 1286 446 sexum
1314 422 1336 447 a
1363 422 1456 448 con-

129 459 329 512 gressione
372 457 629 497 subducimus.
712 459 812 508 Quot
843 460 1045 513 spadones
1087 464 1318 504 voluntarii?
1366 474 1458 518 quot

127 517 299 568 virgines
324 514 478 555 Christo
504 517 733 556 maritatae?
770 525 862 570 quot
892 520 1044 566 steriles
1075 522 1271 574 utriusque
1297 531 1457 563 naturae

129 574 379 613 infructuosis
404 573 635 625 genitalibus
660 577 822 614 structi?
885 575 982 616 Nam
1008 578 1041 615 si
1065 584 1106 616 et
1130 578 1192 618 hic
1217 580 1291 618 iam
1316 594 1458 620 vacare

130 639 191 671 est
204 638 244 670 et
257 630 382 670 officia
396 637 436 670 et
455 631 711 671 emolumenta
731 633 985 673 membrorum
1011 637 1214 688 temporali
1239 640 1458 686 vacatione,

129 696 172 729 ut
194 690 234 728 in
259 689 462 741 temporali
489 688 759 740 dispositione,
791 704 863 730 nec
895 692 1009 730 homo
1035 699 1161 732 tamen
1186 695 1310 734 minus
1334 696 1461 734 salvus

130 753 208 794 θεῖς
245 745 407 798 proinde
445 746 597 785 bomine
634 747 758 794 salvo,
797 755 837 786 et
874 748 1025 801 quidem
1062 751 1182 800 mag-is
1218 758 1308 791 tunc
1345 759 1387 790 ut
1422 753 1461 790 in

130 810 292 843 aeterna
329 802 600 854 dispositione,
639 805 760 855 magis
790 818 867 842 non
899 804 1220 855 desiderabimus,
1258 821 1356 860 quae
1387 810 1461 848 iam

129 861 195 900 hie
219 873 296 898 non
321 859 548 898 desiderare
575 862 853 899 consuevimus.

247 920 315 959 62.
355 915 432 955 Sed
452 917 540 955 huic
562 916 835 970 disceptationi
851 918 961 958 linem
983 919 1176 960 dominica
1198 924 1460 974 pronuntiatio

130 974 304 1027 imponit.
341 973 476 1021 Erunt,
503 975 636 1026 inquit,
663 982 841 1027 tanquam
866 977 1061 1028 angeli.‘-')
1099 977 1143 1016 Si
1167 992 1243 1017 non
1269 979 1461 1027 nubendo,

132 1033 221 1085 quia
245 1044 318 1071 nec
344 1030 564 1078 moriendo,
596 1032 727 1083 utique
759 1045 834 1071 nec
859 1033 924 1071 ulli
950 1035 1062 1072 simili
1088 1037 1311 1074 necessitati
1337 1038 1462 1076 succi·

132 1088 260 1129 dendo
288 1089 503 1141 corporalis
535 1088 785 1135 conditionis,
819 1091 906 1141 quia
932 1097 970 1128 et
995 1091 1124 1141 angeli
1149 1092 1353 1143 aliquando
1379 1100 1463 1131 tan-

275 1146 449 1184 homines
479 1146 634 1183 fuerunt
664 1144 815 1183 edendo
842 1154 880 1184 et
903 1146 1071 1185 bibendo
1098 1154 1136 1185 et
1161 1148 1281 1199 pedes
1307 1150 1461 1188 lavacro

133 1201 396 1255 porrigend03
440 1201 640 1240 humanam
677 1203 777 1240 enim
816 1201 1018 1241 induerant
1054 1205 1320 1255 superficiem,
1359 1207 1463 1245 salva

134 1261 237 1299 intus
273 1258 484 1298 substantia
522 1259 692 1310 propria.
765 1259 888 1310 Igitur
923 1261 953 1298 si
991 1262 1120 1312 angeli
1155 1262 1248 1301 facti
1286 1270 1462 1315 tanquam

135 1317 311 1357 homines
335 1317 374 1355 in
399 1314 535 1355 eadem
560 1315 770 1354 substantia
797 1317 952 1368 spiritus
978 1319 1171 1357 carnalem
1191 1321 1463 1359 tractationem

135 1380 409 1426 susceperunt,
447 1386 518 1411 cur
547 1386 623 1411 non
654 1380 695 1412 et
724 1372 897 1412 homines
926 1375 1019 1412 facti
1058 1382 1236 1427 tanquam
1273 1377 1402 1427 angeli
1427 1378 1466 1415 in

135 1430 275 1472 eadem
310 1431 522 1470 substantia
560 1431 686 1468 carnis
723 1431 932 1481 spiritalem
969 1431 1132 1470 subeant
1164 1432 1465 1484 dispositionem,

137 1502 216 1529 non
240 1488 363 1540 magis
392 1486 638 1526 sollemnibus
676 1488 803 1526 carnis
841 1487 998 1526 obnoxii
1034 1488 1103 1527 sub
1140 1490 1320 1540 angelico
1358 1490 1468 1529 indu-

137 1551 290 1592 uento,
322 1557 432 1597 quam
463 1543 593 1595 angeli
619 1550 708 1583 tunc
734 1544 981 1584 sollemnibus
1006 1547 1160 1598 spiritus
1186 1546 1253 1585 sub
1279 1548 1469 1586 humano?

135 1602 226 1643 Nee
248 1601 339 1643 ideo
364 1615 442 1640 non
466 1602 705 1654 permansuri
729 1602 767 1640 in
794 1615 924 1649 carne,
951 1604 1036 1654 quia
1064 1617 1139 1641 non
1160 1605 1255 1641 etin
1275 1605 1469 1643 sollemni-

137 1660 213 1700 bns
235 1660 382 1706 carnis,
415 1672 501 1698 cum
531 1671 604 1697 nec
634 1658 762 1708 angeli
788 1658 877 1697 ideo
904 1673 979 1696 non
1005 1666 1045 1697 et
1069 1661 1107 1696 in
1132 1661 1265 1712 spiritu
1290 1674 1468 1713 perman·

139 1717 281 1763 serint,
319 1716 409 1768 quia
432 1728 509 1752 non
535 1722 575 1753 et
599 1716 638 1753 in
663 1714 910 1752 sollemnibus
940 1716 1109 1766 spiritns.
1182 1715 1355 1768 Denique
1394 1731 1469 1755 non

142 1772 258 1813 dixit:
289 1778 403 1811 erunt
426 1771 573 1822 angeli,
605 1783 653 1808 ne
679 1770 850 1809 homines
876 1778 1050 1822 negaret,
1081 1770 1169 1809 scd:
1201 1779 1378 1824 tanquam
1403 1787 1470 1812 an-

143 1829 236 1882 geli,
259 1835 303 1867 ut
325 1828 501 1866 homines
525 1833 794 1874 conservaret3
827 1840 903 1864 non
928 1827 1084 1866 abstulit
1108 1827 1377 1878 substantiam,
1409 1831 1471 1869 cui

143 1883 427 1927 similitudinem
452 1883 638 1922 attribuit.

261 1945 333 1986 63.
372 1941 555 1992 Resurgit
577 1941 696 1991 igitur
720 1953 826 1988 caro,
853 1948 893 1980 et
918 1941 1068 1994 quidem
1095 1945 1229 1990 omnis,
1256 1951 1296 1982 et
1320 1943 1471 1996 quidem

145 2003 247 2054 ipsa,
285 2006 327 2039 et
356 1998 507 2052 quidem
539 1998 710 2049 integr-⁰23
746 1999 785 2036 in
822 1997 999 2051 deposito
1031 2007 1092 2038 est
1119 2000 1335 2053 ubicunque
1372 2000 1473 2053 apud

146 2058 259 2099 deum
296 2070 367 2109 per
403 2055 660 2095 fidelissimum
696 2062 931 2107 sequestrem
966 2055 1029 2096 dei
1058 2063 1100 2096 et
1127 2057 1318 2097 bominum
1350 2058 1487 2102 lesum,

148 2115 354 2160 Christum,
381 2114 444 2165 qui
464 2119 504 2152 et
521 2113 664 2150 homini
683 2111 795 2152 deum
814 2120 853 2152 et
872 2113 1062 2153 homiuem
1088 2113 1162 2154 deo
1188 2114 1338 2162 reddet,
1367 2116 1472 2154 carni

149 2172 322 2224 spiritum
352 2177 393 2208 et
421 2170 571 2222 spiritui
608 2182 776 2209 carnem.
847 2169 1055 2223 Utrumque
1080 2172 1153 2210 iam
1180 2173 1218 2210 in
1243 2179 1366 2211 semet
1390 2173 1472 2223 ipso

149 2227 380 2274 foederavit,
405 2239 582 2279 sponsam
607 2239 747 2278 sponso
774 2234 814 2266 et
837 2241 1015 2279 sponsum
1040 2241 1204 2281 sponsae
1225 2228 1472 2280 comparavit.

150 2285 250 2326 Nam
269 2285 343 2323 etsi
362 2284 523 2322 animam
544 2284 627 2335 quis
646 2283 890 2324 contenderit
912 2297 1101 2337 sponsam,
1126 2286 1187 2324 vel
1208 2283 1308 2323 dotis
1322 2285 1473 2323 nomine

152 2349 335 2395 sequetur
357 2342 520 2380 animam
546 2354 670 2379 caro-⁷
705 2340 796 2379 Non
820 2342 895 2380 erit
918 2343 1043 2381 anima
1067 2344 1283 2394 prostituta,
1310 2348 1350 2380 ut
1375 2340 1475 2379 nuda

153 2399 384 2452 suscipiatur
396 2412 418 2436 a
430 2411 591 2450 sponso,
618 2397 734 2437 babet
746 2396 1046 2445 instrumentum,
1061 2399 1178 2438 babet
1190 2398 1344 2445 cultum,
1359 2398 1475 2437 habet

154 2458 383 2509 mancipium
409 2469 514 2495 suum
541 2467 714 2503 carnem,
745 2463 788 2494 ut
814 2456 1053 2495 collactanea
1079 2455 1335 2507 comitabitur.
1396 2453 1473 2494 Sed

250 2582 469 2626 1)Matth.4‚
485 2585 516 2613 4.
610 2581 647 2623 2)
661 2582 783 2613 Matth.
798 2583 850 2622 22,
867 2583 918 2613 30.
946 2583 1154 2622 1,ue.2o,3⁶
