1604 2800
362 182 437 214 DE
467 181 980 214 RESURRECTIONE
1018 185 1242 218 cAssle.
1369 184 1471 224 155

141 275 279 328 ponit.
317 273 666 314 Demonstrationis
686 274 901 326 corporalis
922 281 982 314 est
1000 274 1170 315 verbum.
1206 276 1326 318 Aliud
1343 286 1472 319 autem

143 333 423 384 corruptivum,
454 331 559 371 aliud
590 333 831 384 corruptela,
870 340 910 371 et
940 332 1044 371 aliud
1074 335 1257 382 mortale,
1295 342 1338 374 et
1365 336 1472 376 aliud

141 390 375 438 mortalita83
408 388 511 428 aliud
537 391 637 428 enim
658 389 764 442 ‘quod
789 391 945 441 patitur,
977 389 1082 430 aliud
1107 391 1209 443 quod
1234 394 1314 444 pati
1339 393 1468 433 efficit.

142 446 202 487 Ita
222 459 319 500 quae
339 447 535 500 patiuntur
555 448 814 500 corruptelam
836 454 876 485 et
893 449 1177 496 mortalitatem,
1205 463 1297 488 caro
1318 451 1472 490 scilicet

141 511 183 544 et
206 505 379 556 sanguis,
418 517 466 544 ea
501 517 662 544 necesse
700 512 760 544 est
794 505 989 558 patiantur
1024 513 1065 545 et
1099 507 1399 559 incorruptelam
1431 515 1472 547 et

140 563 480 602 immortalitatem.

257 623 325 662 52.
387 619 595 659 Videamus
621 621 694 658 iam
719 632 835 666 nunc,
867 633 941 672 quo
968 634 1134 673 corpore
1160 629 1343 661 venturos
1367 636 1471 662 mor·

140 683 228 715 tuos
247 676 428 730 disputet.
472 676 522 715 Et
546 677 659 725 bene,
686 676 787 729 quod
813 678 940 729 erupit
963 679 1090 717 statim
1115 679 1335 726 ostendere,
1363 681 1473 732 quasi

140 736 225 788 quis
254 733 440 773 eiusmodi
475 741 646 786 quaerat.
714 732 859 781 Stulte,
897 735 1035 786 inquit,
1068 742 1126 781 tu,
1159 736 1261 788 quod
1291 738 1470 783 seminas,

138 805 227 831 num
252 791 480 837 vivificatur,
497 792 534 839 ¹)
561 791 634 829 nisi
658 798 846 829 mortuum
871 791 1013 830 fuerit?
1026 793 1062 841 2)
1089 792 1173 830 Hoc
1199 805 1295 844 ergo
1320 795 1397 832 iam
1422 792 1471 832 de

138 849 317 901 exemplo
337 849 491 887 seminis
512 854 677 895 constet,
704 861 781 886 non
807 847 920 886 aliam
945 848 1133 887 vivificari
1159 862 1327 898 earnem,
1360 864 1472 902 quam

138 906 273 958 ipsam,
300 917 398 958 quae
425 906 501 944 erit
525 912 688 951 mortua,
715 912 756 944 et
780 906 834 943 ita
858 906 1060 956 sequentia
1085 907 1326 946 relucebunt.
1363 907 1473 947 Nihil

138 964 240 1002 enim
271 962 456 1002 adversus
487 962 660 1013 regulam
692 963 858 1014 exempli
889 962 1024 1001 licebit
1053 964 1237 1015 intelligi,
1275 978 1344 1011 ne,
1383 966 1472 1017 quia

137 1021 328 1074 sequitur:
362 1027 403 1059 et
427 1019 529 1071 quod
555 1020 738 1066 seminas,
777 1033 853 1057 non
884 1032 1042 1070 corpus,
1081 1020 1183 1071 quod
1206 1020 1372 1060 futurum
1398 1029 1471 1065 est,

138 1078 317 1125 seminas,
330 1078 367 1126 ³)
395 1076 547 1115 idcirco
573 1075 677 1114 aliud
702 1082 1009 1114 resurrecturum
1035 1089 1193 1128 corpus,
1232 1091 1342 1129 quam
1369 1077 1471 1129 quod

139 1134 342 1173 moriendo
368 1135 597 1179 seminatur,
636 1133 844 1171 existimes·
913 1132 1093 1171 Ceterum
1125 1133 1304 1172 excidisti
1329 1134 1376 1172 ab
1403 1147 1472 1173 ex-

140 1191 282 1243 emplo.
346 1190 549 1242 Nunquam
579 1190 680 1228 enim
705 1190 896 1227 frumento
922 1190 1109 1228 seminato
1135 1197 1176 1228 et
1198 1191 1237 1229 in
1262 1198 1369 1230 terra
1393 1190 1472 1230 dis-

139 1248 267 1286 soluto
298 1246 696 1299 hordeum·erumpit,
729 1253 770 1285 et
799 1259 877 1284 non
901 1245 940 1284 id
964 1247 1085 1299 ipsum
1117 1260 1237 1298 genus
1268 1248 1380 1299 grani
1404 1261 1472 1287 ea-

141 1304 304 1357 demque
331 1311 468 1344 natura
493 1311 533 1343 et
557 1305 721 1356 qualitas
746 1310 787 1342 et
809 1303 946 1342 forma.
995 1302 1170 1356 Denique
1196 1304 1311 1351 unde,
1336 1306 1370 1344 si
1393 1319 1471 1344 nou

140 1361 180 1401 id
211 1364 357 1415 ipsum?
391 1369 432 1401 et
462 1361 683 1414 corruptela
720 1361 820 1399 enim
857 1361 978 1411 ipsum
1015 1368 1093 1407 est,
1130 1360 1218 1399 dum
1248 1363 1366 1414 ipsius
1397 1370 1469 1401 est.

139 1418 230 1459 Non
255 1421 355 1459 enim
381 1426 422 1458 et
445 1419 632 1469 suggerit,
660 1416 852 1469 quomodo
878 1430 954 1455 non
981 1417 1083 1468 quod
1107 1418 1274 1457 futurum
1298 1426 1359 1459 est
1382 1432 1471 1458 cor-

138 1481 210 1530 pus
222 1477 443 1524 seminetur,
469 1474 622 1514 dicens:
648 1474 718 1514 sed
731 1473 870 1513 nudum
890 1487 1062 1525 granum,
1089 1475 1121 1512 si
1139 1476 1254 1522 forte,
1277 1475 1470 1524 frumenti,

137 1534 202 1573 vel
237 1534 400 1573 alicuius
437 1531 644 1580 eiusmodi3
690 1531 785 1570 deus
821 1538 948 1570 autem
985 1530 1052 1570 dat
1087 1532 1143 1571 illi
1181 1546 1322 1585 corpus
1358 1542 1474 1585 prout

138 1591 233 1640 vult,
244 1590 287 1644 ⁴)
324 1598 433 1630 certe
459 1592 496 1629 ei
521 1603 663 1642 grano,
697 1588 799 1641 quod
829 1587 969 1627 nudum
999 1590 1181 1628 seminari
1205 1592 1272 1628 ait.
1340 1591 1471 1637 Certe,

139 1650 285 1701 inquist,
312 1661 408 1698 ergo
433 1648 576 1686 salvum
603 1654 674 1693 est,
701 1648 763 1685 cui
789 1645 882 1684 dare
908 1645 1025 1683 hahet
1049 1644 1144 1684 deus
1170 1659 1322 1699 corpus.
1368 1647 1473 1695 Quo-

140 1705 257 1744 modo
281 1711 408 1743 autem
433 1703 576 1742 salvum
602 1710 673 1749 est,
700 1704 733 1740 si
758 1715 940 1753 nusquam
964 1708 1042 1747 est,
1074 1703 1108 1740 si
1131 1716 1209 1741 non
1233 1705 1414 1754 resurgit,
1440 1706 1474 1743 si

141 1775 220 1800 non
243 1760 284 1799 id
309 1762 430 1812 ipsum
456 1761 648 1811 resurgit?
679 1757 722 1796 Si
746 1772 823 1796 non
848 1759 1028 1808 resurgit,
1054 1759 1198 1797 salvum
1222 1773 1299 1798 non
1319 1767 1390 1799 est.
1429 1759 1474 1799 Si

143 1831 220 1857 nou
245 1824 307 1857 est
331 1824 371 1856 et
394 1818 552 1863 salvum,
584 1817 765 1867 accipere
792 1828 932 1866 corpus
957 1827 980 1853 a
1005 1813 1079 1853 deo
1111 1829 1187 1854 non
1212 1824 1353 1868 potest.
1393 1816 1474 1856 Sed

143 1876 244 1915 enim
272 1874 418 1914 salvum
450 1874 552 1912 omni
583 1871 697 1910 modo
730 1878 894 1910 constat.
959 1870 1023 1910 Ad
1048 1871 1139 1924 quid
1163 1885 1260 1925 ergo
1285 1873 1392 1913 dabit
1416 1876 1474 1913 illi

142 1932 239 1972 deus
275 1939 390 1985 prout
424 1931 505 1970 vult
542 1943 700 1981 corpus,
738 1929 895 1968 habenti
930 1930 1061 1981 utique
1098 1932 1293 1982 proprium
1331 1945 1472 1984 corpus

143 1989 237 2030 illud
262 1989 413 2036 nudum,
440 1989 512 2026 nisi
538 1994 579 2025 ut
597 1988 671 2025 iam
691 2000 767 2025 non
787 1985 925 2025 nudum
944 1989 1146 2038 resurgat?
1177 1987 1283 2039 Ergo
1302 1988 1473 2028 additum

144 2049 233 2095 erit,
260 2046 362 2099 quod
383 2046 538 2097 corpori
563 2045 850 2096 superstruitur,
876 2057 949 2083 nee
974 2045 1253 2084 exterminatur
1276 2046 1383 2093 illud,
1410 2047 1473 2086 cui

145 2105 434 2157 superstruitur,
460 2102 528 2141 sed
547 2109 722 2154 augetur.
761 2100 915 2140 Salvum
935 2107 994 2140 est
1011 2109 1151 2150 autem,
1173 2102 1274 2154 quod
1294 2111 1470 2155 augetur.

146 2161 300 2201 Seritur
330 2162 430 2199 enim
462 2158 698 2198 solummodo
729 2172 888 2211 granum
919 2159 1195 2198 sine.folliculi
1225 2167 1353 2207 veste,
1389 2161 1471 2199 sine

146 2218 392 2258 fundamento
423 2218 573 2269 spicae,
611 2218 692 2256 sine
722 2217 953 2255 munimento
985 2217 1147 2263 aristae,
1178 2218 1261 2255 sine
1293 2216 1473 2268 superbia

146 2277 274 2315 culmi.
335 2276 519 2326 Exsurgit
542 2281 668 2313 autem
694 2275 807 2326 copia
831 2274 1086 2321 foeneratum,
1114 2275 1339 2325 compagine
1364 2273 1472 2313 aedi-

147 2334 319 2380 ficatum,
358 2331 492 2371 ordine
531 2338 734 2379 structum,
772 2331 878 2370 cultu
911 2331 1093 2370 munitum
1131 2337 1171 2369 et
1203 2343 1470 2383 usquequaque

243 2483 278 2522 1)
304 2483 355 2512 lta
375 2481 449 2513 cod.
468 2481 666 2519 Wouweri;
690 2480 797 2511 Rhen.
822 2489 978 2521 nonne,
1010 2480 1148 2510 deinde:
1180 2489 1331 2510 numne
1363 2480 1472 2511 vivi-

149 2528 327 2567 ficatur3
353 2528 428 2568 Rig.
452 2536 533 2558 non
559 2525 873 2558 vivificabitur.
967 2526 1005 2566 2)
1032 2526 1280 2566 lcor.15,36.
1375 2524 1414 2568 3)
1427 2525 1471 2557 ib.

150 2583 182 2605 v.
196 2575 250 2606 3⁸1.
344 2575 382 2614 4)
409 2574 454 2605 ib.
469 2583 499 2604 v.
517 2574 572 2604 37.
585 2574 640 2604 38.
