1566 2808
354 214 876 247 ADV.MARC10NEM
910 213 1087 245 ΙΛΒΕΒ
1122 214 1150 245 1.
1346 209 1408 247 21

80 314 163 355 tnr3
199 318 295 359 ergo
324 319 398 346 nec
431 307 651 356 offenditur,
715 305 794 346 Sed
826 320 901 344 non
934 304 1160 353 offenditur3
1199 316 1294 356 crgo
1333 317 1406 343 nec

80 363 250 406 laeditur
269 364 447 405 voluntas
473 367 574 412 eius,
603 378 687 404 cnm
714 365 773 411 fit,
801 363 903 416 quod
930 364 1014 402 fieri
1039 363 1173 409 noluit,
1201 369 1240 401 et
1265 362 1307 400 fit
1331 362 1406 400 iam

81 420 263 461 delictum
294 421 503 461 secundum
533 423 768 461 voluntatem
795 423 896 467 eius,
936 422 1024 473 quia
1048 434 1124 459 non
1157 420 1199 458 fit
1223 418 1407 458 adversus

79 480 334 527 voluntatem,
373 479 473 532 quod
506 493 582 518 non
613 479 733 519 laedit
763 480 1012 518 voluntatem.
1072 477 1152 516 Aut
1176 478 1208 516 si
1234 477 1307 516 hoc
1333 477 1410 516 erit

80 535 234 576 divinae
265 537 416 576 virtutis
453 538 532 576 sive
569 537 772 584 honitatis,
811 537 914 575 nolle
947 535 1098 588 quidem
1136 535 1221 574 fieri
1253 541 1293 573 et
1316 548 1408 587 pro-

79 593 216 633 hibere
249 593 352 642 fieri,
391 608 468 632 non
494 596 639 634 moveri
672 602 816 641 tamen,
855 596 888 633 si
919 594 1003 632 ssat:
1043 592 1203 631 dicimus
1228 593 1302 631 iam
1327 606 1409 630 mo-

80 658 160 690 tum
185 663 271 690 esse
297 650 420 698 illum,
448 653 510 704 qui
536 653 675 699 noluit,
709 659 749 691 et
778 665 876 690 vane
901 660 978 694 non
1003 651 1150 689 moveri
1175 648 1225 688 ad
1250 650 1407 699 factum,

81 709 144 761 qui
169 715 304 747 notus
318 710 367 747 sit
392 707 440 747 ad
466 722 542 747 non
573 709 810 755 faciendum,
837 707 988 760 quando
1015 708 1138 746 noluit
1162 707 1277 745 fieri.-
1324 705 1408 744 Νο-

79 765 196 805 lendo
228 766 328 804 enim
359 765 574 823 prohibuit3
614 779 690 803 non
723 767 823 804 enim
850 772 890 803 et
919 764 1103 803 iudicavit
1128 762 1295 803 nolendo
1323 764 1409 802 fieri

80 821 294 861 etidcirco
320 816 588 875 prohibendo?
646 821 737 861 Non
768 821 987 860 faciendum
1020 823 1120 860 enim
1153 820 1355 860 iudicavit
1369 828 1410 860 et

78 879 362 933 prohibendum
399 880 671 932 pronuntiavit.
733 879 839 931 Ergo
875 887 916 918 et
946 879 1012 917 ille
1044 880 1118 917 iam
1143 878 1302 917 iudicat.
1364 877 1408 917 Si

72 937 275 989 'indignum
313 945 390 985 est,
429 937 543 976 deum
572 937 766 984 iudicare,
806 944 871 975 aut
901 938 933 975 si
964 944 1124 976 eatenus
1156 935 1311 987 dignum
1349 943 1409 975 est

80 994 191 1034 deum
217 993 403 1045 iudicare,
419 1009 503 1047 >qua
523 993 785 1035 tantummodo
811 995 909 1033 nolit
933 1001 974 1033 et
997 994 1220 1046 prohiheat3
1248 1008 1324 1033 non
1350 1001 1408 1033 et-

79 1053 154 1094 iam
181 1051 364 1092 defendat
395 1052 611 1092 admissum.
661 1052 807 1104 Atquin
838 1053 931 1091 nihil
969 1050 1043 1090 deo
1082 1059 1159 1094 tam
1197 1051 1406 1103 indignum,

80 1123 191 1162 quam
216 1122 293 1149 non
318 1112 495 1163 exsequi,
523 1109 625 1162 quod
650 1111 774 1149 noluit
805 1117 844 1148 et
867 1109 1064 1162 prohibuit
1089 1108 1257 1147 admitti:
1283 1110 1407 1160 primo

81 1166 464 1220 quodqualieunque
490 1169 707 1207 sententiae
739 1180 830 1206 suae
862 1174 902 1205 et
927 1168 1006 1217 legi
1032 1166 1175 1205 debeat
1198 1165 1407 1204 vindictam

79 1226 120 1264 in
162 1226 433 1263 auctoritatem
471 1232 511 1263 et
548 1225 722 1276 obsequii
759 1225 1055 1271 *necessitatemg
1104 1222 1275 1262 secundo
1320 1224 1408 1275 quia

80 1283 269 1321 aemulum
301 1283 350 1321 sit
380 1295 542 1321 necesse
575 1289 671 1329 est,·
692 1281 792 1334 quod
814 1282 951 1320 ‘noluit‘
975 1280 1125 1319 admitti
1162 1287 1202 1319 et
1238 1280 1406 1319 nolendo

79 1339 298 1392 prohibuit,
337 1340 437 1378 malo
469 1346 596 1378 autem
627 1352 791 1391 parcere
823 1338 935 1378 deum
965 1338 1159 1388 indignius
1190 1339 1257 1384 sit,
1296 1351 1408 1389 quam

81 1395 408 1443 animadvertere,
447 1404 488 1435 et
513 1396 664 1448 quidem
690 1395 765 1434 deo
792 1397 954 1447 optimo,
982 1396 1045 1447 qui
1071 1408 1147 1432 non
1172 1395 1268 1433 alias
1291 1396 1406 1447 plene

79 1453 203 1493 b'onus
233 1455 300 1501 sit,
339 1454 412 1492 nisi
443 1454 537 1492 mali
564 1453 751 1500 aemulus,
793 1454 846 1491 uti
877 1452 970 1491 boni
1001 1465 1171 1491 amorem
1198 1450 1290 1490 'odio
1316 1452 1407 1491 mali

81 1518 286 1559 exerceat,
314 1518 360 1550 ut
383 1512 475 1550 boni
499 1511 657 1550 tutelam
690 1511 975 1563 expugnatione
1007 1510 1096 1548 mali
1120 1510 1289 1561 impleat.

127 1610 133 1616 ,
195 1573 264 1611 27.
327 1568 406 1608 Sed
442 1568 589 1608 iudicat
629 1569 744 1621 plane
786 1568 925 1606 malum
963 1567 1131 1606 nolendo
1176 1574 1217 1606 et
1252 1566 1408 1606 damnat

79 1625 343 1680 prohibendo,
372 1626 528 1665 dimittit
552 1633 679 1666 autem
705 1640 781 1665 non
806 1624 1039 1664 vindicando
1073 1632 1113 1663 et
1137 1625 1303 1663 absolsit
1329 1639 1406 1663 non

80 1683 288 1736 puniendo.
350 1684 381 1725 Ο
413 1668 526 1723 deum
556 1685 734 1733 veritatis
765 1684 1139 1735 praevaricatorem!
1185 1684 1403 1722 sententiae

81 1754 174 1780 suae
211 1742 620 1793 circumscriptoreml-
679 1741 807 1779 Timet
843 1740 1047 1787 damnare,
1092 1739 1193 1791 quod
1238 1739 1405 1786 damnat,

81 1799 192 1836 timet
216 1797 363 1844 odisse,
391 1798 492 1848 quod
518 1811 594 1835 non
619 1805 740 1843 amat,
767 1799 909 1835 factum
941 1798 1050 1842 sinit,
1090 1796 1191 1847 quod
1212 1796 1303 1835 fieri
1328 1810 1407 1835 non

81 1856 184 1902 sinit,
211 1855 354 1893 mavult
374 1853 594 1913 ostendere,
622 1853 711 1905 quid
737 1855 846 1899 nolit,
873 1867 982 1905 quam
1007 1853 1189 1905 probare.
1221 1853 1305 1892 Hoc
1331 1856 1408 1893 erit

80 1912 232 1951 bonitas
268 1912 513 1964 imaginaria,
551 1910 775 1963 disciplina,
814 1911 1056 1962 phantasma,
1095 1918 1136 1954 et
1166 1911 1249 1962 ipsa
1280 1918 1406 1950 trans-

79 1970 275 2009 functoria
305 1976 536 2022 praecepta,
574 1981 711 2008 secura
741 1967 900 2007 delicta.
959 1967 1123 2024 Audite,
1158 1976 1404 2035 peccatores,

81 2027 219 2080 quique
245 2026 413 2066 nondum
438 2027 512 2065 hoc
538 2027 651 2074 estis,
684 2033 726 2064 ut
751 2039 836 2065 esse
861 2026 1036 2082 possitis!
1064 2025 1158 2065 deus
1184 2027 1358 2065 melior
1347 2041 1405 2065 ιιι-

79 2091 216 2124 ventus
252 2091 330 2132 est,
369 2085 431 2136 qui
457 2096 529 2123 nec
557 2083 765 2122 offenditur
788 2096 861 2122 nec
887 2083 1069 2122 irascitur
1092 2097 1165 2122 nec
1191 2084 1404 2132 ulciscitur,

82 2143 146 2181 cui
182 2143 304 2182 nullus
340 2139 446 2193 ignis
479 2142 657 2194 coquitur
691 2143 731 2180 in
763 2141 959 2193 gehenna,
998 2142 1071 2180 cui
1085 2141 1210 2180 nullus
1236 2140 1406 2182 dentium

81 2197 244 2244 frendor
268 2200 402 2239 horret
432 2200 470 2238 in
497 2199 754 2238 exterioribus
778 2199 970 2246 tenebris;
1006 2199 1131 2240 bonus
1155 2206 1301 2238 tantum
1327 2207 1401 2238 est.

81 2251 261 2308 Denique
293 2257 474 2309 prohibet
509 2256 752 2309 delinquere,
790 2256 860 2295 sed
890 2257 1014 2295 literis
1045 2257 1150 2295 solis.
1218 2257 1261 2295 In
1296 2256 1406 2295 vobis

82 2321 159 2361 est,
197 2315 231 2352 si
260 2315 388 2353 velitis
418 2312 473 2352 illi
506 2314 727 2366 obsequium
759 2314 1003 2365 subsignare,
1041 2321 1084 2351 ut
1112 2314 1297 2351 honorem
1329 2312 1404 2352 deo

81 2371 259 2411 babuisse
289 2369 514 2419 videamini3
554 2373 729 2411 timorem
759 2373 859 2411 enim
891 2385 968 2409 non
998 2371 1090 2410 vult.
1149 2370 1278 2422 Atque
1303 2369 1404 2410 adeo

81 2441 175 2483 prae
200 2441 242 2468 se
273 2429 402 2468 ferunt
426 2427 701 2476 Marcionitae,
739 2428 842 2480 qnod
873 2428 986 2467 deum
1016 2441 1122 2467 suum
1148 2429 1301 2467 omnino
1327 2442 1404 2467 non

80 2487 255 2531 timeant.
314 2486 441 2525 Malus
463 2492 608 2532 autem,
648 2486 839 2537 inquiunt,
877 2486 1090 2534 timebitur,
1127 2485 1251 2524 bonus
1275 2493 1404 2526 autem

82 2543 279 2596 diligetur.
342 2541 486 2590 Stulte,
527 2556 637 2595 quem
670 2542 861 2581 dominum
886 2544 1076 2595 appellas,
1120 2556 1240 2594 negas
1266 2545 1404 2584 timen-

84 2600 189 2649 dum,
230 2615 314 2640 cum
351 2601 426 2640 hoe
458 2614 596 2641 nomen
627 2601 830 2654 potestatis
861 2601 910 2640 sit
935 2602 1050 2640 etiam
1076 2600 1294 2643 timendae?
1350 2602 1404 2642 At
