1604 2800
196 192 227 228 ᾖ
562 189 690 223 ADv.
734 188 1167 220 HERMOGENEM.

196 284 386 323 dominum
413 281 461 321 de
488 287 609 320 semet
631 283 713 333 ipso
742 282 882 320 fecisse
909 287 1047 320 cuncta
1073 286 1140 318 aut
1165 277 1213 317 de
1239 277 1359 316 nihilo
1385 283 1450 316 ant
1475 276 1524 317 de

196 342 344 392 aliquo,
378 346 435 386 ut,
464 353 546 378 cum
575 338 789 377 ostenderit
814 352 937 390 neque
964 352 1012 377 ex
1038 344 1161 376 semet
1178 337 1262 388 ipso
1287 335 1430 374 fecisse
1455 348 1526 387 po-

196 400 312 437 tuisse
339 411 462 450 neque
490 410 539 436 ex
570 397 702 443 nihilo,
736 395 836 448 quod
863 402 1039 448 superest
1064 393 1204 433 exinde
1231 393 1446 439 confirmet,
1477 405 1527 432 ex

195 457 322 508 aliquo
350 468 434 494 eum
463 455 615 500 fecisse,
643 461 757 505 atque
790 455 842 492 ita
868 452 1011 505 aliquid
1044 451 1136 490 illud
1170 451 1368 489 materiam
1393 450 1525 490 fuisse.

194 513 325 564 Negat
338 513 441 551 illum
467 525 517 551 ex
542 518 664 550 semet
689 513 771 563 ipso
799 513 930 550 facere
953 510 1135 563 potuisse,
1163 509 1251 560 quia
1275 514 1410 559 partes
1435 507 1528 560 ipsi-

193 585 237 609 us
274 571 453 617 fuissent,
494 582 744 622 quaecunque
777 582 826 607 ex
863 575 985 607 semet
1016 569 1100 619 ipso
1140 567 1301 605 fecisset
1331 564 1526 612 dominus3

194 641 312 680 porro
340 629 377 666 in
403 634 533 679 partes
559 640 633 665 non
662 626 845 665 devenire
872 633 912 664 ut
938 624 1209 664 indivisibilem
1239 630 1280 662 et
1311 621 1527 663 indemuta-
1563 658 1572 669 x

194 686 309 724 bilem
348 692 388 723 et
413 684 575 724 eundem
613 697 790 736 semper,
835 697 907 736 qua
946 682 1133 721 dominus.
1196 681 1377 720 Ceterum
1414 681 1447 719 si
1479 679 1527 719 de

195 749 316 780 semet
353 742 435 792 ipso
473 742 632 780 fecisset
668 739 830 792 aliquid,
869 742 987 792 ipsius
1024 740 1160 778 fuisset
1188 737 1345 791 aliquid.
1407 737 1527 780 Omne

195 806 341 844 autem,
369 805 409 836 et
434 796 534 849 quod
562 798 673 836 fieret
699 805 738 836 et
764 797 863 848 quod
890 798 1059 843 faceret,
1087 797 1352 847 imperfectum
1379 795 1525 835 haben-

195 855 307 902 dum,
348 856 434 906 quia
472 868 522 893 ex
552 862 660 906 parte
694 855 829 900 fieret,
868 860 907 892 et
939 867 988 892 ex
1019 859 1128 905 parte
1161 853 1323 891 faceret.
1385 853 1464 892 Aut
1493 853 1526 891 si

194 920 297 951 totus
324 919 442 950 totum
469 913 645 959 fecisset,
685 913 919 964 oportuisset
950 912 1053 949 illum
1086 910 1194 948 simul
1227 916 1267 948 et
1293 916 1411 948 totum
1439 922 1525 948 esse

195 977 235 1008 et
260 983 335 1008 non
361 977 500 1016 totum,
541 970 625 1021 quia
654 976 855 1022 oporteret
881 976 919 1008 et
946 975 1064 1006 totum
1092 980 1197 1014 esse,
1224 974 1266 1005 ut
1289 967 1439 1005 faceret
1465 979 1526 1006 se-

194 1035 272 1066 met
292 1029 426 1078 ipsum,
453 1034 492 1064 et
513 1033 633 1065 totum
656 1040 731 1064 non
753 1040 852 1074 esse,
879 1033 920 1064 ut
942 1026 1054 1064 fieret
1067 1023 1115 1063 de
1130 1024 1363 1076 semetipso.
1403 1023 1525 1063 Porro

194 1084 471 1123 difficillimum:
499 1085 531 1122 si
562 1085 662 1122 enim
689 1091 805 1131 esset,
833 1097 908 1122 non
934 1083 1064 1130 fieret,
1097 1088 1202 1121 esset
1227 1081 1347 1129 enim;
1373 1082 1406 1120 si
1430 1094 1524 1121 vero

194 1156 268 1180 non
295 1148 417 1187 esset,
451 1155 526 1179 non
552 1142 721 1187 faceret,
756 1143 843 1193 quia
870 1141 962 1179 nihil
988 1148 1105 1180 esset.
1166 1138 1261 1178 Eum
1287 1145 1435 1186 autem,
1462 1139 1524 1191 qui

193 1212 346 1251 semper
375 1200 443 1245 sit,
483 1212 558 1237 non
591 1199 692 1246 fieri,
737 1197 805 1237 sed
836 1211 922 1238 esse
956 1198 1059 1237 illum
1092 1198 1130 1236 in
1163 1210 1297 1236 aevum
1328 1209 1523 1236 aevorum.

194 1257 316 1308 lgitur
364 1270 439 1295 non
485 1255 532 1295 de
576 1264 698 1295 semet
740 1258 823 1309 ipso
867 1256 1008 1295 fecisse
1046 1256 1177 1302 illum,
1226 1255 1289 1307 qui
1326 1268 1404 1293 non
1441 1255 1524 1301 eius

193 1315 349 1363 fieret1)
378 1313 623 1361 conditionis,
649 1321 691 1353 ut
716 1314 763 1353 de
790 1322 913 1354 semet
932 1315 1014 1366 ipso
1040 1314 1174 1353 facere
1199 1313 1401 1365 potuisset.
1429 1311 1524 1351 Pro-

193 1369 281 1408 inde
308 1383 358 1408 ex
383 1371 500 1409 nihilo
527 1384 602 1408 non
627 1373 798 1422 potuisse
819 1384 903 1410 eum
924 1372 1057 1410 facere
1072 1372 1128 1410 sic
1143 1369 1357 1418 contendit,
1383 1369 1523 1408 bonum

193 1433 233 1465 et
259 1428 438 1478 optimum
466 1426 652 1466 definiens
679 1427 889 1474 dominum,
923 1429 986 1479 qui
1010 1429 1113 1467 bona
1137 1428 1422 1480 atqueoptima
1446 1434 1522 1466 tam

192 1484 286 1522 velit
309 1484 456 1529 facere,
484 1496 592 1534 quam
619 1485 686 1531 sit3
713 1485 788 1522 imo
815 1485 907 1523 nihil
934 1498 1009 1522 non
1034 1485 1175 1523 bonum
1199 1492 1315 1536 atque
1341 1486 1521 1537 optimum

193 1547 234 1580 et
256 1540 356 1579 velle
383 1553 468 1578 eum
495 1547 534 1579 et
558 1541 704 1579 facere.
744 1540 866 1592 Igitur
891 1542 1017 1579 omnia
1042 1541 1088 1579 ab
1121 1554 1169 1579 eo
1195 1541 1297 1579 bona
1322 1549 1362 1580 et
1381 1542 1520 1593 optima

194 1599 409 1650 oportuisse
436 1597 518 1636 fieri
545 1597 753 1637 secundum
780 1598 1040 1637 conditionem
1068 1599 1199 1650 ipsiuS.
1262 1597 1430 1637 Inveniri
1455 1611 1520 1637 au-

191 1663 268 1694 tem
307 1662 347 1694 et
377 1655 476 1693 mala
507 1655 554 1693 ab
587 1668 634 1693 eo
666 1656 789 1702 facta,
828 1657 958 1708 utique
991 1669 1066 1694 non
1099 1669 1148 1694 ex
1179 1654 1341 1694 arbitrio
1374 1669 1446 1694 nec
1473 1668 1523 1694 ex

191 1713 402 1759 voluntate,
430 1713 517 1764 quia
543 1713 575 1751 si
601 1725 651 1751 ex
675 1713 836 1751 arbitrio
859 1721 899 1752 et
915 1714 1126 1760 voluntate,
1154 1712 1247 1750 nihil
1262 1712 1523 1764 incongruens

191 1777 231 1808 et
256 1769 451 1821 indignum
477 1770 549 1808 sibi
575 1770 738 1809 faceret.
802 1770 912 1818 Quod
938 1783 1035 1822 ergo
1067 1783 1143 1808 non
1169 1769 1332 1809 arbitrio
1358 1771 1519 1809 suo—fe-

191 1829 304 1874 cerit,
330 1827 495 1878 intelligi
522 1834 705 1879 oportere
732 1840 781 1867 ex
805 1828 899 1867 vitio
925 1828 1086 1867 alicuius
1112 1828 1171 1867 rei
1194 1827 1351 1876 factum,
1378 1840 1427 1867 ex
1441 1840 1520 1867 ma-

189 1885 288 1922 teria
314 1897 399 1923 esse
425 1885 506 1923 sine
533 1883 664 1924 dubio.

305 1945 345 1983 3.
394 1940 543 1980 Adiicit
568 1949 608 1980 et
631 1941 753 1981 aliud:
786 1941 898 1981 deum
925 1956 1079 1995 semper
1103 1941 1230 1990 deum,
1257 1942 1371 1980 etiam
1398 1941 1521 1981 domi-

191 2010 277 2035 num
302 1998 418 2036 fuisse
445 2012 632 2051 nunquam
658 2013 734 2038 non
760 1998 885 2039 deum.
923 1999 1040 2040 Nullo
1065 2013 1183 2053 porro
1209 1998 1324 2038 modo
1348 2000 1520 2052 potuisse

191 2055 295 2093 illum
321 2068 472 2106 semper
497 2055 689 2094 dominum
714 2056 861 2104 haberi,
889 2059 990 2097 sicut
1015 2065 1055 2097 et
1074 2070 1226 2110 semper
1245 2055 1371 2104 deum,
1398 2058 1520 2095 sinon

191 2113 327 2150 fuisset
357 2111 500 2164 aliquid
533 2120 639 2152 retro
671 2127 840 2166 semper,
881 2117 987 2154 cuius
1020 2128 1174 2167 semper
1198 2113 1374 2153 dominus
1399 2113 1519 2153 habe-

190 2175 309 2207 retur.
371 2169 502 2208 Fuisse
528 2171 657 2222 itaque
684 2173 880 2211 materiam
912 2185 1065 2225 semper
1089 2171 1163 2212 deo
1190 2170 1359 2211 domino.
1410 2170 1517 2211 Hanc
1584 2198 1588 2203 ,

192 2227 455 2265 coniecturam
482 2227 564 2265 eius
589 2228 663 2266 iam
690 2229 777 2267 hinc
804 2228 1004 2270 destruere
1036 2229 1275 2283 properabo,
1313 2242 1423 2281 quam
1450 2228 1517 2268 ha-

190 2291 325 2322 ctenus
349 2291 511 2336 propter
537 2298 611 2323 non
643 2285 904 2338 intelligentes
934 2287 1125 2327 adiecisse
1157 2286 1268 2334 duxi,
1306 2293 1347 2325 ut
1377 2287 1514 2332 sciant,

190 2348 323 2380 cetera
348 2354 497 2393 quoque
523 2350 747 2394 argumenta
779 2351 854 2384 tam
885 2346 1050 2397 intelligi
1081 2358 1191 2397 quam
1216 2345 1378 2384 revinci.
1443 2342 1514 2382 Dei

190 2410 328 2436 nomen
354 2397 514 2437 dicimus
539 2412 692 2451 semper
717 2401 834 2441 fuisse
866 2402 966 2454 apud
998 2409 1121 2442 semet
1158 2404 1279 2454 ipsum
1310 2407 1350 2440 et
1380 2401 1419 2438 in
1451 2413 1514 2439 se—

192 2461 267 2491 met
282 2456 379 2506 ipso,
406 2454 598 2495 dominum
618 2470 713 2497 vero
735 2472 811 2497 non
826 2473 996 2513 semper3
1024 2459 1178 2500 diversa
1196 2459 1296 2499 enim
1316 2459 1514 2509 utriusque

283 2577 320 2620 1)
348 2580 409 2610 Ed.
423 2581 543 2622 Fran„
563 2583 637 2624 Rig.
663 2585 808 2617 fuerit.
