1604 2800
684 128 757 160 1)ss
786 129 983 161 amma,
1390 130 1501 169 ρης,

184 218 353 272 losopbi3
379 232 427 258 ne
453 219 491 258 ni
515 216 666 272 quidem
691 233 836 259 omnes.
896 220 1006 258 Plato
1030 219 1182 258 scilicet
1205 220 1308 259 solus
1332 221 1371 260 in
1394 229 1501 263 tanta

183 278 352 329 gentium
377 277 484 324 silva,
515 277 553 315 in
579 283 685 315 tanto
709 277 934 328 sapientium
961 283 1084 328 prato,
1110 276 1281 316 idearum
1299 285 1341 316 et
1358 280 1499 321 oblitus

183 341 225 373 et
254 332 479 373 recordatus
510 340 585 373 est.
659 334 780 385 Igitur
815 334 847 372 si
885 334 987 372 nullo
1024 333 1138 372 modo
1175 336 1350 373 consistit
1384 349 1499 388 argu-

183 392 366 430 mentatio
404 390 485 429 ista‘
512 391 738 443 praecipua,
777 398 895 429 totum
932 390 1021 429 illud
1054 391 1199 443 pariter
1228 404 1401 431 eversum
1426 401 1497 439 est,

184 448 245 486 cui
269 446 560 487 accommodata
585 454 656 494 est,
681 455 724 486 nt
746 448 893 487 animae
919 455 959 487 et
978 449 1131 487 innatae
1150 449 1247 487 etin
1267 450 1499 488 coelestibus

183 511 433 543 conversatae
458 512 499 543 ct
524 506 703 544 consciae
736 504 946 543 divinorum
977 505 1056 543 illic
1087 512 1128 543 et
1157 504 1244 543 inde
1276 505 1429 545 delatae
1459 514 1500 545 et

182 560 250 600 hie
269 561 498 600 recordatae
531 561 783 600 crederentur
812 561 861 600 ad
892 562 1119 600 occasiones
1148 561 1260 614 plane
1291 562 1498 602 haereticis

181 617 533 657 subministrandas.

294 678 363 717 25.
379 674 418 726 ¹)
466 675 543 714 Iam
568 689 668 714 nunc
692 674 895 726 regrediar
914 674 963 714 ad
983 687 1153 714 caussam
1173 675 1282 714 huius
1302 688 1496 722 excessus,

180 739 223 771 ut
246 731 422 778 reddam,
455 731 645 783 quomodo
671 733 818 771 animae
844 745 893 770 ex
917 746 991 770 una
1015 731 1248 777 redundent,
1282 731 1432 783 quando
1458 739 1499 770 et

178 788 244 827 ubi
269 795 310 827 et
333 800 382 826 ex
406 801 478 839 qua
505 789 654 826 ratione
679 796 885 834 sumantur,
918 787 966 826 de
992 802 1063 839 qua
1089 789 1219 839 specie
1244 785 1335 826 nibil
1363 788 1496 833 refert,

176 843 456 896 aphilosopbo,
482 857 529 881 an
554 844 600 881 ab
627 843 839 890 haeretico,
865 857 911 882 an
933 857 955 882 a
974 845 1086 895 vulgo
1110 845 1282 895 quaestio
1304 852 1496 882 occurrat.

181 899 295 940 Nulla
330 901 492 940 interest
527 901 807 952 professoribus
842 901 1016 939 veritatis
1052 900 1100 939 de
1136 900 1377 939 adversariis
1402 902 1496 947 eius,

178 959 341 998 maxime
361 965 436 996 tam
455 956 675 1004 audacibus,
702 971 811 1009 quam
830 964 917 995 sunt
930 959 1049 1009 primo
1065 959 1138 1003 isti,
1166 959 1227 1008 qni
1242 965 1496 1008 praesumunt,

178 1028 256 1065 non
286 1015 326 1052 in
357 1021 468 1052 utero
500 1015 653 1065 concipi
683 1015 864 1059 animam,
897 1026 969 1052 nec
1001 1027 1085 1052 cum
1117 1015 1244 1052 carnis
1275 1014 1495 1064 figulatione

179 1072 372 1122 compingi
397 1077 510 1121 atque
535 1069 716 1121 produci,
747 1069 815 1108 sed
840 1070 961 1108 effuso
987 1071 1060 1108 iam
1085 1077 1195 1121 partu
1221 1070 1385 1108 nondum
1409 1071 1495 1107 vivo

178 1127 316 1166 infanti
345 1128 583 1165 extrinsecus
613 1127 788 1177 imprimi.
854 1126 1034 1164 Ceterum
1064 1139 1193 1165 semen
1218 1139 1267 1164 ex
1291 1126 1496 1164 concubitu

180 1183 426 1222 muliebribus
457 1184 553 1221 loeis
583 1190 859 1234 sequestratum
885 1190 1063 1234 motuque
1089 1183 1252 1221 naturali
1276 1189 1495 1234 vegetatum

180 1241 519 1292 compinguescere
552 1241 589 1278 in
620 1240 739 1278 solam
770 1239 1019 1277 substantiam
1050 1241 1193 1285 carnis,
1226 1252 1308 1278 eam
1340 1238 1495 1286 editam,

178 1303 221 1336 et
243 1296 291 1336 de
316 1304 415 1336 uteri
441 1298 599 1335 fornace
626 1297 829 1334 fumantem
854 1303 895 1334 et
918 1297 1049 1334 calore
1074 1297 1254 1342 solutam,
1289 1303 1330 1333 ut
1352 1296 1496 1334 ferrum

177 1355 336 1405 ignitum
363 1361 403 1392 et
426 1353 565 1392 ibidem
596 1352 760 1403 frigidae
786 1354 1013 1398 immersum,
1045 1353 1099 1390 ita
1123 1354 1226 1390 ae'ris
1250 1354 1382 1403 rigore
1406 1365 1496 1404 per-

178 1422 325 1450 cussam
351 1418 391 1448 et
412 1423 487 1448 vim
511 1411 711 1448 animalem
735 1422 872 1460 rapere
898 1416 939 1446 et
961 1409 1133 1447 vocalem
1157 1421 1291 1447 sonum
1315 1407 1494 1447 reddere.

177 1466 264 1506 Roc
277 1465 401 1521 Stoici
415 1480 499 1505 cum
512 1466 785 1512 Aenesidemo,
811 1472 852 1503 et
874 1467 956 1516 ipse
982 1464 1170 1503 interdum
1184 1465 1357 1513 Plato‚²)
1384 1478 1497 1517 quum

176 1523 275 1563 dicit
302 1522 463 1575 perinde
499 1524 661 1561 animam
699 1529 920 1561 extraneam
957 1521 1053 1560 alias
1089 1529 1130 1561 et
1164 1529 1358 1560 extorrem
1395 1522 1496 1560 uteri

174 1580 298 1633 prima
316 1581 551 1632 aspiratione
571 1581 764 1618 nascentis
777 1580 931 1617 infantis
945 1577 1096 1625 adduci,
1122 1579 1222 1616 sicut
1234 1579 1495 1629 exspiratione

175 1637 381 1676 novissima
411 1636 538 1675 educi.
597 1635 838 1680 Videbimus,
875 1648 923 1672 an
948 1635 1176 1672 sententiam
1201 1634 1367 1672 finxerit.
1432 1633 1495 1673 Ne

176 1706 229 1732 ex
251 1692 410 1731 medicis
435 1692 584 1743 quidem
611 1691 733 1730 defuit
756 1691 944 1736 Hicesius,
975 1697 1015 1728 et
1038 1697 1195 1728 naturae
1220 1697 1262 1728 et
1285 1691 1378 1728 artis
1402 1702 1494 1728 suae

176 1749 478 1801 praevaricator.
549 1746 704 1793 Puduit,
741 1747 909 1797 opinor„
934 1746 1020 1783 illos
1056 1746 1131 1784 boe
1167 1753 1355 1792 statuere,
1392 1745 1495 1797 qnod

176 1805 343 1844 feminae
372 1810 644 1854 agnoscerent.
710 1802 763 1840 At
793 1809 932 1853 quanto
964 1802 1184 1840 roboratior
1213 1803 1357 1847 exitus,
1388 1815 1410 1839 a
1435 1803 1494 1840 se-

177 1861 289 1900 minis
314 1861 478 1906 revinci,
509 1872 618 1911 quam
648 1859 828 1910 probari?
875 1858 918 1896 Iu
942 1859 1016 1896 ista
1039 1871 1201 1910 namque
1224 1859 1356 1910 specie
1380 1871 1492 1897 nemo

178 1925 255 1956 tam
285 1916 447 1956 idoneus
478 1917 678 1967 magister,
713 1915 877 1960 arbiter,
916 1916 1041 1961 testis,
1080 1928 1190 1967 quam
1219 1928 1332 1954 sexus
1362 1916 1492 1966 ipsius.

177 1973 436 2026 Respondete,
462 1981 617 2019 matres,
641 1985 783 2024 vosque
808 1979 1078 2024 praegnanteS,
1102 1984 1245 2023 vosque
1263 1984 1490 2024 puerperae,

175 2031 332 2073 ,steriles
350 2037 392 2070 et
408 2031 564 2069 masculi
584 2036 750 2075 taceant,
775 2036 926 2068 vestrae
946 2036 1104 2068 naturae
1122 2030 1266 2067 veritas
1279 2029 1488 2080 quaeritur,

177 2095 331 2127 vestrae
356 2088 542 2139 passionis
572 2085 666 2125 fides
697 2086 940 2132 convenitur,
972 2099 1019 2124 an
1050 2086 1212 2137 aliquam
1236 2087 1275 2123 in
1299 2086 1380 2123 fetu
1404 2097 1492 2123 sen·

178 2145 283 2183 tiatis
311 2145 553 2182 vivacitatem
583 2143 746 2181 alienam
770 2141 818 2180 de
842 2150 989 2188 vestro,
1023 2141 1071 2180 de
1098 2156 1170 2193 quo
1196 2143 1383 2192 palpitent
1411 2141 1489 2186 ilia,

179 2201 322 2239 micent
347 2200 480 2245 latera,
506 2206 586 2237 tota
609 2200 752 2238 ventris
771 2199 925 2238 ambitio
945 2199 1127 2251 pulsetur,
1152 2198 1291 2249 ubique
1309 2195 1491 2248 ponderis

179 2258 291 2308 regio
315 2263 500 2303 mutetur;
525 2269 574 2294 an
598 2256 638 2294 hi
662 2262 784 2294 motus
808 2254 947 2306 gandia
968 2262 1096 2294 vestra
1120 2255 1206 2300 sint,
1232 2260 1272 2292 et
1297 2260 1405 2291 certa
1427 2265 1490 2291 se-

272 2405 409 2443 1).Cap.
430 2407 482 2435 25.
504 2406 557 2436 26.
576 2406 610 2434 et
629 2405 683 2434 2¹1.
702 2404 736 2433 in
756 2403 861 2434 Rhen.
879 2405 914 2434 et
932 2403 1005 2434 Get.
1025 2401 1097 2432 edd.
1122 2400 1289 2439 inscripta
1312 2399 1409 2430 nunt:
1431 2398 1490 2429 De

181 2454 394 2489 conceptu
427 2451 589 2480 animae
625 2450 829 2480 adversus
860 2458 947 2482 eos,
985 2448 1054 2485 qui
1085 2450 1179 2484 post
1204 2449 1366 2485 partum
1394 2452 1491 2475 cut-

182 2496 275 2535 pori
298 2505 383 2526 eam
409 2495 615 2525 inducunt
719 2492 1102 2536 2)1¹1at.1›hned.p.w.
