1624 2826
387 192 511 225 ADV.
547 194 910 225 MARCIONEM
946 194 1121 225 LIBER
1158 195 1197 224 V.
1370 191 1475 230 302

146 285 187 324 in
211 298 323 324 unum
349 299 484 326 novum
511 286 720 334 homiuem,
759 287 906 325 faciens
931 299 1085 339 pacem,
1126 287 1172 335 (si
1198 299 1290 325 vere
1323 299 1472 332 novum,

146 355 240 382 vere
270 350 311 382 et
340 343 550 391 hominem,
598 358 672 382 non
705 345 945 396 phantasma,
984 358 1121 383 novum
1153 351 1278 383 autem
1311 350 1350 382 et
1377 358 1474 383 nove

148 407 278 439 natum
302 413 352 440 ex
374 403 525 453 virgine
551 401 615 441 dei
640 402 809 454 spiritu,)
839 410 881 440 ut
904 402 1135 441 reconciliet
1159 402 1293 440 ambos
1319 400 1407 448 deo,
1434 396 1474 440 et

139 457 237 505 deo,
263 471 375 512 quem
398 466 599 512 utrumque
626 473 747 511 genus
774 459 1003 507 offenderat,
1030 467 1070 499 et
1097 459 1288 499 ludaicum
1316 467 1358 508 et
1371 459 1474 498 Gen-

147 516 253 555 tilem
289 517 468 569 populum
505 518 543 555 in
579 531 655 556 uno
689 531 875 569 corpore,
913 519 1052 570 inquit,
1091 531 1175 556 cum
1213 518 1474 556 interfecisset

145 573 382 614 inimicitiam
408 576 448 613 in
473 588 522 614 eo
547 588 618 627 per
643 577 856 623 crucem-¹)
914 575 971 614 Ita
997 583 1038 614 et
1062 576 1124 613 hic
1151 589 1243 614 caro
1270 589 1411 627 corpus
1435 577 1473 613 in

146 629 315 678 Christo,
341 631 445 684 quod
470 646 624 672 crucem
649 634 728 685 pati
754 634 890 685 potuit.
952 628 1036 672 Hoc
1067 634 1197 685 itaque
1222 632 1472 671 adnuntiante

145 701 280 740 pacem
306 691 376 737 eis,
403 691 466 742 qui
490 704 626 743 prope,
653 697 694 729 et
717 692 787 737 eis,
813 691 877 742 qui
902 691 1031 742 longe,
1059 703 1256 729 accessum
1271 692 1473 729 consecuti

144 746 253 785 simul
283 746 333 787 ad
364 754 526 799 patrem.
587 748 665 786 Iam
691 761 767 785 nou
792 761 919 786 sumus
951 748 1148 799 peregrini
1179 760 1252 785 nec
1279 746 1470 794 advenae,

143 802 215 843 sed
239 806 422 844 concives
446 811 685 851 sanctorum,
712 804 781 843 sed
807 804 1010 843 domestici
1036 804 1119 850 dei,
1146 805 1294 858 (utique
1321 806 1422 851 eius,
1450 819 1471 842 a

144 874 219 914 qno
244 874 359 914 supra
384 861 620 901 ostendimus
645 862 794 900 alienos
818 863 936 900 fuisse
963 876 1045 909 nos,
1072 869 1113 901 et
1139 862 1255 913 longe
1281 864 1471 901 constitu·-

142 920 248 970 tos,)
286 919 598 972 superaedificati
636 933 752 971 super
799 919 1083 959 fundamentum
1127 920 1405 971 apostolorum.
1428 921 1469 971 ²)

139 975 312 1016 Abstulit
340 978 580 1017 haereticus:
619 985 658 1016 et
683 978 975 1029 prophetarum,
1010 978 1154 1016 oblitus·
1176 976 1367 1016 dominum
1399 991 1470 1029 po-

142 1035 264 1075 suisse
288 1036 328 1074 in
353 1036 535 1082 eeclesia,
562 1037 662 1074 sicut
687 1031 898 1087 apostolos,
924 1036 978 1074 ita
1003 1043 1043 1074 et
1068 1035 1291 1087 prophetas.
1328 1035 1469 1074 Timuit

141 1093 314 1140 scilieet,
351 1106 399 1132 ne
425 1101 466 1132 et
495 1107 611 1145 super
634 1100 806 1132 veterum
832 1093 1104 1145 prophetarum
1130 1092 1376 1130 fundamenta
1403 1106 1469 1131 ae-

143 1147 314 1189 diti-:atio
338 1156 477 1189 nostra*
498 1157 696 1189 constaret
720 1152 759 1188 in
786 1150 960 1196 Christo,
975 1152 1012 1198 3)
1053 1163 1137 1188 cum
1163 1150 1245 1201 ipse
1271 1150 1468 1200 apostolus

142 1206 283 1259 ubique
308 1220 378 1245 nos
402 1207 451 1246 de
477 1208 676 1259 prophetis
701 1214 901 1245 exstruere
929 1221 1003 1245 uon
1030 1214 1169 1245 cesset.
1233 1205 1342 1245 Unde
1367 1208 1467 1245 enim

142 1265 320 1316 accepit,
359 1277 540 1303 summum
580 1263 743 1316 lapidem
782 1265 1005 1315 angularem
1043 1263 1176 1303 dicere
1215 1263 1465 1311 Christum,⁴)

141 1322 214 1360 nisi
251 1321 299 1360 de
337 1323 471 1374 psalmi
501 1323 807 1373 significatione:
852 1323 972 1374 lapis,
1011 1335 1122 1374 quem
1159 1322 1468 1372 reprobaverunt

141 1378 412 1425 aedificantes,
454 1381 527 1418 iste
558 1380 684 1418 factus
716 1386 775 1417 est
804 1380 843 1417 in
874 1392 1018 1417 summo
1050 1378 1241 1430 angeli.⁵)
1305 1379 1361 1417 De
1389 1391 1467 1416 rua-

140 1437 252 1477 nibus
281 1437 470 1476 baeretici
494 1436 756 1488 praecidentis
787 1450 863 1474 non
888 1438 1027 1482 miror,
1065 1437 1097 1475 si
1122 1436 1290 1489 syllabas
1315 1436 1466 1474 subtra-

139 1495 208 1542 bit,
233 1507 319 1534 cum
343 1495 504 1547 paginas
529 1501 630 1533 totas
656 1495 878 1546 plerumque
904 1493 1104 1533 subducat.

257 1556 321 1594 18.
372 1552 529 1599 Datam,
567 1553 707 1604 inquit,
746 1552 818 1590 sibi
845 1553 1042 1604 apostolus
1067 1554 1230 1604 gratiam
1257 1553 1462 1590 novissimo

139 1611 305 1650 omnium
340 1608 577 1649 illuminandi
615 1622 771 1656 omnes,
823 1623 920 1661 quae
957 1608 1193 1661 dispensatio
1232 1611 1464 1648 sacramenti

138 1668 283 1708 occulti
306 1667 355 1707 ab
380 1669 485 1706 aevis
510 1669 548 1705 in
574 1666 667 1714 deo,
690 1668 752 1719 qui
778 1668 905 1705 omnia
932 1664 1162 1714 condiditfl)
1208 1666 1347 1719 Rapuit
1372 1667 1466 1704 hae-

137 1726 284 1764 reticus
306 1725 347 1763 in
370 1726 709 1776 praepositionem,
736 1731 777 1762 et
801 1726 854 1762 ita
879 1725 958 1774 legi
983 1724 1096 1762 facit:
1123 1725 1267 1763 occulti
1292 1724 1340 1762 ab
1360 1725 1466 1761 aevis

138 1780 227 1828 deo,
253 1782 317 1833 qui
343 1782 469 1819 omnia
494 1780 680 1819 condidit.
744 1779 822 1818 Sed
848 1781 989 1818 emicat
1015 1781 1162 1819 falsum.
1217 1781 1338 1819 Infert
1363 1781 1462 1818 enim

137 1839 359 1891 apostolus:
396 1844 439 1876 ut
467 1844 559 1875 nota
591 1837 658 1874 fiat
686 1837 963 1888 principatibus
993 1844 1034 1875 et
1057 1837 1312 1889 potestatibus
1336 1840 1374 1875 in
1402 1850 1464 1875 su-

136 1895 445 1948 percoelestibus
466 1907 536 1947 per
549 1894 753 1933 ecelesiam
768 1894 973 1932 multifaria
993 1896 1180 1946 sapientia
1195 1894 1318 1942 dei-⁴¹)
1346 1894 1463 1933 Cuius

137 1953 233 1993 dicit
256 1953 534 2006 principatibus
558 1958 599 1990 et
622 1952 901 2003 potestatibus?
955 1951 997 1990 Si
1023 1953 1226 1999 creatoris,
1253 1953 1364 2004 quale
1390 1959 1463 1998 est,

137 2018 180 2050 nt
214 2010 493 2064 priucipatibus
525 2017 565 2048 et
594 2009 850 2061 potestatibus
881 2010 963 2048 eius
995 2009 1146 2060 ostendi
1176 2010 1344 2048 voluerit
1368 2009 1462 2048 dens

135 2069 202 2108 ille
225 2069 453 2120 sapientiam
478 2081 595 2114 suam,
609 2067 683 2118 ipsi
706 2074 832 2106 autem
858 2081 946 2114 uon,
974 2067 1125 2119 quando
1151 2080 1223 2106 nec
1249 2074 1463 2120 potestates

136 2124 220 2166 sine
248 2139 319 2164 suo
343 2127 518 2178 principe
550 2125 765 2176 potuissent
789 2124 878 2176 quid
903 2127 1178 2176 cognoscere?
1211 2125 1290 2164 Aut
1315 2126 1346 2163 si
1372 2124 1461 2163 ideo

136 2182 251 2222 deum
274 2196 352 2221 non
376 2183 586 2221 nominavit
610 2182 692 2228 hic,
725 2184 831 2234 qnasi
856 2184 894 2221 in
918 2183 995 2221 illis
1019 2190 1060 2221 et
1084 2185 1264 2235 princeps
1290 2184 1372 2233 ipse
1399 2195 1461 2220 re-

136 2247 314 2292 putetur,
353 2253 449 2291 ergo
482 2247 522 2278 et
552 2239 783 2278 occultatum
814 2247 1092 2279 sacramentum
1119 2239 1396 2292 principatibus
1422 2246 1462 2276 ct

134 2297 390 2350 potestatibus
414 2298 508 2344 eius,
536 2298 599 2349 qui
624 2297 748 2335 omnia
762 2296 949 2345 condidit,
975 2298 1270 2349 pronuntiasset,
1296 2295 1459 2347 proinde

135 2357 173 2394 in
204 2356 279 2394 illis
305 2355 491 2407 deputans
523 2356 656 2406 ipsum.
718 2354 860 2402 Quodsi
893 2356 968 2393 illis
998 2355 1094 2393 dicit
1119 2355 1372 2400 occultatum,
1403 2353 1460 2391 illi

135 2413 304 2453 debebat
340 2412 481 2450 dixisse
515 2412 765 2450 manifestum.
829 2412 931 2463 Ergo
963 2408 1039 2450 non
1077 2410 1151 2450 deo
1178 2418 1262 2450 erat
1288 2411 1460 2450 occulta·

288 2549 561 2591 Epu2‚15.16.
658 2548 964 2590 minnan—20.
1061 2550 1153 2590 3)n›.
1169 2559 1198 2580 v.
1214 2551 1267 2579 21.
1360 2548 1457 2589 mh,

137 2598 239 2630 v.2o.
335 2599 371 2638 5)
397 2598 450 2628 Ps.
468 2598 543 2637 118,
561 2598 614 2628 22.
711 2595 749 2638 o)
775 2595 862 2635 Eph.
878 2597 909 2635 3,
926 2597 1002 2627 ao.
1096 2596 1307 2634 nutum.

1086 2650 1171 2693 20*
