1624 2826
166 200 271 238 280
441 199 566 232 ADV.
602 197 967 229 MARCIONEM
1004 197 1181 228 LIBER
1206 196 1244 227 V.

432 248 448 263 ο

167 294 407 333 manifestum
445 298 516 331 est.
579 290 620 329 Si
653 303 748 341 ergo
781 291 907 329 carnis
945 290 1271 328 resurrectionem
1310 293 1497 339 negantes

169 351 364 404 apostolus
390 348 578 395 retundit,
622 349 752 400 utique
786 347 969 387 adversus
1001 348 1089 386 illos
1123 354 1268 394 tuetur,
1309 343 1410 397 quod
1431 344 1500 393 Villi

169 409 374 460 negabant,
402 412 528 446 carnis
559 407 711 444 scilicet
735 407 1074 444 resurrectionem.
1115 404 1242 443 Habes
1269 400 1506 455 compendio

170 479 405 517 responsum.
446 465 588 503 Cetera
613 465 686 502 iam
713 476 762 501 ex
788 462 1008 501 abundanti.
1048 462 1145 501 Nam
1172 462 1370 513 etvipsum‚
1393 457 1502 512 *quod

171 531 404 562 mortuorum
436 522 672 561 resurrectio
699 520 858 568 dicitur,
898 522 1021 572 exigit
1052 519 1209 559 defendi
1240 518 1502 571 proprietates

171 581 457 620 vocabulorum.
518 579 763 630 Mortuum1)
797 592 873 616 non
906 585 982 625 est,
1023 579 1096 616 nisi
1128 576 1230 630 quod
1262 576 1389 615 amisit
1418 575 1504 614 ani-

127 640 132 646 “
172 653 287 685 mam,
328 637 374 676 de
402 638 507 676 cuius
534 637 718 675 facultate
745 636 915 683 vivebat3
956 649 1096 688 corpus
1122 642 1199 682 est,
1239 633 1340 687 quod
1366 633 1506 672 amittit

175 697 359 742 animam,
398 702 438 733 et
469 693 678 732 amittendo
712 695 754 731 fit
784 701 991 741 mortuumg
1032 694 1084 731 ita
1111 693 1251 731 mortui
1275 690 1505 730 vocabulum

178 753 332 803 corpori
358 753 553 802 competit.
591 751 713 788 Porro
740 752 771 788 si
797 751 1034 789 resurrectio
1056 751 1196 788 mortui
1219 757 1291 796 est,
1318 755 1507 787 mortuum

178 816 304 847 autem
330 822 405 846 non
431 809 533 846 aliud
560 815 619 846 est
644 821 753 859 quam
781 821 933 858 corpus,
962 808 1138 858 corporis
1165 808 1240 845 erit
1253 806 1505 845 resurreetio.

181 865 245 905 Sic
279 873 318 904 et
348 866 645 903 resurrectionis
676 864 902 903 vocabulum
941 878 1015 902 non
1055 865 1166 902 aliam
1205 876 1285 902 rem
1323 861 1507 908 vindicat,

182 937 290 975 quam
329 936 424 974 quae
465 921 621 961 cecidit.
697 921 867 973 Surgere
907 923 1005 960 enim
1043 916 1172 973 potest
1215 920 1294 960 dici
1330 927 1370 959 et
1407 917 1510 972 quod

182 981 334 1019 omnino
362 994 436 1018 non
464 979 624 1026 cecidit,
658 979 758 1030 quod
785 992 937 1031 semper
963 987 1067 1017 retro
1094 980 1226 1017 iacuit.
1289 977 1510 1028 Resurgere

182 1045 306 1077 autem
333 1051 408 1075 non
436 1044 495 1075 est
520 1038 591 1074 nisi
618 1037 712 1083 eius,
741 1036 842 1088 quod
869 1036 1032 1084 cecidit3
1059 1038 1195 1075 iterum
1222 1035 1323 1074 enim
1349 1047 1512 1086 surgen-

183 1095 246 1141 do,
276 1096 371 1146 quia
389 1094 543 1140 cecidit‚
571 1106 777 1144 resurgere
806 1093 958 1133 dicitur.
1009 1093 1191 1132 Re'enim
1218 1092 1367 1145 syllaba
1391 1093 1513 1131 itera-

184 1152 280 1190 tioni
317 1165 469 1203 semper
506 1150 722 1190 adhibetur.
786 1151 936 1190 Cadere
976 1165 1071 1202 ergo
1111 1151 1271 1189 dicimus
1303 1163 1444 1202 eorpus
1475 1150 1521 1188 iu·

184 1217 323 1248 terram
351 1222 421 1261 per
445 1216 619 1255 mortem,
652 1210 751 1247 sicut
777 1216 816 1247 et
841 1222 903 1247 res
930 1210 1011 1262 ipsa
1037 1215 1213 1256 testatur,
1241 1221 1290 1247 ex
1316 1207 1379 1247 dei
1406 1207 1514 1259 leges.

186 1267 341 1318 corpori
378 1268 478 1305 enim
516 1266 773 1305 dictumest:
827 1274 932 1305 terra
971 1280 1012 1305 es
1050 1274 1090 1305 et
1120 1268 1158 1305 in
1200 1273 1341 1305 terram
1380 1265 1514 1316 ibim)

187 1324 245 1362 Ita
271 1323 368 1374 quod
397 1323 443 1362 de
469 1331 576 1362 terra
607 1331 684 1371 est,
724 1324 795 1362 ibit
819 1326 857 1362 in
872 1331 1039 1363 lteri-am.
1103 1324 1185 1363 Hoc
1212 1324 1311 1371 abit,
1350 1321 1451 1376 quod
1477 1323 1516 1366 in

187 1388 328 1424 terram
354 1381 443 1427 ibit3
475 1381 548 1419 hoc
575 1383 761 1432 resurgit,
800 1381 902 1432 quod
929 1381 1045 1420 cadit.
1109 1381 1204 1430 Quia
1229 1395 1301 1434 pcr
1325 1381 1517 1420 hominem

192 1449 304 1482 mors,
332 1444 455 1488 etper
468 1438 657 1476 hominem
673 1440 971 1486 resurrectio.3)
1017 1439 1089 1477 Hic
1111 1439 1202 1476 mihi
1217 1446 1256 1477 et
1271 1439 1414 1477 Christi
1429 1450 1519 1478 cor-

190 1507 258 1545 pus
275 1493 489 1531 ostenditur
509 1495 545 1531 in
563 1496 714 1533 nomine
730 1495 910 1541 hominis,
940 1496 1001 1546 qui
1023 1502 1175 1533 constat
1195 1509 1244 1534 ex
1265 1508 1452 1547 corpore,
1478 1501 1521 1534 ut

192 1563 306 1602 saepe
333 1551 407 1588 iam
432 1550 642 1589 docuimus.
705 1551 848 1600 Quodsi
870 1553 924 1590 sic
946 1548 982 1590 in
1004 1552 1157 1590 Christo
1177 1553 1415 1591 vivificamur
1441 1566 1521 1592 om-

193 1621 279 1654 nes,
318 1608 418 1646 sicut
442 1609 716 1647 mortificamur
739 1611 777 1647 in
801 1609 996 1658 Adam‚4)
1037 1609 1188 1662 quando
1213 1611 1252 1647 in
1277 1608 1402 1648 Adam
1433 1622 1522 1648 cor-

192 1678 287 1716 pore
319 1666 610 1712 mortificamur,
650 1669 704 1705 sic
738 1680 898 1706 necesse
931 1674 990 1706 est
1021 1674 1061 1705 et
1091 1669 1129 1719 in
1163 1666 1316 1705 Christo
1355 1679 1522 1719 corpore

191 1722 439 1761 vivificemur.
474 1723 652 1762 Ceterum
679 1724 885 1763 similitudo
912 1738 987 1762 non
1009 1731 1172 1771 constat,
1199 1726 1229 1763 si
1246 1725 1372 1762 nonin
1387 1723 1524 1763 eadem

194 1779 404 1818 substantia
431 1781 737 1819 mortificationis
775 1783 811 1819 in
838 1781 961 1820 Adam
998 1780 1216 1820 vivificatio
1246 1788 1455 1820 concurrat
1485 1782 1536 1820 iu‘

196 1837 360 1876 Christo.
418 1837 497 1875 Sed
522 1835 752 1891 interposuit
776 1838 900 1877 adhuc
926 1838 1068 1892 aliquid
1097 1839 1143 1877 de
1168 1838 1344 1887 Christo,
1371 1845 1411 1878 et
1435 1851 1536 1892 proae

194 1901 281 1947 pter
295 1902 536 1945 praesentem
552 1895 871 1948 disceptationem
887 1911 961 1935 non
977 1896 1240 1936 omittendum.
1265 1893 1390 1935 Tanto
1403 1897 1529 1948 magis

197 1951 297 1989 enim
329 1952 555 2002 probabitur
587 1955 712 1992 'carnis
743 1956 1000 2002 resurreetio,
1040 1962 1181 2007 quanto
1215 1954 1406 1993 Christum
1444 1954 1526 1993 eius

200 2007 263 2046 dei
292 2008 534 2056 ostendero,
588 2011 688 2063 apud
733 2025 843 2064 quem
888 2012 1063 2051 creditur
1108 2013 1235 2051 carnis
1271 2011 1525 2051 resurreetio.

201 2064 293 2103 Cum
320 2064 431 2104 dicit:
461 2075 614 2118 oportet
638 2070 737 2108 enim
763 2083 930 2121 regnare
950 2084 1049 2118 eum,
1077 2069 1203 2108 donee
1217 2075 1336 2122 ponat
1349 2068 1527 2108 inimicos

202 2123 283 2160 eius
309 2123 376 2161 suh
402 2123 521 2175 pedes
547 2127 687 2176 cius‚⁵)
715 2129 789 2166 iam
816 2127 967 2180 quidem
995 2135 1035 2167 et
1060 2141 1110 2167 ex
1134 2128 1209 2166 hoc
1230 2127 1394 2166 ultorem
1415 2125 1528 2165 deum

203 2178 339 2227 edicit,
380 2188 492 2233 atque
524 2184 663 2240 exinde
694 2185 834 2237 ipsum,
868 2188 931 2237 qui
956 2186 1031 2225 hoc
1059 2185 1214 2231 Christo
1241 2183 1527 2237 repromiserit:

203 2236 294 2275 sede
320 2237 369 2276 ad
394 2238 592 2279 dexteram
611 2255 745 2290 meam,
773 2242 898 2282 donec
920 2257 1056 2296 ponam
1078 2243 1254 2283 inimicos
1273 2249 1359 2282 tuos
1378 2240 1530 2282 scabel-

296 2364 333 2408 1)
360 2367 467 2398 Rben.
495 2370 545 2400 ed.
560 2371 583 2400 1.
605 2371 668 2400 Ita
692 2372 902 2402 mortuum
929 2372 1182 2403 vocabulum
1202 2371 1385 2411 nonanti
1409 2367 1530 2400 deinde

205 2412 292 2442 idem
325 2413 445 2445 edidit:
483 2416 746 2447 Mortuorum
785 2419 930 2456 itaque
968 2418 1178 2449 vocabulo
1209 2426 1292 2448 non
1324 2417 1400 2447 est.
1449 2414 1530 2450 Cod,

208 2459 343 2489 U'ouw.
372 2462 407 2490 et
437 2460 511 2501 Rig.
541 2463 752 2493 Mortuum
788 2463 938 2502 itaque
975 2463 1189 2495 vocabulo
1221 2471 1302 2494 non
1339 2462 1415 2492 est.
1464 2460 1531 2491 Sed

208 2506 302 2533 recte
326 2504 428 2535 eiecit
453 2507 587 2539 Semler
611 2517 664 2539 vv.
685 2509 746 2539 ita
767 2518 794 2539 s.
816 2510 970 2548 itaque
990 2511 1024 2540 et
1050 2509 1310 2541 vocabulum
1333 2517 1353 2539 e
1371 2506 1531 2549 proxime

210 2550 490 2584 antecedentibus
516 2555 551 2584 et
574 2555 796 2593 sequentibus
817 2555 936 2595 petita.
1035 2556 1071 2595 2)
1096 2556 1221 2588 Genes.
1243 2556 1274 2596 3,
1297 2555 1350 2586 19.
1447 2550 1485 2596 3)
1511 2553 1530 2583 1

212 2596 287 2625 Cor.
302 2597 355 2636 15,
372 2595 424 2629 21.
519 2600 555 2640 4),
583 2601 626 2631 ih.
643 2610 671 2632 v.
687 2602 741 2633 22.
838 2604 873 2642 5)
908 2602 951 2632 ib.
966 2611 996 2632 v.
1012 2603 1066 2632 25.
1084 2603 1138 2634 27.
