1566 2808
113 177 215 213 1⁶2
355 176 482 209 ADv.
518 174 881 206 MARCIONEM
918 173 1094 204 LIBER
1130 173 1186 203 1V.

116 271 223 308 tiam:
264 282 337 306 non
371 269 460 308 veni
492 269 618 319 legem
645 265 877 313 dissolvere,
910 264 977 304 sed
1011 264 1290 317 adimplere1).
1342 264 1441 312 Quid

115 340 209 378 ergo
235 327 306 364 tibi
332 326 411 364 fuit
428 325 476 364 de
503 325 707 375 evangelio
735 325 914 371 erasisse,
943 323 1044 376 quod
1059 324 1202 361 salvum
1229 322 1445 378 esst-Cous

113 385 236 422 fessus
268 397 310 422 es
348 385 467 430 enim,
506 396 600 434 prae
636 383 818 422 bonitate<
847 382 988 421 fecisse
1026 382 1148 427 illum,
1188 376 1450 432 quod-negas·

115 441 271 480 dixisse.
335 441 497 480 Constat
535 453 632 491 ergo
665 439 807 478 dixisse
844 441 968 487 illum,
1001 440 1096 491 ,quia
1122 446 1161 477 et
1185 438 1299 485 feeib,
1338 435 1379 476 et
1403 444 1443 476 te

114 500 241 550 potius
266 512 403 538 vocem
430 498 571 545 domini
598 497 646 536 de
673 497 874 548 evangelio
901 496 1136 543 eradicasse,
1164 509 1274 548 quam
1289 501 1444 537 nostros

115 557 309 595 iniecisse.
485 593 487 596 ,
994 581 1002 586 -

233 618 298 654 10.
362 613 528 650 Curatur
571 617 611 650 et
652 612 907 662 paralyticus,
953 616 992 647 et
1035 610 1199 660 quidemv
1230 612 1443 656 in‘coetu,

117 678 316 722 spectante
344 670 486 722 populo
500 671 553 717 2).
614 667 776 706 Videbit
802 668 920 713 euim,
952 667 1075 718 inquit
1100 666 1254 713 Esaias,
1280 667 1444 719 populus

119 728 390 766 sublimitatem
430 726 573 764 domini
604 733 645 764 et
676 726 838 776 gloriam
871 723 946 763 dei.
1009 724 1128 772 Quam
1161 724 1443 771 sublimitatem,

119 793 158 823 et
186 799 295 836 quam
323 785 511 836 gloriam?
564 783 856 828 Convalescite,
890 795 1022 820 manus
1049 781 1227 821 dimissae
1254 786 1294 820 et
1319 794 1446 834 genua

119 842 306 881 dissoluta
320 843 378 890 3),
418 842 493 880 hoe
521 841 596 879 erit
620 841 823 892 paralysis.
887 839 1170 886 Convalescite,
1196 852 1269 877 nee
1296 841 1443 878 timete.

118 900 207 938 Non
235 901 359 938 otiose
386 901 549 937 iterans:
578 898 852 943 convalescite,
880 910 953 935 nee
981 910 1075 935 vane
1098 897 1344 948 subiungens,
1356 906 1445 944 'uec

118 959 270 1004 timete,
310 958 489 1009 quoniam
530 970 615 994 cum
648 955 981 1005 redintegratione
1020 954 1277 993 membrorum
1307 955 1446 993 virium
1505 1007 1507 1009 ι

120 1029 270 1067 quoque
303 1015 700 1066 repraesentationem
733 1012 1011 1065 pollicebatur:
1051 1025 1237 1063 exsurge,
1276 1018 1316 1050 et
1348 1012 1444 1051 tolle

120 1073 321 1124 grabatum
347 1080 469 1118 tuum,
497 1072 607 1109 simul
635 1078 675 1109 et
700 1071 815 1108 animi
842 1071 1033 1121 vigorem,
1061 1069 1110 1108 ad
1136 1083 1212 1108 non
1240 1068 1442 1116 timendos,

118 1131 183 1181 qui
200 1129 341 1168 dicturi
357 1136 486 1171 erant:
515 1130 596 1180 quis
610 1127 769 1166 dimittit
784 1134 946 1179 peccata
962 1127 1032 1165 nisi
1047 1126 1285 1165 solus-deus?
1316 1124 1446 1166 Habes

120 1188 254 1239 itaque
270 1188 342 1225 iam
366 1193 406 1224 et
425 1185 843 1241 specialisnmedicinae
866 1184 1379 1236 dispunctamprophetiam,
1407 1190 1448 1224 et

121 1259 272 1291 eorum,
309 1257 406 1296 quae
440 1243 668 1282 medicinam
701 1250 787 1282 sunt
813 1250 959 1282 secuta.
1022 1241 1174 1281 Pariter
1205 1249 1245 1281 et
1267 1241 1446 1282 dimisso-

120 1316 200 1341 rem
228 1302 456 1341 delictorum
472 1302 664 1340 Christum
691 1313 934 1352 recognosce
961 1299 1061 1352 apud
1088 1299 1250 1339 eundem
1277 1300 1446 1353 prophe-

120 1367 209 1397 tam.
273 1359 473 1406 Quomodo
487 1361 545 1408 4),
585 1360 724 1411 inquit,
758 1360 795 1396 in
820 1359 992 1410 plurimis
1017 1357 1186 1414 dimittet
1203 1357 1353 1401 'delicta
1378 1371 1449 1397 eo-

121 1431 222 1463 rum,
259 1423 300 1454 et
329 1416 472 1457 delicta
502 1424 634 1454 nostra
666 1418 748 1467 ipse
783 1417 978 1464 aufert5).
1041 1415 1141 1454 Nam
1174 1422 1213 1454 et
1244 1417 1282 1453 in
1313 1416 1445 1467 priore

122 1487 171 1513 ex
203 1474 320 1525 ipsius
348 1472 491 1511 domini
522 1486 710 1524 persona:
752 1473 825 1510 etsi
857 1474 1001 1510 fuerint
1032 1472 1335 1510 delicta-vestra
1360 1479 1445 1511 tan-

122 1545 232 1583 quam
259 1544 431 1576 roseum,
464 1531 571 1568 velut
599 1531 726 1569 nivem
759 1529 970 1575 exalbabo,
1004 1523 1078 1567 etsi
1112 1532 1288 1580 tanquam
1315 1524 1448 1578 docci-

122 1583 222 1635 nux'n,
248 1589 354 1638 velut
385 1589 509 1626 lanam
541 1588 731 1626 exalbabo
746 1587 805 1635 ⁰),
839 1587 876 1624 in
909 1593 1024 1625 ros'eo
1058 1588 1283 1637 sanguinem
1316 1580 1446 1638 osten-

122 1646 217 1698 dens
243 1646 530 1698 prophetarum,
558 1647 596 1683 in
623 1646 786 1683 coccino
814 1643 957 1682 domini
983 1641 1268 1682 utelariorem.
1297 1644 1445 1684 'Etiam

122 1704 307 1745 Micheas,
331 1702 377 1741 de
403 1704 516 1743 venia
542 1702 790 1744 delictorum:
825 1700 1046 1753 quis'deus,
1080 1701 1271 1753 quomodo
1294 1708 1351 1749 tu,
1378 1715 1446 1751 ex-

122 1763 249 1800 imens*
275 1761 496 1812 iniquitates
534 1767 573 1798 et
603 1760 844 1811 praeteriens
877 1759 1082 1797 iniustitias
1113 1758 1277 1798 residuis
1307 1759 1447 1799 baere-

123 1818 253 1857 ditatis
280 1821 394 1856 tuae?
425 1825 561 1863 etnon
588 1818 712 1855 tenuit
736 1817 774 1862 in
801 1817 1059 1861 testimonium
1085 1816 1180 1865 iram
1205 1830 1330 1864 suam,
1357 1812 1446 1869 quia

122 1876 243 1915 voluit
267 1875 587 1922 misericordiam,
615 1874 844 1923 adven-ew)
873 1881 913 1913 et
940 1874 1184 1913 miserebitur
1209 1875 1350 1923 nostri3
1377 1874 1445 1914 de—

122 1942 272 1984 merget
297 1933 440 1972 delicta
466 1941 610 1979 nostra,
633 1939 678 1971 'et
702 1932 905 1983 demerget
930 1933 967 1970 in
993 1930 1185 1984 profundo
1212 1932 1327 1981 maris
1350 1945 1446 1985 pec-
1476 1935 1480 1939 '

123 1998 210 2029 cata
235 1998 367 2029 nostra
381 1993 432 2038 8).
485 1990 563 2029 Sed
591 1991 781 2028 etsi-nihil
809 1991 883 2028 tale
910 1991 947 2027 in
964 1990 1154 2028 Christum
1175 1990 1315 2029 ‘fuisset
1333 2002 1447 2041 prae-

123 2047 310 2094 dicatum,
344 2047 525 2086 haberem
561 2048 669 2085 huius
695 2048 945 2098 benignitatis
971 2048 1162 2099 exempla·
1180 2049 1217 2085 in
1251 2043 1444 2094 creatore,

122 2106 387 2158 promittentia
419 2106 508 2148 mihi
542 2112 582 2143 et
613 2106 650 2143 in
683 2105 762 2143 filio
790 2106 909 2156 patris
942 2105 1116 2150 affectus.
1178 2103 1305 2153 Video
1332 2103 1445 2143 Nini-

121 2164 221 2201 vitas
235 2163 425 2202 seelerum
438 2164 588 2202 veniam
617 2170 850 2201 consecutos
877 2175 899 2200 a
925 2160 1178 2221 creatore‘f')3
1207 2174 1254 2200 ne
1281 2160 1444 2201 dixerim

215 2348 251 2387 1)
279 2342 402 2379 Matffl.
431 2350 462 2388 5,
484 2350 537 2379 17.
603 2351 610 2357 ⁸
646 2349 681 2388 2)
708 2350 790 2380 Luc.
819 2351 849 2388 5,
872 2349 1030 2379 15—26.
1136 2346 1174 2392 a)
1199 2349 1338 2387 1es.35,
1361 2347 1443 2386 zsq.

120 2395 156 2433 4)
182 2394 244 2427 Ed.
258 2395 417 2426 Fran.-et
433 2395 738 2437 Rig.Quoniam.
835 2393 870 2435 5)
898 2397 961 2427 les.
978 2397 1031 2434 53,
1048 2396 1103 2425 12.
1159 2409 1171 2418 -=
1198 2393 1236 2438 6)
1263 2392 1442 2432 les.1,1'8.

120 2438 158 2482 7)
186 2443 236 2471 Ita
260 2441 373 2471 locum
403 2441 538 2472 videtur
562 2445 656 2472 recte
680 2442 881 2473 emendasse
906 2442 961 2472 Fr.
980 2442 1109 2471 Iunius.
1128 2440 1237 2471 'Rhem
1259 2439 1310 2470 ed.
1325 2441 1349 2472 Ι.
1364 2448 1442 2475 ,να-

119 2486 219 2517 luit:
239 2490 291 2530 ‘et
328 2475 649 2523 misericordem
677 2490 847 2519 avertet
879 2490 944 2524 ete.
987 2487 1111 2517 Pamel.
1138 2488 1172 2517 et
1199 2486 1271 2529 Rig.
1302 2485 1444 2530 uoluit

120 2533 472 2615 russel-wordiam..
504 2528 682 2571 Avertet
714 2537 779 2566 etc.
899 2534 935 2574 8)
960 2533 1075 2574 Mieba
1101 2533 1138 2573 7,
1169 2533 1220 2563 18.
1255 2532 1299 2562 cf.
1330 2527 1441 2564 LXXa

121 2578 138 2605 o
184 2579 253 2608 Ion.
276 2580 305 2618 3,
326 2582 357 2610 9.
771 2578 791 2583 ⁹
