1566 2808
239 590 755 652 ADVERSUS
815 569 1395 650 ’ΜΑΒΟΙΟΝΕΜ

569 725 770 769 LIBER
804 725 1063 770 PRIMUS.

274 964 311 1000 1.
363 957 405 997 Si
439 959 526 1011 quid
557 964 663 998 retro
701 967 850 1011 gestum
883 966 942 998 est
972 959 1082 998 nobis
1108 957 1290 998 adversus
1314 958 1485 998 Marcio·-

157 1030 262 1064 nem,
289 1017 363 1055 iam
388 1017 476 1055 hinc
501 1017 654 1055 viderit.
710 1017 858 1056 Novam
884 1030 965 1055 rem
990 1016 1238 1068 aggredimur
1263 1030 1313 1055 ex
1335 1023 1483 1055 vetere.

158 1074 322 1123 Primum
349 1075 570 1125 opusculum
603 1076 708 1126 quasi
740 1081 987 1127 properatum
1018 1076 1192 1127 pleniore
1218 1081 1355 1127 postea
1381 1086 1486 1112 com-

158 1133 350 1183 positione
388 1131 637 1169 rescideram.
701 1131 808 1170 Hane
848 1145 997 1184 quoque
1036 1130 1202 1170 nondum
1241 1130 1488 1182 exemplariis

159 1188 358 1227 suffectam
383 1188 518 1227 fraude
545 1196 635 1227 tunc
661 1190 811 1235 fratris,
839 1188 979 1227 dehinc
1011 1195 1232 1240 apostatae,
1265 1188 1387 1234 amisi,
1421 1187 1488 1238 qui
1512 1226 1514 1229 ,

158 1246 261 1284 forte
300 1246 561 1297 descripserat
598 1240 783 1297 quaedam
820 1245 1108 1284 mendosissime
1141 1253 1182 1284 et
1211 1245 1385 1297 exhibuit
1408 1244 1489 1282 fre-

160 1305 352 1355 quentiae.
414 1302 943 1345 Emendationis‚necessitas
968 1305 1073 1342 facta
1098 1310 1169 1342 est.
1225 1301 1489 1351 Innovationis

160 1362 242 1399 eius
269 1362 426 1398 occasio
452 1360 595 1411 aliquid
622 1360 792 1399 adiicere
819 1362 1021 1413 persuasit.
1073 1361 1131 1400 lta
1156 1361 1264 1399 stilus
1289 1361 1362 1399 iste
1387 1370 1488 1397 nune

161 1416 208 1456 de
235 1417 405 1456 secundo
433 1419 568 1467 tertius
600 1425 639 1456 et
665 1418 712 1456 de
739 1419 855 1456 tertio
882 1420 955 1456 iam
981 1419 1070 1456 hinc
1096 1419 1239 1470 primus
1265 1417 1365 1455 hunc
1393 1429 1488 1468 opu-

161 1475 256 1513 sculi
283 1476 340 1513 sui
366 1475 508 1513 exitum
523 1476 744 1514 necessario
761 1476 978 1527 praefatur,
1006 1488 1053 1514 ne
1076 1487 1300 1527 quemquam
1318 1474 1488 1513 varietas

161 1534 243 1575 eius
268 1534 306 1570 in
333 1531 507 1584 disperso
539 1540 696 1584 reperta
728 1532 950 1571 confundat.
1012 1532 1175 1579 Pontus,
1204 1533 1267 1584 qui
1293 1530 1486 1578 dicitur1)

160 1590 350 1637 Euxinus,
377 1597 514 1628 natura
539 1597 722 1641 negatur,
750 1591 901 1629 nomine
928 1589 1111 1628 illuditur.
1151 1590 1332 1628 Ceterum
1358 1588 1489 1640 hospi-

162 1648 276 1686 talem
302 1647 463 1685 Pontum
501 1660 572 1686 nec
612 1647 659 1686 de
697 1649 772 1686 situ
807 1649 1007 1695 aestime53
1046 1649 1099 1686 ita
1129 1647 1176 1686 ab
1202 1645 1489 1686 humanioribus

161 1706 271 1743 fretis
296 1706 436 1743 nostris
463 1706 570 1756 quasi
596 1705 758 1757 quodam
785 1705 989 1744 barbariae
1016 1718 1107 1743 suae
1133 1703 1280 1757 pudore
1306 1703 1488 1751 secessit3

161 1770 297 1814 gentes
322 1762 588 1801 ferocissimae
615 1763 845 1810 inhabitant,
884 1764 916 1801 si
942 1770 1084 1801 tamen·
1100 1762 1295 1801 habitatur
1318 1762 1358 1800 in
1382 1760 1491 1813 plau-

161 1827 278 1858 stro.-
311 1818 441 1858 Sedes
474 1821 642 1867 ineerta,
681 1822 759 1859 vita
786 1820 922 1868 cruda,
957 1819 1080 1859 libido
1100 1820 1320 1873 promiscua
1344 1825 1384 1857 et
1407 1817 1492 1869 plu-

162 1878 294 1915 rimum
322 1877 433 1923 nuda,
462 1879 575 1915 etiam
596 1892 680 1916 cum
701 1878 959 1926 abscondunt3
988 1877 1182 1933 suspeus'sis
1198 1876 1254 1916 de
1280 1877 1370 1927 iugo
1395 1875 1491 1927 pha-

126 1942 133 1951 ’
162 1935 294 1980 retris,
322 1933 530 1981 indicibus,
558 1948 605 1973 ne
633 1937 715 1987 quis
738 1942 887 1974 ,temere
914 1933 1196 1985 intercedam).
1248 1933 1306 1972 Ita
1329 1945 1402 1971 nec
1428 1945 1492 1970 ar-

161 1992 231 2029 mis
269 1992 345 2029 suis
382 1991 628 2030 erubescunt.
690 1991 894 2030 Parentum
933 1991 1126 2030 cadavera
1163 2005 1247 2030 cum
1278 1988 1491 2043 pecudibus

163 2061 278 2087 caesa
305 2050 480 2087 convivio
507 2056 732 2087 convorant.
767 2049 838 2097 Qui
859 2063 933 2087 non
955 2051 1008 2088 ita
1034 2049 1288 2095 decesserint,
1316 2054 1356 2086 ut
1381 2059 1491 2086 esca·
1544 2040 1547 2047 ’

164 2106 250 2144 tiles
275 2107 435 2152 fuerint,
462 2105 667 2151 maledicta
698 2120 799 2144 mors
831 2114 901 2145 est.
963 2106 1048 2150 Nec
1075 2107 1238 2145 feminae
1270 2118 1366 2149 sexu
1389 2105 1492 2143 miti-

163 2170 302 2215 gantur
327 2162 534 2213 secundum
560 2163 764 2215 pudorem,
796 2164 917 2202 ubera
942 2163 1168 2210 excludunt,
1195 2176 1352 2217 pensum
1379 2175 1491 2201 secu-

163 2221 268 2259 ribus
303 2221 468 2268 faciunt‚
507 2221 650 2259 malunt
686 2223 850 2260 militare
890 2235 1000 2274 quam
1039 2221 1197 2260 nubere.
1259 2219 1411 2259 Duritia
1441 2218 1490 2258 de

164 2279 277 2318 coelo
305 2290 467 2330 quoque.
501 2277 593 2317 Dies
620 2292 807 2331 nunquam
833 2286 980 2330 patens,
1008 2279 1066 2317 sol
1087 2291 1276 2331 nunquam
1295 2278 1490 2324 lucens³)‚

163 2350 259 2376 unus
284 2339 370 2383 ae'r,
410 2336 579 2384 nebula,
611 2343 714 2375 totus
740 2350 859 2375 annus
885 2337 1117 2389 hybernum,
1157 2348 1269 2374 omne
1295 2333 1397 2388 quod
1421 2335 1491 2373 Παε-
1523 2336 1526 2338 ’
1547 2329 1554 2334 ’

163 2395 264 2433 verit
288 2394 415 2446 aquilo
442 2401 512 2432 est.
573 2393 762 2446 Liquores
799 2395 950 2446 ignibus
982 2393 1164 2442 redeunt,
1202 2406 1333 2432 amnes
1363 2392 1490 2444 glacie

260 2501 296 2540 1)
322 2501 374 2530 Ita
394 2499 508 2530 locum
528 2499 659 2529 emend.
679 2499 823 2539 Rigalt.;
848 2499 955 2530 Rhen.
979 2499 1054 2538 ‘qui
1079 2498 1229 2539 igitur.
1323 2493 1358 2534 2)
1382 2495 1490 2527 Rben.

165 2548 211 2577 ut
244 2545 464 2577 indicibus
496 2546 720 2586 notentur,
760 2555 808 2577 ne
840 2547 933 2584 quis
966 2544 1220 2577 intercedat.
1324 2541 1362 2581 3)
1387 2541 1492 2578 Posui

164 2592 312 2623 lucens
332 2601 394 2632 pro
415 2591 570 2633 libenn,
597 2592 687 2630 quod
701 2594 801 2623 estin
815 2592 888 2623 edd.
902 2592 1007 2623 Rhen.
1022 2593 1056 2622 et
1069 2590 1160 2630 Rig.;
1187 2589 1238 2620 ed.
1250 2587 1492 2627 Fran-liber.
