1624 2826
191 194 301 232 200
443 195 567 226 ADV.
604 196 964 227 MARCIONEM
1001 197 1188 230 LIBER.
1226 198 1283 230 tv,

189 291 294 341 prius
327 301 431 334 cras,
466 289 659 327 revelasti.
723 288 832 327 Hunc
858 290 976 341 igitur
1001 290 1150 338 audite,
1198 303 1307 343 quem
1334 291 1382 331 ab
1408 293 1519 332 initio

190 347 368 384 edixerat
393 345 623 384 audiendum
651 347 687 384 in
714 348 866 385 nomine
893 344 1126 400 prophetae,
1161 350 1338 401 quoniam
1364 356 1406 389 et
1430 363 1521 402 pro-

188 404 325 455 phetes
364 405 575 442 existimari
613 404 780 442 habebat
817 418 839 442 a
876 406 1031 457 populo.
1093 405 1349 458 Prophetam‚
1399 407 1522 460 inquit

188 461 365 514 MoyseS,
406 462 606 500 suscitabit
637 462 748 500 vobis
781 461 874 500 deus
905 476 955 501 ex
987 463 1073 502 filiis
1098 465 1255 511 vestris,
1298 464 1521 512 (secundum

191 520 385 557 carnalem
412 520 565 558 scilicet
591 523 778 568 censum,)
807 527 983 572 tanquam
1010 535 1069 560 me
1096 521 1262 560 audietis
1288 522 1404 560 illum.
1433 522 1522 561 Om-

189 578 247 614 nis
280 584 427 621 autem,
468 578 531 627 qui
559 578 661 614 illum
689 590 766 614 non
804 576 987 624 audic1it‚
1041 579 1360 618 exterminabitur
1396 580 1522 618 anima

189 636 271 672 eius
304 634 351 672 (10
383 634 525 685 populo
558 647 639 671 suo·
661 635 698 684 1)
762 633 827 673 Sic
861 641 900 673 et
931 635 1084 674 Esaias:
1136 637 1218 688 quis
1244 637 1283 675 in
1306 636 1416 676 vobis
1441 650 1522 676 me-

187 699 299 729 tucns
338 690 521 729 exaudiat
555 705 692 730 vocem
731 692 799 730 filii
839 694 933 730 eius.
954 694 992 742 2)
1057 693 1175 740 Quam
1214 698 1254 732 et
1290 695 1372 746 ipse
1409 701 1523 747 pater

190 748 524 787 commendaturus
551 756 653 796 erat3
681 750 820 788 sistens
846 751 964 796 enim,
992 751 1131 803 inquit,
1157 751 1274 790 verba
1303 751 1370 790 filii
1395 753 1519 800 suist)

190 805 356 844 dicendo
383 807 553 844 scilicet:
593 806 654 844 hic
682 814 741 844 est
768 807 864 845 lilius
896 820 1001 844 meus
1027 807 1209 854 dilectus,
1231 808 1349 847 -hunc
1375 808 1518 847 audite.

189 864 324 915 Itaque
352 864 424 901 etsi
451 864 554 901 facta
580 864 782 902 translatio
814 864 863 902 sit
894 863 1099 903 auditionis
1132 878 1154 903 a
1179 864 1316 918 Moyse
1343 873 1383 904 et
1409 865 1520 905 Helia

188 923 227 960 in
255 921 466 968 Christum,
505 919 573 959 sed
601 934 676 959 non
702 929 743 959 ut
768 921 814 959 ab
842 922 918 960 alio
946 921 1039 968 deo,
1078 935 1150 960 nec
1182 921 1375 970 adAalium
1408 923 1520 962 Chri·

189 982 299 1025 stu'm,
325 978 394 1017 sed
421 992 442 1017 a
470 986 649 1017 creatore
675 980 713 1017 in
741 978 931 1017 Christum
959 976 1053 1026 eius,
1081 979 1289 1019 secundum
1321 979 1519 1020 decessio-

188 1050 275 1075 nem
300 1038 445 1075 veteris
471 1043 511 1075 et
536 1037 821 1075 successionem
848 1050 935 1075 now
963 1039 1194 1076 testamenti.
1239 1037 1329 1076 Non
1355 1038 1518 1090 legatus,

187 1095 311 1146 inquit
337 1094 484 1140 Esaias,
512 1107 584 1132 nec
611 1094 775 1140 nuntius,
804 1093 871 1132 sed
897 1095 979 1146 ipse
1002 1093 1096 1132 deus
1116 1096 1242 1133 salvos
1257 1108 1324 1134 cos
1338 1095 1518 1145 factast)

187 1153 270 1203 ipse
303 1153 375 1190 iam
403 1150 634 1203 praedicans
660 1158 700 1189 et
725 1152 886 1202 implens
923 1152 1048 1202 legem
1081 1159 1120 1190 et
1151 1145 1375 1204 prophetas.
1424 1152 1520 1192 Tra-

189 1209 286 1247 didit
312 1210 431 1260 igitur
455 1216 568 1261 pater
592 1209 671 1246 filio
699 1207 908 1260 discipulos
934 1222 1073 1256 novos,
1113 1211 1278 1249 ostensis
1302 1211 1408 1263 prius
1434 1223 1519 1249 cum

188 1267 254 1305 illo
293 1267 430 1319 Moyse
469 1274 508 1305 et
546 1265 657 1304 Helia
694 1267 731 1304 in
765 1267 952 1305 claritatis
980 1269 1274 1331 praerogativa,
1313 1274 1428 1320 atque
1456 1268 1520 1306 ita

189 1324 372 1372 dimissis,
418 1325 523 1376 quasi
550 1325 623 1362 iam
651 1331 690 1362 et
716 1324 840 1363 officio
868 1332 907 1363 et
932 1316 1093 1364 honore
1109 1324 1339 1377 dispunctis,
1377 1333 1419 1364 111
1443 1325 1518 1364 1100

187 1383 310 1434 ipsum
349 1383 643 1435 confirmaretur
679 1389 840 1433 propter
875 1373 1132 1430 Marcioneih,
1172 1384 1399 1422 societatem
1433 1395 1519 1422 esse

187 1440 305 1477 etiam
338 1439 532 1478 claiitatis
543 1439 695 1477 Christi
722 1452 805 1477 cum
831 1439 969 1494 Moyse
996 1447 1036 1478 et
1062 1412 1185 1478 Helia.
1229 1440 1367 1478 Totum
1392 1447 1519 1479 autem

187 1496 357 1534 habitum
394 1497 552 1534 iisionis
590 1497 698 1534 istius
736 1496 924 1534 habemus
950 1497 1065 1535 etiam
1098 1495 1220 1548 apud
1228 1495 1414 1544 Abacuc,
1452 1497 1519 1536 ubi

188 1555 344 1606 spiritus
370 1566 419 1591 ex
450 1566 618 1604 persona
643 1552 833 1591 interdum
860 1554 1141 1604 apostolorum:
1171 1553 1352 1611 demine,
1389 1553 1519 1593 audivi

188 1611 357 1650 auditum
385 1618 486 1649 tuum
514 1611 756 1659 etaextimui3
792 1614 920 1662 (quem
947 1612 1086 1662 magis,
1115 1614 1224 1663 quam
1248 1605 1359 1650 ‘vocis
1386 1612 1518 1651 coele-

187 1670 256 1707 stis
282 1670 401 1707 illius:
442 1669 504 1706 hie
531 1675 590 1706 est
621 1668 720 1706 filius
746 1681 852 1706 meus
876 1667 1062 1715 dilectus,
1096 1668 1195 1707 hunc
1222 1667 1395 1718 audite?)
1424 1682 1517 1708 con-

188 1726 357 1765 sideravi
384 1739 504 1778 opera
532 1732 594 1763 tua
620 1732 660 1763 et
685 1725 814 1764 excidi
840 1727 1028 1772 mente.⁵)
1058 1725 1218 1773 Quando
1245 1727 1379 1777 magis,
1407 1737 1518 1778 quam

189 1798 273 1823 cum
305 1783 386 1823 visa
419 1784 596 1822 claritate
632 1782 713 1821 eius
750 1784 908 1830 nesciit,
948 1782 1038 1850 quid
1070 1782 1222 1822 diceret
1247 1782 1414 1822 Petrus?
1475 1783 1519 1822 In

186 1842 314 1881 medio
353 1841 531 1880 duorum
548 1841 766 1879 animalium
806 1842 1082 1892 cognosceris,
1125 1841 1254 1893 Moysi
1290 1848 1330 1880 et
1366 1840 1516 1880 Heliae.

187 1899 245 1938 De
279 1901 421 1953 quibus
446 1907 486 1938 et
509 1899 719 1937 Zacharias
751 1898 846 1937 vidit
877 1900 916 1936 in
942 1899 1065 1950 figura
1097 1898 1255 1937 duarum
1281 1899 1452 1937 olearum
1478 1905 1519 1938 et

188 1957 349 1995 duorum
376 1958 606 1995 ramulorum
635 1957 759 1995 oleae.
822 1955 919 1995 Nam
946 1957 983 1995 hi
1011 1964 1109 2004 sunt,
1137 1955 1185 1995 de
1212 1955 1362 2008 quibus
1373 1955 1517 1994 dictum

188 2022 248 2054 est
285 2015 359 2052 illi:
412 2014 487 2052 duo
532 2015 599 2052 filii
645 2009 853 2066 opimitatis
897 2013 1086 2053 adsistunt
1122 2013 1275 2052 domino
1313 2014 1516 2052 universae

187 2073 378 2120 terrae.⁶)
442 2071 492 2109 Et
517 2064 791 2109 rursumridem
817 2072 998 2111 Abacuc:
1039 2073 1192 2124 operuit
1224 2071 1356 2110 coelos
1381 2072 1515 2119 virtus,

186 2133 318 2183 utique
345 2130 474 2169 nubilo
490 2129 582 2175 illo,
610 2136 650 2173 et
675 2128 858 2180 splendor
884 2131 966 2168 eius
987 2136 1028 2167 ut
1053 2130 1117 2168 lux
1137 2129 1270 2178 erit‚⁷)
1297 2129 1427 2180 utique
1443 2142 1516 2181 qua

187 2191 302 2228 etiam
328 2190 488 2228 vestitus
515 2188 596 2225 eius
622 2187 785 2225 refulsit.
846 2186 898 2224 Et
928 2188 959 2225 si
987 2188 1329 2225 commemoremur
1353 2187 1517 2238 promis-

187 2248 306 2286 sionis
331 2247 479 2298 Moysi,
511 2245 573 2283 hic
601 2245 818 2283 invenietur
843 2251 1051 2296 expuncta.
1116 2241 1208 2282 Cum
1236 2244 1347 2283 enim
1363 2243 1516 2289 deside-

186 2312 312 2344 rasset
344 2310 592 2356 conspectum
625 2301 767 2351 domini
793 2301 970 2354 Moyses,
1009 2301 1161 2340 dicens:
1190 2303 1220 2340 si
1259 2314 1354 2353 ergo
1387 2302 1514 2340 inveni

188 2364 351 2414 gratiam
378 2375 509 2402 coram
535 2368 586 2408 te,
614 2360 816 2399 manifesta
843 2367 879 2398 10
890 2359 1010 2407 mihi,
1038 2366 1079 2398 ut
1104 2366 1392 2422 cognoscenter
1407 2352 1514 2400 vide-

281 2514 317 2551 1)
345 2515 514 2553 neut.18,
533 2515 586 2544 15.
685 2513 719 2550 2)
746 2514 808 2542 ies.
825 2508 948 2551 5o,10.
1035 2512 1071 2550 3)
1097 2512 1159 2542 1es.
1175 2512 1228 2551 44,
1245 2511 1298 2541 26.
1381 2506 1418 2548 4)
1447 2510 1498 2539 ies

188 2560 242 2592 63.
258 2561 288 2588 9.
304 2561 347 2590 cf.
363 2567 449 2592 Lxx.
467 2562 532 2591 Pro
548 2561 681 2591 faciet
702 2558 775 2598 Rig.
793 2559 909 2590 fecit.
985 2559 1020 2599 5)
1048 2559 1176 2589 nahae.
1189 2558 1219 2597 3,
1234 2558 1267 2590 2.
1345 2553 1380 2595 6)
1405 2556 1512 2590 Zaeh.

187 2606 218 2644 4,
240 2607 270 2636 3.
293 2607 344 2635 14.
441 2605 477 2649 7)
506 2608 633 2638 Habac.
650 2606 681 2645 3,
697 2607 715 2635 3
732 2615 782 2643 sq.
799 2606 840 2638 cf,
864 2613 948 2635 Lxx.
