<?xml version="1.0" encoding="UTF-8"?>
<!DOCTYPE html PUBLIC "-//W3C//DTD XHTML 1.0 Transitional//EN"
    "http://www.w3.org/TR/xhtml1/DTD/xhtml1-transitional.dtd">
<html xmlns="http://www.w3.org/1999/xhtml" xml:lang="en" lang="en">
 <head>
  <title>
</title>
<meta http-equiv="Content-Type" content="text/html;charset=utf-8" />
  <meta name='ocr-system' content='tesseract 3.04.00' />
  <meta name='ocr-capabilities' content='ocr_page ocr_carea ocr_par ocr_line ocrx_word'/>
</head>
<body>
  <div class='ocr_page' id='page_1' title='image "./operatert34tertuoft_0252.png"; bbox 0 0 1624 2826; ppageno 0'>
   <div class='ocr_carea' id='block_1_1' title="bbox 182 198 1265 238">
    <p class='ocr_par' dir='ltr' id='par_1_1' title="bbox 182 198 1265 238">
     <span class='ocr_line' id='line_1_1' title="bbox 182 198 1265 238; baseline -0.004 -4"><span class='ocrx_word' id='word_1_1' title='bbox 182 201 284 238; x_wconf 63' lang='lat'>848</span> <span class='ocrx_word' id='word_1_2' title='bbox 436 199 562 232; x_wconf 84' lang='lat' dir='ltr'>ADV.</span> <span class='ocrx_word' id='word_1_3' title='bbox 599 198 963 232; x_wconf 83' lang='lat' dir='ltr'><strong>MARCIONEM</strong></span> <span class='ocrx_word' id='word_1_4' title='bbox 999 201 1175 231; x_wconf 86' lang='lat' dir='ltr'>LIBER</span> <span class='ocrx_word' id='word_1_5' title='bbox 1210 200 1265 230; x_wconf 85' lang='lat' dir='ltr'>IV.</span> 
     </span>
    </p>
   </div>
   <div class='ocr_carea' id='block_1_2' title="bbox 181 290 1554 2468">
    <p class='ocr_par' dir='ltr' id='par_1_2' title="bbox 181 290 1554 2468">
     <span class='ocr_line' id='line_1_2' title="bbox 181 290 1510 345; baseline -0.004 -12"><span class='ocrx_word' id='word_1_6' title='bbox 181 302 405 345; x_wconf 83' lang='lat' dir='ltr'>negatarum</span> <span class='ocrx_word' id='word_1_7' title='bbox 432 294 664 344; x_wconf 76' lang='lat' dir='ltr'>nuptiarum,</span> <span class='ocrx_word' id='word_1_8' title='bbox 692 306 766 330; x_wconf 93' lang='lat' dir='ltr'>non</span> <span class='ocrx_word' id='word_1_9' title='bbox 793 306 840 330; x_wconf 84' lang='lat' dir='ltr'>ex</span> <span class='ocrx_word' id='word_1_10' title='bbox 867 305 932 330; x_wconf 87' lang='lat' dir='ltr'>sua</span> <span class='ocrx_word' id='word_1_11' title='bbox 960 293 1134 344; x_wconf 80' lang='lat' dir='ltr'>propria,</span> <span class='ocrx_word' id='word_1_12' title='bbox 1167 290 1233 330; x_wconf 89' lang='lat' dir='ltr'>sed</span> <span class='ocrx_word' id='word_1_13' title='bbox 1260 304 1308 330; x_wconf 85' lang='lat' dir='ltr'>ex</span> <span class='ocrx_word' id='word_1_14' title='bbox 1334 301 1510 329; x_wconf 80' lang='lat' dir='ltr'>resurre-</span> 
     </span>
     <span class='ocr_line' id='line_1_3' title="bbox 183 348 1510 402; baseline -0.003 -13"><span class='ocrx_word' id='word_1_15' title='bbox 183 353 323 390; x_wconf 87' lang='lat' dir='ltr'>ctionis</span> <span class='ocrx_word' id='word_1_16' title='bbox 360 352 596 402; x_wconf 84' lang='lat' dir='ltr'>quaestione.</span> <span class='ocrx_word' id='word_1_17' title='bbox 672 349 799 388; x_wconf 83' lang='lat' dir='ltr'>Habes</span> <span class='ocrx_word' id='word_1_18' title='bbox 843 357 883 387; x_wconf 88' lang='lat' dir='ltr'>et</span> <span class='ocrx_word' id='word_1_19' title='bbox 924 351 1042 401; x_wconf 90' lang='lat' dir='ltr'>ipsius</span> <span class='ocrx_word' id='word_1_20' title='bbox 1081 348 1376 388; x_wconf 84' lang='lat' dir='ltr'>resurrectionis</span> <span class='ocrx_word' id='word_1_21' title='bbox 1414 359 1510 386; x_wconf 84' lang='lat' dir='ltr'>eon-</span> 
     </span>
     <span class='ocr_line' id='line_1_4' title="bbox 183 406 1508 459; baseline -0.004 -12"><span class='ocrx_word' id='word_1_22' title='bbox 183 410 454 454; x_wconf 81' lang='lat' dir='ltr'>firmationem,</span> <span class='ocrx_word' id='word_1_23' title='bbox 495 415 534 445; x_wconf 91' lang='lat' dir='ltr'>et</span> <span class='ocrx_word' id='word_1_24' title='bbox 558 415 677 445; x_wconf 88' lang='lat' dir='ltr'>totum</span> <span class='ocrx_word' id='word_1_25' title='bbox 705 407 805 459; x_wconf 90' lang='lat' dir='ltr'>quod</span> <span class='ocrx_word' id='word_1_26' title='bbox 833 406 1049 446; x_wconf 81' lang='lat' dir='ltr'>Sadducaei</span> <span class='ocrx_word' id='word_1_27' title='bbox 1077 406 1393 451; x_wconf 74' lang='lat' dir='ltr'>sciscitabantur,</span> <span class='ocrx_word' id='word_1_28' title='bbox 1431 417 1508 442; x_wconf 88' lang='lat' dir='ltr'>non</span> 
     </span>
     <span class='ocr_line' id='line_1_5' title="bbox 183 463 1508 516; baseline -0.005 -11"><span class='ocrx_word' id='word_1_29' title='bbox 183 467 231 505; x_wconf 90' lang='lat' dir='ltr'>de</span> <span class='ocrx_word' id='word_1_30' title='bbox 257 466 332 504; x_wconf 79' lang='lat' dir='ltr'>aiio</span> <span class='ocrx_word' id='word_1_31' title='bbox 359 464 432 502; x_wconf 89' lang='lat' dir='ltr'>deo</span> <span class='ocrx_word' id='word_1_32' title='bbox 465 467 769 515; x_wconf 76' lang='lat' dir='ltr'>interrogantes,</span> <span class='ocrx_word' id='word_1_33' title='bbox 810 477 880 503; x_wconf 89' lang='lat' dir='ltr'>nec</span> <span class='ocrx_word' id='word_1_34' title='bbox 915 464 960 503; x_wconf 91' lang='lat' dir='ltr'>de</span> <span class='ocrx_word' id='word_1_35' title='bbox 996 466 1151 516; x_wconf 87' lang='lat' dir='ltr'>proprio</span> <span class='ocrx_word' id='word_1_36' title='bbox 1185 465 1397 515; x_wconf 78' lang='lat' dir='ltr'>nuptiarum</span> <span class='ocrx_word' id='word_1_37' title='bbox 1425 463 1508 500; x_wconf 85' lang='lat' dir='ltr'>iure</span> 
     </span>
     <span class='ocr_line' id='line_1_6' title="bbox 184 518 1510 575; baseline -0.002 -14"><span class='ocrx_word' id='word_1_38' title='bbox 184 530 425 575; x_wconf 80' lang='lat' dir='ltr'>quaerentes.</span> <span class='ocrx_word' id='word_1_39' title='bbox 489 522 631 569; x_wconf 84' lang='lat' dir='ltr'>Quodsi</span> <span class='ocrx_word' id='word_1_40' title='bbox 666 522 713 560; x_wconf 89' lang='lat' dir='ltr'>ad</span> <span class='ocrx_word' id='word_1_41' title='bbox 747 536 793 560; x_wconf 90' lang='lat' dir='ltr'>ea</span> <span class='ocrx_word' id='word_1_42' title='bbox 824 523 921 560; x_wconf 83' lang='lat' dir='ltr'>facis</span> <span class='ocrx_word' id='word_1_43' title='bbox 948 521 1184 574; x_wconf 90' lang='lat' dir='ltr'>respondere</span> <span class='ocrx_word' id='word_1_44' title='bbox 1212 521 1421 566; x_wconf 85' lang='lat' dir='ltr'>Christum,</span> <span class='ocrx_word' id='word_1_45' title='bbox 1460 518 1510 558; x_wconf 85' lang='lat' dir='ltr'>de</span> 
     </span>
     <span class='ocr_line' id='line_1_7' title="bbox 184 579 1512 632; baseline -0.003 -14"><span class='ocrx_word' id='word_1_46' title='bbox 184 580 317 632; x_wconf 89' lang='lat' dir='ltr'>quibus</span> <span class='ocrx_word' id='word_1_47' title='bbox 344 593 418 617; x_wconf 89' lang='lat' dir='ltr'>non</span> <span class='ocrx_word' id='word_1_48' title='bbox 445 587 504 617; x_wconf 89' lang='lat' dir='ltr'>cst</span> <span class='ocrx_word' id='word_1_49' title='bbox 524 581 731 625; x_wconf 68' lang='lat' dir='ltr'>consultus,</span> <span class='ocrx_word' id='word_1_50' title='bbox 759 593 878 630; x_wconf 87' lang='lat' dir='ltr'>negas</span> <span class='ocrx_word' id='word_1_51' title='bbox 899 593 997 626; x_wconf 87' lang='lat' dir='ltr'>eum,</span> <span class='ocrx_word' id='word_1_52' title='bbox 1025 579 1073 617; x_wconf 88' lang='lat' dir='ltr'>de</span> <span class='ocrx_word' id='word_1_53' title='bbox 1095 579 1230 631; x_wconf 90' lang='lat' dir='ltr'>quibus</span> <span class='ocrx_word' id='word_1_54' title='bbox 1250 580 1512 628; x_wconf 83' lang='lat' dir='ltr'>interrogatus</span> 
     </span>
     <span class='ocr_line' id='line_1_8' title="bbox 184 635 1512 689; baseline -0.002 -14"><span class='ocrx_word' id='word_1_55' title='bbox 184 645 261 683; x_wconf 86' lang='lat' dir='ltr'>est,</span> <span class='ocrx_word' id='word_1_56' title='bbox 300 636 535 689; x_wconf 86' lang='lat' dir='ltr'>respondere</span> <span class='ocrx_word' id='word_1_57' title='bbox 564 639 751 688; x_wconf 85' lang='lat' dir='ltr'>potuisse,</span> <span class='ocrx_word' id='word_1_58' title='bbox 792 636 1107 675; x_wconf 82' lang='lat' dir='ltr'>Sadducaeorum</span> <span class='ocrx_word' id='word_1_59' title='bbox 1139 636 1291 674; x_wconf 87' lang='lat' dir='ltr'>scilicet</span> <span class='ocrx_word' id='word_1_60' title='bbox 1322 635 1512 686; x_wconf 80' lang='lat' dir='ltr'>sapientia</span> 
     </span>
     <span class='ocr_line' id='line_1_9' title="bbox 185 694 1554 746; baseline -0.003 -13"><span class='ocrx_word' id='word_1_61' title='bbox 185 702 347 746; x_wconf 87' lang='lat' dir='ltr'>captum.</span> <span class='ocrx_word' id='word_1_62' title='bbox 399 694 457 732; x_wconf 79' lang='lat' dir='ltr'>Ex</span> <span class='ocrx_word' id='word_1_63' title='bbox 482 694 688 732; x_wconf 84' lang='lat' dir='ltr'>abundanti</span> <span class='ocrx_word' id='word_1_64' title='bbox 716 708 813 733; x_wconf 92' lang='lat' dir='ltr'>nunc</span> <span class='ocrx_word' id='word_1_65' title='bbox 841 702 880 732; x_wconf 86' lang='lat' dir='ltr'>et</span> <span class='ocrx_word' id='word_1_66' title='bbox 904 702 991 746; x_wconf 88' lang='lat' dir='ltr'>post</span> <span class='ocrx_word' id='word_1_67' title='bbox 1016 695 1359 746; x_wconf 83' lang='lat' dir='ltr'>praescriptionem</span> <span class='ocrx_word' id='word_1_68' title='bbox 1386 699 1513 730; x_wconf 81' lang='lat' dir='ltr'>retra·</span> <span class='ocrx_word' id='word_1_69' title='bbox 1547 694 1554 698; x_wconf 77' lang='lat'>‘</span> 
     </span>
     <span class='ocr_line' id='line_1_10' title="bbox 185 749 1513 802; baseline -0.003 -12"><span class='ocrx_word' id='word_1_70' title='bbox 185 752 299 790; x_wconf 89' lang='lat' dir='ltr'>ctabo</span> <span class='ocrx_word' id='word_1_71' title='bbox 332 750 514 790; x_wconf 89' lang='lat' dir='ltr'>adversus</span> <span class='ocrx_word' id='word_1_72' title='bbox 546 752 899 802; x_wconf 76' lang='lat' dir='ltr'>argumentationes</span> <span class='ocrx_word' id='word_1_73' title='bbox 932 752 1201 789; x_wconf 81' lang='lat' dir='ltr'>cohaerentes.</span> <span class='ocrx_word' id='word_1_74' title='bbox 1262 749 1377 788; x_wconf 88' lang='lat' dir='ltr'>Nacti</span> <span class='ocrx_word' id='word_1_75' title='bbox 1411 750 1513 787; x_wconf 86' lang='lat' dir='ltr'>enim</span> 
     </span>
     <span class='ocr_line' id='line_1_11' title="bbox 184 807 1513 861; baseline -0.004 -14"><span class='ocrx_word' id='word_1_76' title='bbox 184 811 399 861; x_wconf 72' lang='lat' dir='ltr'>scripturae</span> <span class='ocrx_word' id='word_1_77' title='bbox 422 816 578 854; x_wconf 81' lang='lat' dir='ltr'>textum,</span> <span class='ocrx_word' id='word_1_78' title='bbox 605 810 658 846; x_wconf 84' lang='lat' dir='ltr'>ita</span> <span class='ocrx_word' id='word_1_79' title='bbox 679 810 715 846; x_wconf 94' lang='lat' dir='ltr'>iu</span> <span class='ocrx_word' id='word_1_80' title='bbox 738 807 903 858; x_wconf 87' lang='lat' dir='ltr'>legendo</span> <span class='ocrx_word' id='word_1_81' title='bbox 925 807 1248 846; x_wconf 87' lang='lat' dir='ltr'>decucurrerunt:</span> <span class='ocrx_word' id='word_1_82' title='bbox 1277 820 1372 858; x_wconf 88' lang='lat' dir='ltr'>quos</span> <span class='ocrx_word' id='word_1_83' title='bbox 1386 813 1513 843; x_wconf 89' lang='lat' dir='ltr'>autem</span> 
     </span>
     <span class='ocr_line' id='line_1_12' title="bbox 185 862 1511 917; baseline -0.003 -13"><span class='ocrx_word' id='word_1_84' title='bbox 185 866 363 917; x_wconf 80' lang='lat' dir='ltr'>dignatus</span> <span class='ocrx_word' id='word_1_85' title='bbox 390 874 448 904; x_wconf 88' lang='lat' dir='ltr'>est</span> <span class='ocrx_word' id='word_1_86' title='bbox 474 866 567 904; x_wconf 87' lang='lat' dir='ltr'>deus</span> <span class='ocrx_word' id='word_1_87' title='bbox 590 867 689 904; x_wconf 83' lang='lat' dir='ltr'>illius</span> <span class='ocrx_word' id='word_1_88' title='bbox 703 862 801 912; x_wconf 81' lang='lat' dir='ltr'>aevi,</span> <span class='ocrx_word' id='word_1_89' title='bbox 829 865 917 904; x_wconf 91' lang='lat' dir='ltr'>ideo</span> <span class='ocrx_word' id='word_1_90' title='bbox 933 865 1155 916; x_wconf 83' lang='lat' dir='ltr'>adiungunt,</span> <span class='ocrx_word' id='word_1_91' title='bbox 1184 878 1257 916; x_wconf 92' lang='lat' dir='ltr'>quo</span> <span class='ocrx_word' id='word_1_92' title='bbox 1272 865 1386 902; x_wconf 79' lang='lat' dir='ltr'>alium</span> <span class='ocrx_word' id='word_1_93' title='bbox 1402 862 1511 902; x_wconf 87' lang='lat' dir='ltr'>deum</span> 
     </span>
     <span class='ocr_line' id='line_1_13' title="bbox 183 920 1514 974; baseline -0.003 -12"><span class='ocrx_word' id='word_1_94' title='bbox 183 924 331 962; x_wconf 82' lang='lat' dir='ltr'>faciant</span> <span class='ocrx_word' id='word_1_95' title='bbox 362 923 461 961; x_wconf 81' lang='lat' dir='ltr'>illius</span> <span class='ocrx_word' id='word_1_96' title='bbox 492 925 596 971; x_wconf 68' lang='lat' dir='ltr'>aevi,</span> <span class='ocrx_word' id='word_1_97' title='bbox 631 937 712 961; x_wconf 91' lang='lat' dir='ltr'>cum</span> <span class='ocrx_word' id='word_1_98' title='bbox 747 924 801 961; x_wconf 90' lang='lat' dir='ltr'>sic</span> <span class='ocrx_word' id='word_1_99' title='bbox 835 924 911 974; x_wconf 84' lang='lat' dir='ltr'>legi</span> <span class='ocrx_word' id='word_1_100' title='bbox 945 930 1142 974; x_wconf 84' lang='lat' dir='ltr'>oporteat:</span> <span class='ocrx_word' id='word_1_101' title='bbox 1183 935 1277 974; x_wconf 88' lang='lat' dir='ltr'>quos</span> <span class='ocrx_word' id='word_1_102' title='bbox 1302 928 1428 960; x_wconf 81' lang='lat' dir='ltr'>autem</span> <span class='ocrx_word' id='word_1_103' title='bbox 1455 920 1514 959; x_wconf 89' lang='lat' dir='ltr'>di-</span> 
     </span>
     <span class='ocr_line' id='line_1_14' title="bbox 186 976 1514 1031; baseline -0.003 -12"><span class='ocrx_word' id='word_1_104' title='bbox 186 989 323 1031; x_wconf 84' lang='lat' dir='ltr'>gnatus</span> <span class='ocrx_word' id='word_1_105' title='bbox 355 988 414 1019; x_wconf 91' lang='lat' dir='ltr'>est</span> <span class='ocrx_word' id='word_1_106' title='bbox 446 980 556 1027; x_wconf 81' lang='lat' dir='ltr'>deus,</span> <span class='ocrx_word' id='word_1_107' title='bbox 597 988 637 1018; x_wconf 88' lang='lat' dir='ltr'>ut</span> <span class='ocrx_word' id='word_1_108' title='bbox 667 981 770 1018; x_wconf 82' lang='lat' dir='ltr'>faeta</span> <span class='ocrx_word' id='word_1_109' title='bbox 802 981 862 1018; x_wconf 89' lang='lat' dir='ltr'>hie</span> <span class='ocrx_word' id='word_1_110' title='bbox 897 980 1144 1018; x_wconf 85' lang='lat' dir='ltr'>distinetione</span> <span class='ocrx_word' id='word_1_111' title='bbox 1178 987 1264 1031; x_wconf 90' lang='lat' dir='ltr'>post</span> <span class='ocrx_word' id='word_1_112' title='bbox 1295 978 1425 1024; x_wconf 77' lang='lat' dir='ltr'>deum,</span> <span class='ocrx_word' id='word_1_113' title='bbox 1465 976 1514 1016; x_wconf 83' lang='lat' dir='ltr'>ad</span> 
     </span>
     <span class='ocr_line' id='line_1_15' title="bbox 186 1035 1517 1090; baseline -0.002 -14"><span class='ocrx_word' id='word_1_114' title='bbox 186 1036 384 1089; x_wconf 88' lang='lat' dir='ltr'>sequentia</span> <span class='ocrx_word' id='word_1_115' title='bbox 424 1039 617 1090; x_wconf 85' lang='lat' dir='ltr'>pertineat</span> <span class='ocrx_word' id='word_1_116' title='bbox 655 1038 754 1076; x_wconf 82' lang='lat' dir='ltr'>illius</span> <span class='ocrx_word' id='word_1_117' title='bbox 791 1039 901 1084; x_wconf 84' lang='lat' dir='ltr'>aevi,</span> <span class='ocrx_word' id='word_1_118' title='bbox 940 1037 975 1076; x_wconf 90' lang='lat' dir='ltr'>id</span> <span class='ocrx_word' id='word_1_119' title='bbox 1017 1045 1093 1084; x_wconf 87' lang='lat' dir='ltr'>est,</span> <span class='ocrx_word' id='word_1_120' title='bbox 1132 1050 1227 1088; x_wconf 88' lang='lat' dir='ltr'>quos</span> <span class='ocrx_word' id='word_1_121' title='bbox 1259 1035 1439 1086; x_wconf 79' lang='lat' dir='ltr'>dignatus</span> <span class='ocrx_word' id='word_1_122' title='bbox 1465 1036 1517 1073; x_wconf 80' lang='lat' dir='ltr'>sit</span> 
     </span>
     <span class='ocr_line' id='line_1_16' title="bbox 187 1093 1514 1146; baseline -0.002 -13"><span class='ocrx_word' id='word_1_123' title='bbox 187 1095 280 1134; x_wconf 85' lang='lat' dir='ltr'>deus</span> <span class='ocrx_word' id='word_1_124' title='bbox 318 1096 417 1133; x_wconf 85' lang='lat' dir='ltr'>illius</span> <span class='ocrx_word' id='word_1_125' title='bbox 455 1097 539 1134; x_wconf 86' lang='lat' dir='ltr'>aevi</span> <span class='ocrx_word' id='word_1_126' title='bbox 571 1096 815 1146; x_wconf 88' lang='lat' dir='ltr'>possessione</span> <span class='ocrx_word' id='word_1_127' title='bbox 848 1102 888 1133; x_wconf 90' lang='lat' dir='ltr'>et</span> <span class='ocrx_word' id='word_1_128' title='bbox 918 1095 1222 1133; x_wconf 85' lang='lat' dir='ltr'>resurrectione.</span> <span class='ocrx_word' id='word_1_129' title='bbox 1285 1093 1374 1132; x_wconf 87' lang='lat' dir='ltr'>Non</span> <span class='ocrx_word' id='word_1_130' title='bbox 1413 1094 1514 1132; x_wconf 88' lang='lat' dir='ltr'>enim</span> 
     </span>
     <span class='ocr_line' id='line_1_17' title="bbox 187 1152 1517 1198; baseline -0.001 -9"><span class='ocrx_word' id='word_1_131' title='bbox 187 1152 234 1190; x_wconf 91' lang='lat' dir='ltr'>de</span> <span class='ocrx_word' id='word_1_132' title='bbox 272 1152 371 1198; x_wconf 85' lang='lat' dir='ltr'>deo,</span> <span class='ocrx_word' id='word_1_133' title='bbox 412 1153 479 1190; x_wconf 88' lang='lat' dir='ltr'>sed</span> <span class='ocrx_word' id='word_1_134' title='bbox 512 1152 558 1190; x_wconf 87' lang='lat' dir='ltr'>‹le</span> <span class='ocrx_word' id='word_1_135' title='bbox 586 1160 684 1190; x_wconf 88' lang='lat' dir='ltr'>statu</span> <span class='ocrx_word' id='word_1_136' title='bbox 711 1153 811 1190; x_wconf 86' lang='lat' dir='ltr'>illius</span> <span class='ocrx_word' id='word_1_137' title='bbox 837 1154 922 1190; x_wconf 92' lang='lat' dir='ltr'>aevi</span> <span class='ocrx_word' id='word_1_138' title='bbox 949 1153 1245 1198; x_wconf 76' lang='lat' dir='ltr'>consulebatur,</span> <span class='ocrx_word' id='word_1_139' title='bbox 1284 1152 1392 1190; x_wconf 90' lang='lat' dir='ltr'>cuius</span> <span class='ocrx_word' id='word_1_140' title='bbox 1418 1163 1517 1189; x_wconf 79' lang='lat' dir='ltr'>uxor</span> 
     </span>
     <span class='ocr_line' id='line_1_18' title="bbox 186 1207 1516 1261; baseline 0.001 -15"><span class='ocrx_word' id='word_1_141' title='bbox 186 1210 314 1248; x_wconf 85' lang='lat' dir='ltr'>futura</span> <span class='ocrx_word' id='word_1_142' title='bbox 345 1217 448 1248; x_wconf 90' lang='lat' dir='ltr'>esset</span> <span class='ocrx_word' id='word_1_143' title='bbox 482 1217 569 1261; x_wconf 90' lang='lat' dir='ltr'>post</span> <span class='ocrx_word' id='word_1_144' title='bbox 599 1211 924 1248; x_wconf 85' lang='lat' dir='ltr'>resurrectionem</span> <span class='ocrx_word' id='word_1_145' title='bbox 957 1211 995 1247; x_wconf 94' lang='lat' dir='ltr'>iu</span> <span class='ocrx_word' id='word_1_146' title='bbox 1027 1211 1095 1248; x_wconf 80' lang='lat' dir='ltr'>iiio</span> <span class='ocrx_word' id='word_1_147' title='bbox 1126 1222 1236 1248; x_wconf 79' lang='lat' dir='ltr'>aevo,</span> <span class='ocrx_word' id='word_1_148' title='bbox 1300 1207 1368 1247; x_wconf 84' lang='lat' dir='ltr'>Sic</span> <span class='ocrx_word' id='word_1_149' title='bbox 1401 1215 1442 1247; x_wconf 84' lang='lat' dir='ltr'>et</span> <span class='ocrx_word' id='word_1_150' title='bbox 1466 1207 1516 1247; x_wconf 86' lang='lat' dir='ltr'>de</span> 
     </span>
     <span class='ocr_line' id='line_1_19' title="bbox 186 1266 1518 1319; baseline 0.001 -16"><span class='ocrx_word' id='word_1_151' title='bbox 186 1268 279 1318; x_wconf 89' lang='lat' dir='ltr'>ipsis</span> <span class='ocrx_word' id='word_1_152' title='bbox 304 1269 444 1318; x_wconf 89' lang='lat' dir='ltr'>nuptiis</span> <span class='ocrx_word' id='word_1_153' title='bbox 470 1280 692 1319; x_wconf 89' lang='lat' dir='ltr'>responsum</span> <span class='ocrx_word' id='word_1_154' title='bbox 719 1268 955 1314; x_wconf 87' lang='lat' dir='ltr'>subvertunt,</span> <span class='ocrx_word' id='word_1_155' title='bbox 982 1275 1035 1313; x_wconf 86' lang='lat' dir='ltr'>ut,</span> <span class='ocrx_word' id='word_1_156' title='bbox 1065 1268 1130 1306; x_wconf 79' lang='lat' dir='ltr'><strong>filii</strong></span> <span class='ocrx_word' id='word_1_157' title='bbox 1147 1268 1257 1305; x_wconf 84' lang='lat' dir='ltr'>huius</span> <span class='ocrx_word' id='word_1_158' title='bbox 1270 1267 1355 1306; x_wconf 83' lang='lat' dir='ltr'>aevi</span> <span class='ocrx_word' id='word_1_159' title='bbox 1372 1266 1518 1318; x_wconf 78' lang='lat' dir='ltr'>nubunt</span> 
     </span>
     <span class='ocr_line' id='line_1_20' title="bbox 187 1324 1516 1376; baseline 0 -14"><span class='ocrx_word' id='word_1_160' title='bbox 187 1332 226 1363; x_wconf 89' lang='lat' dir='ltr'>et</span> <span class='ocrx_word' id='word_1_161' title='bbox 252 1325 453 1375; x_wconf 81' lang='lat' dir='ltr'>nubuntur,</span> <span class='ocrx_word' id='word_1_162' title='bbox 480 1324 528 1363; x_wconf 81' lang='lat' dir='ltr'>‹le</span> <span class='ocrx_word' id='word_1_163' title='bbox 554 1325 768 1362; x_wconf 92' lang='lat' dir='ltr'>hominibus</span> <span class='ocrx_word' id='word_1_164' title='bbox 795 1324 936 1363; x_wconf 85' lang='lat' dir='ltr'>dictum</span> <span class='ocrx_word' id='word_1_165' title='bbox 964 1333 1012 1362; x_wconf 84' lang='lat' dir='ltr'>sit</span> <span class='ocrx_word' id='word_1_166' title='bbox 1039 1326 1229 1364; x_wconf 85' lang='lat' dir='ltr'>creatoris</span> <span class='ocrx_word' id='word_1_167' title='bbox 1256 1326 1406 1376; x_wconf 81' lang='lat' dir='ltr'>nuptias</span> <span class='ocrx_word' id='word_1_168' title='bbox 1428 1336 1516 1376; x_wconf 84' lang='lat' dir='ltr'>per-</span> 
     </span>
     <span class='ocr_line' id='line_1_21' title="bbox 189 1382 1515 1432; baseline 0.002 -14"><span class='ocrx_word' id='word_1_169' title='bbox 189 1383 391 1427; x_wconf 85' lang='lat' dir='ltr'>mittentis,</span> <span class='ocrx_word' id='word_1_170' title='bbox 430 1395 470 1419; x_wconf 90' lang='lat' dir='ltr'>se</span> <span class='ocrx_word' id='word_1_171' title='bbox 509 1389 653 1427; x_wconf 81' lang='lat' dir='ltr'>autem,</span> <span class='ocrx_word' id='word_1_172' title='bbox 693 1395 787 1432; x_wconf 88' lang='lat' dir='ltr'>quos</span> <span class='ocrx_word' id='word_1_173' title='bbox 819 1382 912 1420; x_wconf 90' lang='lat' dir='ltr'>deus</span> <span class='ocrx_word' id='word_1_174' title='bbox 945 1383 1045 1420; x_wconf 83' lang='lat' dir='ltr'>iilius</span> <span class='ocrx_word' id='word_1_175' title='bbox 1076 1384 1180 1428; x_wconf 89' lang='lat' dir='ltr'>aevi,</span> <span class='ocrx_word' id='word_1_176' title='bbox 1219 1382 1515 1427; x_wconf 79' lang='lat' dir='ltr'>atter-scilicet,</span> 
     </span>
     <span class='ocr_line' id='line_1_22' title="bbox 189 1438 1516 1492; baseline 0.002 -16"><span class='ocrx_word' id='word_1_177' title='bbox 189 1438 367 1488; x_wconf 84' lang='lat' dir='ltr'>dignatus</span> <span class='ocrx_word' id='word_1_178' title='bbox 393 1440 442 1476; x_wconf 86' lang='lat' dir='ltr'>sit</span> <span class='ocrx_word' id='word_1_179' title='bbox 466 1440 768 1484; x_wconf 79' lang='lat' dir='ltr'>resurrectione,</span> <span class='ocrx_word' id='word_1_180' title='bbox 795 1440 867 1476; x_wconf 89' lang='lat' dir='ltr'>iam</span> <span class='ocrx_word' id='word_1_181' title='bbox 896 1446 935 1477; x_wconf 92' lang='lat' dir='ltr'>et</span> <span class='ocrx_word' id='word_1_182' title='bbox 961 1440 1022 1477; x_wconf 88' lang='lat' dir='ltr'>hic</span> <span class='ocrx_word' id='word_1_183' title='bbox 1050 1453 1124 1477; x_wconf 91' lang='lat' dir='ltr'>non</span> <span class='ocrx_word' id='word_1_184' title='bbox 1148 1439 1307 1486; x_wconf 88' lang='lat' dir='ltr'>nubere,</span> <span class='ocrx_word' id='word_1_185' title='bbox 1336 1441 1516 1492; x_wconf 84' lang='lat' dir='ltr'>quia&#39;non</span> 
     </span>
     <span class='ocr_line' id='line_1_23' title="bbox 189 1495 1518 1547; baseline 0.002 -14"><span class='ocrx_word' id='word_1_186' title='bbox 189 1498 265 1533; x_wconf 89' lang='lat' dir='ltr'>siut</span> <span class='ocrx_word' id='word_1_187' title='bbox 289 1496 356 1534; x_wconf 87' lang='lat' dir='ltr'>filii</span> <span class='ocrx_word' id='word_1_188' title='bbox 382 1495 493 1533; x_wconf 92' lang='lat' dir='ltr'>huius</span> <span class='ocrx_word' id='word_1_189' title='bbox 518 1497 622 1541; x_wconf 86' lang='lat' dir='ltr'>aevi,</span> <span class='ocrx_word' id='word_1_190' title='bbox 662 1495 812 1547; x_wconf 84' lang='lat' dir='ltr'>quando</span> <span class='ocrx_word' id='word_1_191' title='bbox 852 1496 899 1534; x_wconf 91' lang='lat' dir='ltr'>de</span> <span class='ocrx_word' id='word_1_192' title='bbox 939 1497 1079 1547; x_wconf 88' lang='lat' dir='ltr'>nuptiis</span> <span class='ocrx_word' id='word_1_193' title='bbox 1114 1497 1212 1534; x_wconf 86' lang='lat' dir='ltr'>illius</span> <span class='ocrx_word' id='word_1_194' title='bbox 1244 1499 1328 1535; x_wconf 89' lang='lat' dir='ltr'>aevi</span> <span class='ocrx_word' id='word_1_195' title='bbox 1363 1497 1518 1536; x_wconf 84' lang='lat' dir='ltr'>consul-</span> 
     </span>
     <span class='ocr_line' id='line_1_24' title="bbox 188 1552 1516 1605; baseline 0.002 -15"><span class='ocrx_word' id='word_1_196' title='bbox 188 1562 249 1591; x_wconf 83' lang='lat' dir='ltr'>tus</span> <span class='ocrx_word' id='word_1_197' title='bbox 276 1566 351 1590; x_wconf 89' lang='lat' dir='ltr'>nou</span> <span class='ocrx_word' id='word_1_198' title='bbox 383 1552 430 1591; x_wconf 90' lang='lat' dir='ltr'>de</span> <span class='ocrx_word' id='word_1_199' title='bbox 463 1553 571 1591; x_wconf 87' lang='lat' dir='ltr'>huius</span> <span class='ocrx_word' id='word_1_200' title='bbox 603 1566 668 1591; x_wconf 91' lang='lat' dir='ltr'>eas</span> <span class='ocrx_word' id='word_1_201' title='bbox 701 1560 935 1603; x_wconf 84' lang='lat' dir='ltr'>negaverat,</span> <span class='ocrx_word' id='word_1_202' title='bbox 974 1553 1022 1592; x_wconf 90' lang='lat' dir='ltr'>de</span> <span class='ocrx_word' id='word_1_203' title='bbox 1057 1554 1191 1605; x_wconf 87' lang='lat' dir='ltr'>quibus</span> <span class='ocrx_word' id='word_1_204' title='bbox 1230 1555 1516 1593; x_wconf 80' lang='lat' dir='ltr'>consulebatur.</span> 
     </span>
     <span class='ocr_line' id='line_1_25' title="bbox 191 1610 1519 1662; baseline 0.001 -14"><span class='ocrx_word' id='word_1_205' title='bbox 191 1610 324 1662; x_wconf 90' lang='lat' dir='ltr'>ltaque</span> <span class='ocrx_word' id='word_1_206' title='bbox 351 1612 413 1662; x_wconf 90' lang='lat' dir='ltr'>qui</span> <span class='ocrx_word' id='word_1_207' title='bbox 439 1611 557 1662; x_wconf 84' lang='lat' dir='ltr'>ipsam</span> <span class='ocrx_word' id='word_1_208' title='bbox 583 1611 656 1648; x_wconf 92' lang='lat' dir='ltr'>vim</span> <span class='ocrx_word' id='word_1_209' title='bbox 672 1618 712 1648; x_wconf 90' lang='lat' dir='ltr'>et</span> <span class='ocrx_word' id='word_1_210' title='bbox 724 1612 832 1649; x_wconf 91' lang='lat' dir='ltr'>vocis</span> <span class='ocrx_word' id='word_1_211' title='bbox 847 1618 887 1649; x_wconf 87' lang='lat' dir='ltr'>et</span> <span class='ocrx_word' id='word_1_212' title='bbox 901 1612 1224 1662; x_wconf 83' lang='lat' dir='ltr'>pronuntiationis</span> <span class='ocrx_word' id='word_1_213' title='bbox 1239 1618 1279 1650; x_wconf 87' lang='lat' dir='ltr'>et</span> <span class='ocrx_word' id='word_1_214' title='bbox 1299 1610 1519 1650; x_wconf 81' lang='lat' dir='ltr'>distinetio-</span> 
     </span>
     <span class='ocr_line' id='line_1_26' title="bbox 190 1667 1518 1720; baseline 0.002 -15"><span class='ocrx_word' id='word_1_215' title='bbox 190 1669 248 1705; x_wconf 92' lang='lat' dir='ltr'>nis</span> <span class='ocrx_word' id='word_1_216' title='bbox 274 1675 522 1719; x_wconf 86' lang='lat' dir='ltr'>exceperant,</span> <span class='ocrx_word' id='word_1_217' title='bbox 549 1668 639 1706; x_wconf 83' lang='lat' dir='ltr'>nihii</span> <span class='ocrx_word' id='word_1_218' title='bbox 655 1668 755 1706; x_wconf 90' lang='lat' dir='ltr'>aliud</span> <span class='ocrx_word' id='word_1_219' title='bbox 771 1676 985 1714; x_wconf 80' lang='lat' dir='ltr'>senserunt,</span> <span class='ocrx_word' id='word_1_220' title='bbox 1014 1682 1123 1720; x_wconf 84' lang='lat' dir='ltr'>quam</span> <span class='ocrx_word' id='word_1_221' title='bbox 1139 1668 1240 1720; x_wconf 91' lang='lat' dir='ltr'>quod</span> <span class='ocrx_word' id='word_1_222' title='bbox 1255 1667 1303 1707; x_wconf 88' lang='lat' dir='ltr'>ad</span> <span class='ocrx_word' id='word_1_223' title='bbox 1319 1670 1518 1708; x_wconf 84' lang='lat' dir='ltr'>materiam</span> 
     </span>
     <span class='ocr_line' id='line_1_27' title="bbox 192 1726 1518 1777; baseline 0.002 -14"><span class='ocrx_word' id='word_1_224' title='bbox 192 1726 483 1764; x_wconf 85' lang='lat' dir='ltr'>consultationis</span> <span class='ocrx_word' id='word_1_225' title='bbox 514 1726 746 1777; x_wconf 86' lang='lat' dir='ltr'>pertinebat.</span> <span class='ocrx_word' id='word_1_226' title='bbox 806 1726 934 1777; x_wconf 89' lang='lat' dir='ltr'>Atque</span> <span class='ocrx_word' id='word_1_227' title='bbox 967 1726 1065 1765; x_wconf 84' lang='lat' dir='ltr'>adeo</span> <span class='ocrx_word' id='word_1_228' title='bbox 1098 1727 1275 1772; x_wconf 87' lang='lat' dir='ltr'>scribae,</span> <span class='ocrx_word' id='word_1_229' title='bbox 1320 1728 1518 1777; x_wconf 66' lang='lat' dir='ltr'>magister,</span> 
     </span>
     <span class='ocr_line' id='line_1_28' title="bbox 190 1780 1521 1837; baseline 0.003 -18"><span class='ocrx_word' id='word_1_230' title='bbox 190 1783 375 1833; x_wconf 86' lang='lat' dir='ltr'>inquiunt,</span> <span class='ocrx_word' id='word_1_231' title='bbox 402 1783 500 1822; x_wconf 89' lang='lat' dir='ltr'>bene</span> <span class='ocrx_word' id='word_1_232' title='bbox 527 1783 666 1821; x_wconf 86' lang='lat' dir='ltr'>dixisti.</span> <span class='ocrx_word' id='word_1_233' title='bbox 688 1780 729 1837; x_wconf 82' lang='lat'>¹)</span> <span class='ocrx_word' id='word_1_234' title='bbox 791 1783 1095 1824; x_wconf 69' lang='lat' dir='ltr'>Confirmaverat</span> <span class='ocrx_word' id='word_1_235' title='bbox 1126 1786 1225 1822; x_wconf 90' lang='lat' dir='ltr'>enim</span> <span class='ocrx_word' id='word_1_236' title='bbox 1263 1785 1521 1823; x_wconf 84' lang='lat' dir='ltr'>resurreetio-</span> 
     </span>
     <span class='ocr_line' id='line_1_29' title="bbox 190 1840 1520 1894; baseline 0.002 -17"><span class='ocrx_word' id='word_1_237' title='bbox 190 1853 297 1887; x_wconf 86' lang='lat' dir='ltr'>nem,</span> <span class='ocrx_word' id='word_1_238' title='bbox 324 1841 484 1878; x_wconf 85' lang='lat' dir='ltr'>formam</span> <span class='ocrx_word' id='word_1_239' title='bbox 510 1842 592 1879; x_wconf 91' lang='lat' dir='ltr'>eius</span> <span class='ocrx_word' id='word_1_240' title='bbox 618 1840 769 1879; x_wconf 89' lang='lat' dir='ltr'>edendo</span> <span class='ocrx_word' id='word_1_241' title='bbox 802 1840 985 1879; x_wconf 87' lang='lat' dir='ltr'>adversus</span> <span class='ocrx_word' id='word_1_242' title='bbox 1018 1840 1334 1880; x_wconf 89' lang='lat' dir='ltr'>Sadducaeorum</span> <span class='ocrx_word' id='word_1_243' title='bbox 1368 1842 1520 1894; x_wconf 80' lang='lat' dir='ltr'>opinio—</span> 
     </span>
     <span class='ocr_line' id='line_1_30' title="bbox 190 1897 1519 1951; baseline 0.003 -17"><span class='ocrx_word' id='word_1_244' title='bbox 190 1910 291 1936; x_wconf 87' lang='lat' dir='ltr'>nem.</span> <span class='ocrx_word' id='word_1_245' title='bbox 335 1897 508 1949; x_wconf 82' lang='lat' dir='ltr'>Denique</span> <span class='ocrx_word' id='word_1_246' title='bbox 534 1899 789 1937; x_wconf 85' lang='lat' dir='ltr'>testimonium</span> <span class='ocrx_word' id='word_1_247' title='bbox 817 1912 961 1945; x_wconf 86' lang='lat' dir='ltr'>eorum,</span> <span class='ocrx_word' id='word_1_248' title='bbox 995 1900 1056 1951; x_wconf 90' lang='lat' dir='ltr'>qui</span> <span class='ocrx_word' id='word_1_249' title='bbox 1082 1900 1134 1937; x_wconf 89' lang='lat' dir='ltr'>ita</span> <span class='ocrx_word' id='word_1_250' title='bbox 1161 1912 1246 1937; x_wconf 90' lang='lat' dir='ltr'>eum</span> <span class='ocrx_word' id='word_1_251' title='bbox 1274 1899 1519 1951; x_wconf 87' lang='lat' dir='ltr'>respondisse</span> 
     </span>
     <span class='ocr_line' id='line_1_31' title="bbox 192 1951 1519 2010; baseline 0.002 -18"><span class='ocrx_word' id='word_1_252' title='bbox 192 1963 542 2007; x_wconf 84' lang='lat' dir='ltr'>praesumpserant,</span> <span class='ocrx_word' id='word_1_253' title='bbox 571 1970 646 1994; x_wconf 91' lang='lat' dir='ltr'>non</span> <span class='ocrx_word' id='word_1_254' title='bbox 671 1957 876 1995; x_wconf 86' lang='lat' dir='ltr'>recusavit.</span> <span class='ocrx_word' id='word_1_255' title='bbox 922 1955 962 1994; x_wconf 89' lang='lat' dir='ltr'>Si</span> <span class='ocrx_word' id='word_1_256' title='bbox 995 1964 1120 1995; x_wconf 88' lang='lat' dir='ltr'>autem</span> <span class='ocrx_word' id='word_1_257' title='bbox 1149 1957 1300 1995; x_wconf 78' lang='lat' dir='ltr'>scribae</span> <span class='ocrx_word' id='word_1_258' title='bbox 1328 1951 1519 2010; x_wconf 75' lang='lat' dir='ltr'>Christum</span> 
     </span>
     <span class='ocr_line' id='line_1_32' title="bbox 192 2012 1520 2066; baseline 0.003 -16"><span class='ocrx_word' id='word_1_259' title='bbox 192 2013 308 2050; x_wconf 84' lang='lat' dir='ltr'>filium</span> <span class='ocrx_word' id='word_1_260' title='bbox 334 2012 457 2052; x_wconf 88' lang='lat' dir='ltr'>David</span> <span class='ocrx_word' id='word_1_261' title='bbox 483 2014 768 2059; x_wconf 83' lang='lat' dir='ltr'>existimabant,</span> <span class='ocrx_word' id='word_1_262' title='bbox 807 2016 888 2066; x_wconf 89' lang='lat' dir='ltr'>ipse</span> <span class='ocrx_word' id='word_1_263' title='bbox 914 2022 1040 2053; x_wconf 87' lang='lat' dir='ltr'>autem</span> <span class='ocrx_word' id='word_1_264' title='bbox 1067 2014 1186 2053; x_wconf 88' lang='lat' dir='ltr'>David</span> <span class='ocrx_word' id='word_1_265' title='bbox 1216 2014 1406 2053; x_wconf 87' lang='lat' dir='ltr'>dominum</span> <span class='ocrx_word' id='word_1_266' title='bbox 1433 2025 1520 2054; x_wconf 88' lang='lat' dir='ltr'>eum</span> 
     </span>
     <span class='ocr_line' id='line_1_33' title="bbox 191 2070 1519 2124; baseline 0.002 -16"><span class='ocrx_word' id='word_1_267' title='bbox 191 2070 443 2124; x_wconf 76' lang='lat' dir='ltr'>appellat‚2)</span> <span class='ocrx_word' id='word_1_268' title='bbox 482 2071 569 2122; x_wconf 78' lang='lat' dir='ltr'>quid</span> <span class='ocrx_word' id='word_1_269' title='bbox 607 2072 681 2110; x_wconf 84' lang='lat' dir='ltr'>hoe</span> <span class='ocrx_word' id='word_1_270' title='bbox 719 2071 766 2109; x_wconf 90' lang='lat' dir='ltr'>ad</span> <span class='ocrx_word' id='word_1_271' title='bbox 806 2071 1022 2111; x_wconf 80' lang='lat' dir='ltr'>Christum?</span> <span class='ocrx_word' id='word_1_272' title='bbox 1069 2072 1157 2110; x_wconf 84' lang='lat' dir='ltr'>Nou</span> <span class='ocrx_word' id='word_1_273' title='bbox 1185 2071 1307 2110; x_wconf 84' lang='lat' dir='ltr'>David</span> <span class='ocrx_word' id='word_1_274' title='bbox 1345 2075 1519 2111; x_wconf 72' lang='lat' dir='ltr'>errorem</span> 
     </span>
     <span class='ocr_line' id='line_1_34' title="bbox 192 2127 1521 2181; baseline 0.003 -16"><span class='ocrx_word' id='word_1_275' title='bbox 192 2128 404 2166; x_wconf 88' lang='lat' dir='ltr'>scribarum</span> <span class='ocrx_word' id='word_1_276' title='bbox 431 2127 679 2175; x_wconf 88' lang='lat' dir='ltr'>obtundebat,</span> <span class='ocrx_word' id='word_1_277' title='bbox 706 2128 774 2167; x_wconf 84' lang='lat' dir='ltr'>sed</span> <span class='ocrx_word' id='word_1_278' title='bbox 802 2130 985 2168; x_wconf 90' lang='lat' dir='ltr'>honorem</span> <span class='ocrx_word' id='word_1_279' title='bbox 1013 2130 1167 2168; x_wconf 90' lang='lat' dir='ltr'>Christo</span> <span class='ocrx_word' id='word_1_280' title='bbox 1183 2129 1307 2168; x_wconf 86' lang='lat' dir='ltr'>David</span> <span class='ocrx_word' id='word_1_281' title='bbox 1334 2143 1521 2181; x_wconf 80' lang='lat' dir='ltr'>procura—-</span> 
     </span>
     <span class='ocr_line' id='line_1_35' title="bbox 190 2183 1521 2239; baseline 0.003 -17"><span class='ocrx_word' id='word_1_282' title='bbox 190 2185 276 2232; x_wconf 87' lang='lat' dir='ltr'>hat,</span> <span class='ocrx_word' id='word_1_283' title='bbox 315 2199 424 2237; x_wconf 88' lang='lat' dir='ltr'>quem</span> <span class='ocrx_word' id='word_1_284' title='bbox 451 2185 695 2238; x_wconf 83' lang='lat' dir='ltr'>dominum³)</span> <span class='ocrx_word' id='word_1_285' title='bbox 721 2188 860 2238; x_wconf 84' lang='lat' dir='ltr'>magis,</span> <span class='ocrx_word' id='word_1_286' title='bbox 888 2201 996 2239; x_wconf 88' lang='lat' dir='ltr'>quam</span> <span class='ocrx_word' id='word_1_287' title='bbox 1024 2188 1139 2226; x_wconf 80' lang='lat' dir='ltr'>filium</span> <span class='ocrx_word' id='word_1_288' title='bbox 1166 2187 1289 2226; x_wconf 88' lang='lat' dir='ltr'>David</span> <span class='ocrx_word' id='word_1_289' title='bbox 1317 2183 1521 2236; x_wconf 47' lang='lat' dir='ltr'>confirma*</span> 
     </span>
     <span class='ocr_line' id='line_1_36' title="bbox 191 2242 1522 2295; baseline 0.003 -15"><span class='ocrx_word' id='word_1_290' title='bbox 191 2243 275 2288; x_wconf 85' lang='lat' dir='ltr'>bat,</span> <span class='ocrx_word' id='word_1_291' title='bbox 315 2242 415 2295; x_wconf 89' lang='lat' dir='ltr'>quod</span> <span class='ocrx_word' id='word_1_292' title='bbox 453 2257 529 2281; x_wconf 91' lang='lat' dir='ltr'>nou</span> <span class='ocrx_word' id='word_1_293' title='bbox 567 2252 804 2290; x_wconf 69' lang='lat' dir='ltr'>congrueret</span> <span class='ocrx_word' id='word_1_294' title='bbox 841 2245 1075 2284; x_wconf 85' lang='lat' dir='ltr'>destructori</span> <span class='ocrx_word' id='word_1_295' title='bbox 1113 2247 1318 2284; x_wconf 87' lang='lat' dir='ltr'>creatoris.</span> <span class='ocrx_word' id='word_1_296' title='bbox 1380 2247 1435 2284; x_wconf 84' lang='lat' dir='ltr'>At</span> <span class='ocrx_word' id='word_1_297' title='bbox 1469 2256 1522 2284; x_wconf 74' lang='lat' dir='ltr'>‘ex</span> 
     </span>
     <span class='ocr_line' id='line_1_37' title="bbox 192 2302 1520 2354; baseline 0.003 -17"><span class='ocrx_word' id='word_1_298' title='bbox 192 2307 324 2338; x_wconf 89' lang='lat' dir='ltr'>nostra</span> <span class='ocrx_word' id='word_1_299' title='bbox 350 2308 459 2352; x_wconf 88' lang='lat' dir='ltr'>parte</span> <span class='ocrx_word' id='word_1_300' title='bbox 487 2315 595 2353; x_wconf 88' lang='lat' dir='ltr'>quam</span> <span class='ocrx_word' id='word_1_301' title='bbox 622 2303 856 2340; x_wconf 86' lang='lat' dir='ltr'>conveniens</span> <span class='ocrx_word' id='word_1_302' title='bbox 886 2304 1177 2354; x_wconf 84' lang='lat' dir='ltr'>interpretatio!</span> <span class='ocrx_word' id='word_1_303' title='bbox 1216 2302 1315 2351; x_wconf 84' lang='lat' dir='ltr'>Nam</span> <span class='ocrx_word' id='word_1_304' title='bbox 1341 2304 1404 2354; x_wconf 73' lang='lat' dir='ltr'>qui</span> <span class='ocrx_word' id='word_1_305' title='bbox 1430 2303 1520 2340; x_wconf 79' lang='lat' dir='ltr'>otim</span> 
     </span>
     <span class='ocr_line' id='line_1_38' title="bbox 194 2358 1521 2411; baseline 0.004 -17"><span class='ocrx_word' id='word_1_306' title='bbox 194 2370 217 2393; x_wconf 88' lang='lat' dir='ltr'>a</span> <span class='ocrx_word' id='word_1_307' title='bbox 254 2370 372 2396; x_wconf 90' lang='lat' dir='ltr'>caeco</span> <span class='ocrx_word' id='word_1_308' title='bbox 410 2358 476 2395; x_wconf 83' lang='lat' dir='ltr'>ilio</span> <span class='ocrx_word' id='word_1_309' title='bbox 516 2359 612 2396; x_wconf 81' lang='lat' dir='ltr'>filius</span> <span class='ocrx_word' id='word_1_310' title='bbox 644 2358 765 2398; x_wconf 87' lang='lat' dir='ltr'>David</span> <span class='ocrx_word' id='word_1_311' title='bbox 801 2361 928 2398; x_wconf 81' lang='lat' dir='ltr'>fuerat</span> <span class='ocrx_word' id='word_1_312' title='bbox 970 2361 1250 2408; x_wconf 76' lang='lat' dir='ltr'>invocatus‚⁴¹)</span> <span class='ocrx_word' id='word_1_313' title='bbox 1291 2359 1392 2411; x_wconf 89' lang='lat' dir='ltr'>quod</span> <span class='ocrx_word' id='word_1_314' title='bbox 1428 2367 1521 2399; x_wconf 81' lang='lat' dir='ltr'>tune</span> 
     </span>
     <span class='ocr_line' id='line_1_39' title="bbox 195 2414 1519 2468; baseline 0.005 -19"><span class='ocrx_word' id='word_1_315' title='bbox 195 2414 363 2459; x_wconf 86' lang='lat' dir='ltr'>reticuit,</span> <span class='ocrx_word' id='word_1_316' title='bbox 390 2429 465 2452; x_wconf 88' lang='lat' dir='ltr'>non</span> <span class='ocrx_word' id='word_1_317' title='bbox 490 2416 635 2454; x_wconf 87' lang='lat' dir='ltr'>habens</span> <span class='ocrx_word' id='word_1_318' title='bbox 660 2417 699 2454; x_wconf 92' lang='lat' dir='ltr'>in</span> <span class='ocrx_word' id='word_1_319' title='bbox 723 2419 945 2468; x_wconf 88' lang='lat' dir='ltr'>praesentia</span> <span class='ocrx_word' id='word_1_320' title='bbox 970 2418 1131 2466; x_wconf 86' lang='lat' dir='ltr'>scribas,</span> <span class='ocrx_word' id='word_1_321' title='bbox 1158 2430 1258 2457; x_wconf 90' lang='lat' dir='ltr'>nuuc</span> <span class='ocrx_word' id='word_1_322' title='bbox 1272 2418 1372 2456; x_wconf 89' lang='lat' dir='ltr'>ultro</span> <span class='ocrx_word' id='word_1_323' title='bbox 1387 2430 1519 2456; x_wconf 82' lang='lat' dir='ltr'>coram</span> 
     </span>
    </p>
   </div>
   <div class='ocr_carea' id='block_1_3' title="bbox 197 2550 1520 2640">
    <p class='ocr_par' dir='ltr' id='par_1_3' title="bbox 197 2550 1520 2640">
     <span class='ocr_line' id='line_1_40' title="bbox 289 2550 1520 2600; baseline 0.006 -22"><span class='ocrx_word' id='word_1_324' title='bbox 289 2550 325 2585; x_wconf 81' lang='lat'>1)</span> <span class='ocrx_word' id='word_1_325' title='bbox 349 2551 494 2591; x_wconf 76' lang='lat' dir='ltr'>Luc.20‚</span> <span class='ocrx_word' id='word_1_326' title='bbox 510 2554 565 2583; x_wconf 83' lang='lat'>39.</span> <span class='ocrx_word' id='word_1_327' title='bbox 631 2554 666 2591; x_wconf 83' lang='lat'>2)</span> <span class='ocrx_word' id='word_1_328' title='bbox 690 2554 893 2588; x_wconf 57' lang='lat' dir='ltr'>ilum—44.</span> <span class='ocrx_word' id='word_1_329' title='bbox 966 2558 1002 2597; x_wconf 84' lang='grc'>3)</span> <span class='ocrx_word' id='word_1_330' title='bbox 1028 2557 1137 2589; x_wconf 87' lang='lat' dir='ltr'>Rhen.</span> <span class='ocrx_word' id='word_1_331' title='bbox 1155 2556 1283 2597; x_wconf 67' lang='lat' dir='ltr'>et‘Rig.</span> <span class='ocrx_word' id='word_1_332' title='bbox 1309 2554 1447 2586; x_wconf 83' lang='lat' dir='ltr'>domin</span> <span class='ocrx_word' id='word_1_333' title='bbox 1459 2564 1520 2600; x_wconf 70' lang='lat' dir='ltr'>unx</span> 
     </span>
     <span class='ocr_line' id='line_1_41' title="bbox 197 2595 856 2640; baseline 0.012 -16"><span class='ocrx_word' id='word_1_334' title='bbox 197 2595 249 2624; x_wconf 76' lang='lat' dir='ltr'>ch</span> <span class='ocrx_word' id='word_1_335' title='bbox 261 2595 425 2626; x_wconf 84' lang='lat' dir='ltr'>ristum.</span> <span class='ocrx_word' id='word_1_336' title='bbox 519 2601 554 2637; x_wconf 79' lang='lat'>4)</span> <span class='ocrx_word' id='word_1_337' title='bbox 581 2600 663 2630; x_wconf 81' lang='lat' dir='ltr'>Luc.</span> <span class='ocrx_word' id='word_1_338' title='bbox 681 2602 734 2640; x_wconf 87' lang='lat'>18,</span> <span class='ocrx_word' id='word_1_339' title='bbox 751 2601 793 2631; x_wconf 72' lang='lat'>38</span> <span class='ocrx_word' id='word_1_340' title='bbox 808 2611 856 2639; x_wconf 79' lang='lat' dir='ltr'>sq.</span> 
     </span>
    </p>
   </div>
  </div>
 </body>
</html>
