<?xml version="1.0" encoding="UTF-8"?>
<!DOCTYPE html PUBLIC "-//W3C//DTD XHTML 1.0 Transitional//EN"
    "http://www.w3.org/TR/xhtml1/DTD/xhtml1-transitional.dtd">
<html xmlns="http://www.w3.org/1999/xhtml" xml:lang="en" lang="en">
 <head>
  <title>
</title>
<meta http-equiv="Content-Type" content="text/html;charset=utf-8" />
  <meta name='ocr-system' content='tesseract 3.04.00' />
  <meta name='ocr-capabilities' content='ocr_page ocr_carea ocr_par ocr_line ocrx_word'/>
</head>
<body>
  <div class='ocr_page' id='page_1' title='image "./operatert34tertuoft_0294.png"; bbox 0 0 1624 2826; ppageno 0'>
   <div class='ocr_carea' id='block_1_1' title="bbox 177 194 1257 234">
    <p class='ocr_par' dir='ltr' id='par_1_1' title="bbox 177 194 1257 234">
     <span class='ocr_line' id='line_1_1' title="bbox 177 194 1257 234; baseline -0.008 0"><span class='ocrx_word' id='word_1_1' title='bbox 177 196 282 234; x_wconf 69' lang='lat'><strong>254</strong></span> <span class='ocrx_word' id='word_1_2' title='bbox 445 197 572 229; x_wconf 84' lang='lat' dir='ltr'><strong>ADV.</strong></span> <span class='ocrx_word' id='word_1_3' title='bbox 610 196 971 227; x_wconf 78' lang='lat' dir='ltr'><strong>MARcmNEM</strong></span> <span class='ocrx_word' id='word_1_4' title='bbox 1006 195 1183 226; x_wconf 83' lang='lat' dir='ltr'><strong>LIBER</strong></span> <span class='ocrx_word' id='word_1_5' title='bbox 1218 194 1257 224; x_wconf 86' lang='lat' dir='ltr'><strong>v.</strong></span> 
     </span>
    </p>
   </div>
   <div class='ocr_carea' id='block_1_2' title="bbox 179 285 1545 2455">
    <p class='ocr_par' dir='ltr' id='par_1_2' title="bbox 179 285 1545 2455">
     <span class='ocr_line' id='line_1_2' title="bbox 179 285 1506 340; baseline -0.005 -11"><span class='ocrx_word' id='word_1_6' title='bbox 179 290 348 340; x_wconf 83' lang='lat' dir='ltr'><strong>resurgit</strong></span> <span class='ocrx_word' id='word_1_7' title='bbox 379 288 565 340; x_wconf 87' lang='lat' dir='ltr'><strong>spiritale.</strong></span> <span class='ocrx_word' id='word_1_8' title='bbox 584 288 620 337; x_wconf 90' lang='lat'><strong>¹)</strong></span> <span class='ocrx_word' id='word_1_9' title='bbox 682 287 766 326; x_wconf 87' lang='lat' dir='ltr'><strong>Etsi</strong></span> <span class='ocrx_word' id='word_1_10' title='bbox 797 287 915 326; x_wconf 86' lang='lat' dir='ltr'><strong>habet</strong></span> <span class='ocrx_word' id='word_1_11' title='bbox 946 286 1101 340; x_wconf 84' lang='lat' dir='ltr'>aliquod</span> <span class='ocrx_word' id='word_1_12' title='bbox 1135 285 1327 340; x_wconf 87' lang='lat' dir='ltr'><strong>proprium</strong></span> <span class='ocrx_word' id='word_1_13' title='bbox 1367 297 1506 337; x_wconf 82' lang='lat' dir='ltr'><strong>corpus</strong></span> 
     </span>
     <span class='ocr_line' id='line_1_3' title="bbox 180 343 1506 397; baseline -0.002 -12"><span class='ocrx_word' id='word_1_14' title='bbox 180 348 305 385; x_wconf 87' lang='lat' dir='ltr'><strong>anima</strong></span> <span class='ocrx_word' id='word_1_15' title='bbox 329 345 391 383; x_wconf 90' lang='lat' dir='ltr'><strong>vel</strong></span> <span class='ocrx_word' id='word_1_16' title='bbox 417 345 589 396; x_wconf 86' lang='lat' dir='ltr'><strong>spiritus,</strong></span> <span class='ocrx_word' id='word_1_17' title='bbox 630 351 671 382; x_wconf 92' lang='lat' dir='ltr'><strong>ut</strong></span> <span class='ocrx_word' id='word_1_18' title='bbox 694 346 817 396; x_wconf 82' lang='lat' dir='ltr'><strong>possit</strong></span> <span class='ocrx_word' id='word_1_19' title='bbox 840 344 964 384; x_wconf 84' lang='lat' dir='ltr'><strong>videri</strong></span> <span class='ocrx_word' id='word_1_20' title='bbox 991 358 1131 397; x_wconf 87' lang='lat' dir='ltr'><strong>corpus</strong></span> <span class='ocrx_word' id='word_1_21' title='bbox 1157 343 1319 382; x_wconf 82' lang='lat' dir='ltr'><strong>animale</strong></span> <span class='ocrx_word' id='word_1_22' title='bbox 1347 343 1506 382; x_wconf 83' lang='lat' dir='ltr'><strong>animam</strong></span> 
     </span>
     <span class='ocr_line' id='line_1_4' title="bbox 182 400 1508 455; baseline -0.003 -13"><span class='ocrx_word' id='word_1_23' title='bbox 182 403 403 455; x_wconf 85' lang='lat' dir='ltr'><strong>significare</strong></span> <span class='ocrx_word' id='word_1_24' title='bbox 437 409 476 440; x_wconf 89' lang='lat' dir='ltr'><strong>et</strong></span> <span class='ocrx_word' id='word_1_25' title='bbox 508 415 646 453; x_wconf 90' lang='lat' dir='ltr'><strong>corpus</strong></span> <span class='ocrx_word' id='word_1_26' title='bbox 679 403 852 454; x_wconf 88' lang='lat' dir='ltr'><strong>spiritale</strong></span> <span class='ocrx_word' id='word_1_27' title='bbox 885 401 1076 454; x_wconf 75' lang='lat' dir='ltr'><strong>spiritum,</strong></span> <span class='ocrx_word' id='word_1_28' title='bbox 1117 416 1191 440; x_wconf 90' lang='lat' dir='ltr'><strong>non</strong></span> <span class='ocrx_word' id='word_1_29' title='bbox 1224 400 1313 439; x_wconf 86' lang='lat' dir='ltr'><strong>ideo</strong></span> <span class='ocrx_word' id='word_1_30' title='bbox 1348 401 1508 439; x_wconf 83' lang='lat' dir='ltr'><strong>animam</strong></span> 
     </span>
     <span class='ocr_line' id='line_1_5' title="bbox 183 455 1510 511; baseline -0.003 -12"><span class='ocrx_word' id='word_1_31' title='bbox 183 461 278 503; x_wconf 88' lang='lat' dir='ltr'><strong>dicit</strong></span> <span class='ocrx_word' id='word_1_32' title='bbox 301 461 339 498; x_wconf 90' lang='lat' dir='ltr'><strong>in</strong></span> <span class='ocrx_word' id='word_1_33' title='bbox 366 461 652 497; x_wconf 84' lang='lat' dir='ltr'><strong>resurrectione</strong></span> <span class='ocrx_word' id='word_1_34' title='bbox 680 460 852 511; x_wconf 86' lang='lat' dir='ltr'><strong>spiritum</strong></span> <span class='ocrx_word' id='word_1_35' title='bbox 880 461 1042 498; x_wconf 84' lang='lat' dir='ltr'><strong>futuram</strong></span> <span class='ocrx_word' id='word_1_36' title='bbox 1059 488 1069 506; x_wconf 85' lang='lat'><strong>‚</strong></span> <span class='ocrx_word' id='word_1_37' title='bbox 1109 459 1177 498; x_wconf 91' lang='lat' dir='ltr'><strong>sed</strong></span> <span class='ocrx_word' id='word_1_38' title='bbox 1205 470 1368 510; x_wconf 83' lang='lat' dir='ltr'><strong>corpuS‚</strong></span> <span class='ocrx_word' id='word_1_39' title='bbox 1409 455 1510 509; x_wconf 90' lang='lat' dir='ltr'><strong>quod</strong></span> 
     </span>
     <span class='ocr_line' id='line_1_6' title="bbox 185 513 1511 568; baseline -0.002 -12"><span class='ocrx_word' id='word_1_40' title='bbox 185 532 269 556; x_wconf 89' lang='lat' dir='ltr'><strong>cum</strong></span> <span class='ocrx_word' id='word_1_41' title='bbox 295 518 420 555; x_wconf 87' lang='lat' dir='ltr'><strong>anima</strong></span> <span class='ocrx_word' id='word_1_42' title='bbox 445 516 639 555; x_wconf 88' lang='lat' dir='ltr'><strong>nascendo</strong></span> <span class='ocrx_word' id='word_1_43' title='bbox 673 524 710 555; x_wconf 90' lang='lat' dir='ltr'><strong>et</strong></span> <span class='ocrx_word' id='word_1_44' title='bbox 743 516 823 568; x_wconf 56' lang='lat' dir='ltr'><strong>per&#39;</strong></span> <span class='ocrx_word' id='word_1_45' title='bbox 844 519 1005 556; x_wconf 84' lang='lat' dir='ltr'><strong>animam</strong></span> <span class='ocrx_word' id='word_1_46' title='bbox 1039 515 1201 556; x_wconf 83' lang='lat' dir='ltr'><strong>vivendo</strong></span> <span class='ocrx_word' id='word_1_47' title='bbox 1235 515 1400 554; x_wconf 79' lang='lat' dir='ltr'><strong>animale</strong></span> <span class='ocrx_word' id='word_1_48' title='bbox 1433 513 1511 553; x_wconf 86' lang='lat' dir='ltr'><strong>dici</strong></span> 
     </span>
     <span class='ocr_line' id='line_1_7' title="bbox 185 574 1512 626; baseline -0.002 -13"><span class='ocrx_word' id='word_1_49' title='bbox 185 576 308 626; x_wconf 72' lang='lat' dir='ltr'><strong>capit,</strong></span> <span class='ocrx_word' id='word_1_50' title='bbox 347 574 511 612; x_wconf 89' lang='lat' dir='ltr'><strong>futurum</strong></span> <span class='ocrx_word' id='word_1_51' title='bbox 543 574 733 624; x_wconf 81' lang='lat' dir='ltr'><strong>spiritale,</strong></span> <span class='ocrx_word' id='word_1_52' title='bbox 762 574 847 613; x_wconf 89' lang='lat' dir='ltr'><strong>dum</strong></span> <span class='ocrx_word' id='word_1_53' title='bbox 874 588 945 626; x_wconf 86' lang='lat' dir='ltr'><strong>per</strong></span> <span class='ocrx_word' id='word_1_54' title='bbox 969 576 1143 626; x_wconf 87' lang='lat' dir='ltr'><strong>spiritum</strong></span> <span class='ocrx_word' id='word_1_55' title='bbox 1170 574 1294 624; x_wconf 78' lang='lat' dir='ltr'><strong>surgit</strong></span> <span class='ocrx_word' id='word_1_56' title='bbox 1318 574 1356 611; x_wconf 90' lang='lat' dir='ltr'><strong>in</strong></span> <span class='ocrx_word' id='word_1_57' title='bbox 1383 579 1512 611; x_wconf 83' lang='lat' dir='ltr'><strong>aeter-</strong></span> 
     </span>
     <span class='ocr_line' id='line_1_8' title="bbox 185 630 1513 682; baseline -0.002 -12"><span class='ocrx_word' id='word_1_58' title='bbox 185 633 356 670; x_wconf 86' lang='lat' dir='ltr'><strong>nitatem.</strong></span> <span class='ocrx_word' id='word_1_59' title='bbox 419 631 592 682; x_wconf 88' lang='lat' dir='ltr'><strong>Denique</strong></span> <span class='ocrx_word' id='word_1_60' title='bbox 630 632 661 669; x_wconf 90' lang='lat' dir='ltr'><strong>si</strong></span> <span class='ocrx_word' id='word_1_61' title='bbox 699 644 773 669; x_wconf 90' lang='lat' dir='ltr'><strong>non</strong></span> <span class='ocrx_word' id='word_1_62' title='bbox 812 633 955 679; x_wconf 83' lang='lat' dir='ltr'><strong>anima,</strong></span> <span class='ocrx_word' id='word_1_63' title='bbox 995 631 1064 670; x_wconf 92' lang='lat' dir='ltr'><strong>sed</strong></span> <span class='ocrx_word' id='word_1_64' title='bbox 1103 645 1194 670; x_wconf 84' lang='lat' dir='ltr'><strong>caro</strong></span> <span class='ocrx_word' id='word_1_65' title='bbox 1228 631 1437 670; x_wconf 82' lang='lat' dir='ltr'><strong>seminatur</strong></span> <span class='ocrx_word' id='word_1_66' title='bbox 1474 630 1513 668; x_wconf 82' lang='lat' dir='ltr'><strong>in</strong></span> 
     </span>
     <span class='ocr_line' id='line_1_9' title="bbox 187 687 1516 740; baseline -0.002 -13"><span class='ocrx_word' id='word_1_67' title='bbox 187 689 427 740; x_wconf 80' lang='lat' dir='ltr'>corruptela,</span> <span class='ocrx_word' id='word_1_68' title='bbox 468 687 554 726; x_wconf 87' lang='lat' dir='ltr'><strong>dum</strong></span> <span class='ocrx_word' id='word_1_69' title='bbox 581 687 801 727; x_wconf 81' lang='lat' dir='ltr'><strong>dissolvitur</strong></span> <span class='ocrx_word' id='word_1_70' title='bbox 825 691 863 727; x_wconf 90' lang='lat' dir='ltr'><strong>in</strong></span> <span class='ocrx_word' id='word_1_71' title='bbox 890 697 1051 736; x_wconf 83' lang='lat' dir='ltr'><strong>terram,</strong></span> <span class='ocrx_word' id='word_1_72' title='bbox 1085 690 1159 728; x_wconf 85' lang='lat' dir='ltr'><strong>iam</strong></span> <span class='ocrx_word' id='word_1_73' title='bbox 1185 702 1263 727; x_wconf 91' lang='lat' dir='ltr'><strong>non</strong></span> <span class='ocrx_word' id='word_1_74' title='bbox 1289 689 1416 726; x_wconf 85' lang='lat' dir='ltr'><strong>anima</strong></span> <span class='ocrx_word' id='word_1_75' title='bbox 1441 687 1516 726; x_wconf 84' lang='lat' dir='ltr'><strong>erit</strong></span> 
     </span>
     <span class='ocr_line' id='line_1_10' title="bbox 188 743 1516 798; baseline -0.002 -14"><span class='ocrx_word' id='word_1_76' title='bbox 188 759 327 797; x_wconf 88' lang='lat' dir='ltr'><strong>corpus</strong></span> <span class='ocrx_word' id='word_1_77' title='bbox 354 746 538 791; x_wconf 76' lang='lat' dir='ltr'><strong>animale,</strong></span> <span class='ocrx_word' id='word_1_78' title='bbox 565 745 634 783; x_wconf 89' lang='lat' dir='ltr'><strong>sed</strong></span> <span class='ocrx_word' id='word_1_79' title='bbox 661 760 771 793; x_wconf 63' lang='grc' dir='ltr'><strong>οπο,</strong></span> <span class='ocrx_word' id='word_1_80' title='bbox 800 760 895 797; x_wconf 87' lang='lat' dir='ltr'><strong>quae</strong></span> <span class='ocrx_word' id='word_1_81' title='bbox 922 748 994 785; x_wconf 88' lang='lat' dir='ltr'><strong>fuit</strong></span> <span class='ocrx_word' id='word_1_82' title='bbox 1019 760 1159 798; x_wconf 90' lang='lat' dir='ltr'><strong>corpus</strong></span> <span class='ocrx_word' id='word_1_83' title='bbox 1176 746 1370 792; x_wconf 61' lang='lat' dir='ltr'><strong>animale,</strong></span> <span class='ocrx_word' id='word_1_84' title='bbox 1398 743 1516 796; x_wconf 86' lang='lat' dir='ltr'><strong>siqui·</strong></span> 
     </span>
     <span class='ocr_line' id='line_1_11' title="bbox 189 802 1517 855; baseline -0.002 -14"><span class='ocrx_word' id='word_1_85' title='bbox 189 802 275 841; x_wconf 90' lang='lat' dir='ltr'><strong>dem</strong></span> <span class='ocrx_word' id='word_1_86' title='bbox 302 802 348 840; x_wconf 90' lang='lat' dir='ltr'><strong>de</strong></span> <span class='ocrx_word' id='word_1_87' title='bbox 375 803 529 840; x_wconf 83' lang='lat' dir='ltr'><strong>animali</strong></span> <span class='ocrx_word' id='word_1_88' title='bbox 556 803 718 841; x_wconf 83' lang='lat' dir='ltr'><strong>eflicitur</strong></span> <span class='ocrx_word' id='word_1_89' title='bbox 744 804 935 855; x_wconf 82' lang='lat' dir='ltr'><strong>spiritale,</strong></span> <span class='ocrx_word' id='word_1_90' title='bbox 970 804 1070 841; x_wconf 90' lang='lat' dir='ltr'><strong>sicut</strong></span> <span class='ocrx_word' id='word_1_91' title='bbox 1095 811 1135 841; x_wconf 88' lang='lat' dir='ltr'><strong>et</strong></span> <span class='ocrx_word' id='word_1_92' title='bbox 1160 803 1261 841; x_wconf 83' lang='lat' dir='ltr'><strong>infra</strong></span> <span class='ocrx_word' id='word_1_93' title='bbox 1287 802 1401 840; x_wconf 86' lang='lat' dir='ltr'><strong>dicit:</strong></span> <span class='ocrx_word' id='word_1_94' title='bbox 1441 813 1517 839; x_wconf 88' lang='lat' dir='ltr'><strong>non</strong></span> 
     </span>
     <span class='ocr_line' id='line_1_12' title="bbox 188 857 1517 911; baseline -0.001 -14"><span class='ocrx_word' id='word_1_95' title='bbox 188 861 348 911; x_wconf 86' lang='lat' dir='ltr'><strong>primum</strong></span> <span class='ocrx_word' id='word_1_96' title='bbox 375 859 475 911; x_wconf 93' lang='lat' dir='ltr'><strong>quod</strong></span> <span class='ocrx_word' id='word_1_97' title='bbox 502 859 746 911; x_wconf 69' lang='lat' dir='ltr'><strong>spiritale.2)‘</strong></span> <span class='ocrx_word' id='word_1_98' title='bbox 796 859 858 898; x_wconf 94' lang='lat' dir='ltr'><strong>Ad</strong></span> <span class='ocrx_word' id='word_1_99' title='bbox 886 861 958 898; x_wconf 89' lang='lat' dir='ltr'><strong>hoc</strong></span> <span class='ocrx_word' id='word_1_100' title='bbox 986 861 1086 898; x_wconf 89' lang='lat' dir='ltr'><strong>enim</strong></span> <span class='ocrx_word' id='word_1_101' title='bbox 1112 867 1151 898; x_wconf 90' lang='lat' dir='ltr'><strong>et</strong></span> <span class='ocrx_word' id='word_1_102' title='bbox 1177 859 1225 898; x_wconf 86' lang='lat' dir='ltr'><strong>de</strong></span> <span class='ocrx_word' id='word_1_103' title='bbox 1251 860 1335 910; x_wconf 91' lang='lat' dir='ltr'><strong>ipso</strong></span> <span class='ocrx_word' id='word_1_104' title='bbox 1363 857 1517 896; x_wconf 88' lang='lat' dir='ltr'><strong>Christo</strong></span> 
     </span>
     <span class='ocr_line' id='line_1_13' title="bbox 189 916 1517 969; baseline -0.001 -15"><span class='ocrx_word' id='word_1_105' title='bbox 189 918 416 969; x_wconf 81' lang='lat' dir='ltr'><strong>praestruit:</strong></span> <span class='ocrx_word' id='word_1_106' title='bbox 456 917 580 955; x_wconf 85' lang='lat' dir='ltr'><strong>factus</strong></span> <span class='ocrx_word' id='word_1_107' title='bbox 617 918 759 968; x_wconf 90' lang='lat' dir='ltr'><strong>primus</strong></span> <span class='ocrx_word' id='word_1_108' title='bbox 796 917 910 955; x_wconf 89' lang='lat' dir='ltr'><strong>homo</strong></span> <span class='ocrx_word' id='word_1_109' title='bbox 948 916 1072 955; x_wconf 87' lang='lat' dir='ltr'><strong>Adam</strong></span> <span class='ocrx_word' id='word_1_110' title='bbox 1109 918 1149 955; x_wconf 88' lang='lat' dir='ltr'><strong>in</strong></span> <span class='ocrx_word' id='word_1_111' title='bbox 1186 917 1350 955; x_wconf 84' lang='lat' dir='ltr'><strong>animam</strong></span> <span class='ocrx_word' id='word_1_112' title='bbox 1380 916 1517 961; x_wconf 82' lang='lat' dir='ltr'><strong>vivam,</strong></span> 
     </span>
     <span class='ocr_line' id='line_1_14' title="bbox 191 972 1520 1026; baseline -0.002 -14"><span class='ocrx_word' id='word_1_113' title='bbox 191 975 416 1013; x_wconf 88' lang='lat' dir='ltr'><strong>novissimus</strong></span> <span class='ocrx_word' id='word_1_114' title='bbox 442 972 565 1011; x_wconf 86' lang='lat' dir='ltr'><strong>Adam</strong></span> <span class='ocrx_word' id='word_1_115' title='bbox 591 974 629 1010; x_wconf 94' lang='lat' dir='ltr'><strong>in</strong></span> <span class='ocrx_word' id='word_1_116' title='bbox 655 975 829 1025; x_wconf 91' lang='lat' dir='ltr'><strong>spiritum</strong></span> <span class='ocrx_word' id='word_1_117' title='bbox 854 973 1128 1022; x_wconf 80' lang='lat' dir='ltr'><strong>vivificantem3</strong></span> <span class='ocrx_word' id='word_1_118' title='bbox 1145 975 1184 1026; x_wconf 88' lang='lat'><strong>3)</strong></span> <span class='ocrx_word' id='word_1_119' title='bbox 1223 974 1317 1011; x_wconf 89' lang='lat' dir='ltr'><strong>licet</strong></span> <span class='ocrx_word' id='word_1_120' title='bbox 1341 972 1520 1011; x_wconf 91' lang='lat' dir='ltr'><strong>stultissi-</strong></span> 
     </span>
     <span class='ocr_line' id='line_1_15' title="bbox 191 1028 1522 1081; baseline -0.002 -12"><span class='ocrx_word' id='word_1_121' title='bbox 191 1045 272 1069; x_wconf 84' lang='lat' dir='ltr'><strong>mus</strong></span> <span class='ocrx_word' id='word_1_122' title='bbox 309 1031 529 1078; x_wconf 79' lang='lat' dir='ltr'><strong>haereticus</strong></span> <span class='ocrx_word' id='word_1_123' title='bbox 567 1031 734 1068; x_wconf 87' lang='lat' dir='ltr'><strong>noluerit</strong></span> <span class='ocrx_word' id='word_1_124' title='bbox 770 1032 824 1068; x_wconf 85' lang='lat' dir='ltr'><strong>ita</strong></span> <span class='ocrx_word' id='word_1_125' title='bbox 861 1037 972 1077; x_wconf 77' lang='lat' dir='ltr'><strong>esse,</strong></span> <span class='ocrx_word' id='word_1_126' title='bbox 1024 1031 1215 1069; x_wconf 89' lang='lat' dir='ltr'><strong>domiuum</strong></span> <span class='ocrx_word' id='word_1_127' title='bbox 1255 1030 1356 1067; x_wconf 89' lang='lat' dir='ltr'><strong>enim</strong></span> <span class='ocrx_word' id='word_1_128' title='bbox 1392 1028 1522 1081; x_wconf 82' lang='lat' dir='ltr'><strong>posuit</strong></span> 
     </span>
     <span class='ocr_line' id='line_1_16' title="bbox 192 1086 1523 1139; baseline -0.002 -13"><span class='ocrx_word' id='word_1_129' title='bbox 192 1089 433 1126; x_wconf 87' lang='lat' dir='ltr'><strong>novissimum</strong></span> <span class='ocrx_word' id='word_1_130' title='bbox 459 1101 529 1139; x_wconf 90' lang='lat' dir='ltr'><strong>pro</strong></span> <span class='ocrx_word' id='word_1_131' title='bbox 556 1089 761 1125; x_wconf 86' lang='lat' dir='ltr'><strong>novissimo</strong></span> <span class='ocrx_word' id='word_1_132' title='bbox 788 1086 933 1134; x_wconf 80' lang='lat' dir='ltr'><strong>Adam,</strong></span> <span class='ocrx_word' id='word_1_133' title='bbox 961 1089 1104 1126; x_wconf 86' lang='lat' dir='ltr'><strong>veritus</strong></span> <span class='ocrx_word' id='word_1_134' title='bbox 1131 1087 1302 1133; x_wconf 82' lang='lat' dir='ltr'><strong>scilicet,</strong></span> <span class='ocrx_word' id='word_1_135' title='bbox 1330 1098 1397 1133; x_wconf 88' lang='lat' dir='ltr'><strong>ne,</strong></span> <span class='ocrx_word' id='word_1_136' title='bbox 1425 1086 1457 1124; x_wconf 88' lang='lat' dir='ltr'><strong>si</strong></span> <span class='ocrx_word' id='word_1_137' title='bbox 1483 1091 1523 1124; x_wconf 88' lang='lat' dir='ltr'><strong>et</strong></span> 
     </span>
     <span class='ocr_line' id='line_1_17' title="bbox 193 1143 1522 1191; baseline -0.001 -9"><span class='ocrx_word' id='word_1_138' title='bbox 193 1144 384 1182; x_wconf 90' lang='lat' dir='ltr'><strong>dominum</strong></span> <span class='ocrx_word' id='word_1_139' title='bbox 411 1145 654 1182; x_wconf 90' lang='lat' dir='ltr'><strong>novissimum</strong></span> <span class='ocrx_word' id='word_1_140' title='bbox 686 1144 849 1183; x_wconf 84' lang='lat' dir='ltr'><strong>haberet</strong></span> <span class='ocrx_word' id='word_1_141' title='bbox 873 1143 1016 1191; x_wconf 80' lang='lat' dir='ltr'><strong>Adam,</strong></span> <span class='ocrx_word' id='word_1_142' title='bbox 1058 1152 1098 1183; x_wconf 88' lang='lat' dir='ltr'><strong>et</strong></span> <span class='ocrx_word' id='word_1_143' title='bbox 1129 1143 1300 1182; x_wconf 89' lang='lat' dir='ltr'><strong>eiusdem</strong></span> <span class='ocrx_word' id='word_1_144' title='bbox 1328 1143 1522 1181; x_wconf 76' lang='lat' dir='ltr'><strong>Christum</strong></span> 
     </span>
     <span class='ocr_line' id='line_1_18' title="bbox 193 1198 1524 1253; baseline -0.001 -14"><span class='ocrx_word' id='word_1_145' title='bbox 193 1201 487 1240; x_wconf 82' lang='lat' dir='ltr'><strong>defenderemus</strong></span> <span class='ocrx_word' id='word_1_146' title='bbox 518 1203 557 1239; x_wconf 90' lang='lat' dir='ltr'><strong>in</strong></span> <span class='ocrx_word' id='word_1_147' title='bbox 587 1201 710 1240; x_wconf 86' lang='lat' dir='ltr'><strong>Adam</strong></span> <span class='ocrx_word' id='word_1_148' title='bbox 744 1203 969 1248; x_wconf 87' lang='lat' dir='ltr'><strong>novissimo,</strong></span> <span class='ocrx_word' id='word_1_149' title='bbox 1007 1203 1113 1240; x_wconf 85' lang='lat' dir='ltr'><strong>cuius</strong></span> <span class='ocrx_word' id='word_1_150' title='bbox 1141 1208 1181 1239; x_wconf 92' lang='lat' dir='ltr'><strong>et</strong></span> <span class='ocrx_word' id='word_1_151' title='bbox 1206 1202 1380 1253; x_wconf 87' lang='lat' dir='ltr'><strong>primum.</strong></span> <span class='ocrx_word' id='word_1_152' title='bbox 1443 1198 1524 1238; x_wconf 86' lang='lat' dir='ltr'><strong>Sed</strong></span> 
     </span>
     <span class='ocr_line' id='line_1_19' title="bbox 192 1257 1525 1310; baseline 0 -14"><span class='ocrx_word' id='word_1_153' title='bbox 192 1259 326 1297; x_wconf 87' lang='lat' dir='ltr'><strong>falsum</strong></span> <span class='ocrx_word' id='word_1_154' title='bbox 353 1259 514 1296; x_wconf 85' lang='lat' dir='ltr'><strong>relucet.</strong></span> <span class='ocrx_word' id='word_1_155' title='bbox 578 1258 656 1296; x_wconf 91' lang='lat' dir='ltr'><strong>Cur</strong></span> <span class='ocrx_word' id='word_1_156' title='bbox 688 1259 786 1297; x_wconf 90' lang='lat' dir='ltr'><strong>enim</strong></span> <span class='ocrx_word' id='word_1_157' title='bbox 820 1260 962 1310; x_wconf 88' lang='lat' dir='ltr'><strong>primus</strong></span> <span class='ocrx_word' id='word_1_158' title='bbox 992 1257 1136 1306; x_wconf 83' lang='lat' dir='ltr'><strong>Adam,</strong></span> <span class='ocrx_word' id='word_1_159' title='bbox 1177 1259 1249 1296; x_wconf 91' lang='lat' dir='ltr'><strong>nisi</strong></span> <span class='ocrx_word' id='word_1_160' title='bbox 1276 1259 1360 1310; x_wconf 79' lang='lat' dir='ltr'><strong>quia</strong></span> <span class='ocrx_word' id='word_1_161' title='bbox 1390 1264 1430 1296; x_wconf 89' lang='lat' dir='ltr'><strong>et</strong></span> <span class='ocrx_word' id='word_1_162' title='bbox 1454 1269 1525 1296; x_wconf 88' lang='lat' dir='ltr'><strong>no-</strong></span> 
     </span>
     <span class='ocr_line' id='line_1_20' title="bbox 193 1314 1526 1367; baseline 0 -14"><span class='ocrx_word' id='word_1_163' title='bbox 193 1317 366 1362; x_wconf 81' lang='lat' dir='ltr'><strong>vissimus</strong></span> <span class='ocrx_word' id='word_1_164' title='bbox 390 1314 540 1353; x_wconf 83' lang='lat' dir='ltr'><strong>Adam?</strong></span> <span class='ocrx_word' id='word_1_165' title='bbox 588 1315 677 1354; x_wconf 89' lang='lat' dir='ltr'><strong>Non</strong></span> <span class='ocrx_word' id='word_1_166' title='bbox 708 1316 852 1354; x_wconf 81' lang='lat' dir='ltr'><strong>habent</strong></span> <span class='ocrx_word' id='word_1_167' title='bbox 883 1315 1057 1355; x_wconf 89' lang='lat' dir='ltr'><strong>ordinem</strong></span> <span class='ocrx_word' id='word_1_168' title='bbox 1083 1317 1186 1354; x_wconf 88' lang='lat' dir='ltr'><strong>inter</strong></span> <span class='ocrx_word' id='word_1_169' title='bbox 1211 1328 1272 1362; x_wconf 91' lang='lat' dir='ltr'><strong>se,</strong></span> <span class='ocrx_word' id='word_1_170' title='bbox 1316 1315 1390 1354; x_wconf 90' lang='lat' dir='ltr'><strong>nisi</strong></span> <span class='ocrx_word' id='word_1_171' title='bbox 1415 1315 1526 1367; x_wconf 78' lang='lat' dir='ltr'><strong>paria</strong></span> 
     </span>
     <span class='ocr_line' id='line_1_21' title="bbox 196 1371 1526 1423; baseline 0.002 -14"><span class='ocrx_word' id='word_1_172' title='bbox 196 1385 367 1423; x_wconf 85' lang='lat' dir='ltr'><strong>quaeque</strong></span> <span class='ocrx_word' id='word_1_173' title='bbox 407 1380 446 1410; x_wconf 91' lang='lat' dir='ltr'><strong>et</strong></span> <span class='ocrx_word' id='word_1_174' title='bbox 483 1371 655 1410; x_wconf 89' lang='lat' dir='ltr'><strong>eiusdem</strong></span> <span class='ocrx_word' id='word_1_175' title='bbox 691 1374 751 1411; x_wconf 84' lang='lat' dir='ltr'><strong>vel</strong></span> <span class='ocrx_word' id='word_1_176' title='bbox 791 1375 953 1418; x_wconf 88' lang='lat' dir='ltr'><strong>nominis</strong></span> <span class='ocrx_word' id='word_1_177' title='bbox 990 1375 1052 1412; x_wconf 90' lang='lat' dir='ltr'><strong>vel</strong></span> <span class='ocrx_word' id='word_1_178' title='bbox 1084 1373 1320 1412; x_wconf 84' lang='lat' dir='ltr'><strong>substantiae</strong></span> <span class='ocrx_word' id='word_1_179' title='bbox 1358 1373 1421 1412; x_wconf 83' lang='lat' dir='ltr'><strong>vel</strong></span> <span class='ocrx_word' id='word_1_180' title='bbox 1458 1386 1526 1412; x_wconf 80' lang='lat' dir='ltr'><strong>au-</strong></span> 
     </span>
     <span class='ocr_line' id='line_1_22' title="bbox 198 1428 1528 1482; baseline 0.002 -16"><span class='ocrx_word' id='word_1_181' title='bbox 198 1430 329 1466; x_wconf 87' lang='lat' dir='ltr'><strong>ctoris.</strong></span> <span class='ocrx_word' id='word_1_182' title='bbox 403 1428 501 1466; x_wconf 85' lang='lat' dir='ltr'><strong>Nam</strong></span> <span class='ocrx_word' id='word_1_183' title='bbox 545 1430 617 1466; x_wconf 91' lang='lat' dir='ltr'><strong>etsi</strong></span> <span class='ocrx_word' id='word_1_184' title='bbox 660 1437 789 1480; x_wconf 89' lang='lat' dir='ltr'><strong>potest</strong></span> <span class='ocrx_word' id='word_1_185' title='bbox 826 1431 864 1467; x_wconf 91' lang='lat' dir='ltr'><strong>in</strong></span> <span class='ocrx_word' id='word_1_186' title='bbox 903 1430 1064 1468; x_wconf 88' lang='lat' dir='ltr'><strong>diversis</strong></span> <span class='ocrx_word' id='word_1_187' title='bbox 1102 1444 1253 1482; x_wconf 89' lang='lat' dir='ltr'><strong>quoque</strong></span> <span class='ocrx_word' id='word_1_188' title='bbox 1298 1443 1384 1470; x_wconf 84' lang='lat' dir='ltr'><strong>esse</strong></span> <span class='ocrx_word' id='word_1_189' title='bbox 1423 1429 1528 1469; x_wconf 82' lang='lat' dir='ltr'><strong>aliud</strong></span> 
     </span>
     <span class='ocr_line' id='line_1_23' title="bbox 197 1484 1526 1537; baseline 0.004 -15"><span class='ocrx_word' id='word_1_190' title='bbox 197 1486 377 1537; x_wconf 77' lang='lat' dir='ltr'><strong>primum,</strong></span> <span class='ocrx_word' id='word_1_191' title='bbox 416 1484 519 1523; x_wconf 84' lang='lat' dir='ltr'><strong>aliud</strong></span> <span class='ocrx_word' id='word_1_192' title='bbox 545 1486 807 1532; x_wconf 83' lang='lat' dir='ltr'><strong>novissimum,</strong></span> <span class='ocrx_word' id='word_1_193' title='bbox 852 1486 920 1524; x_wconf 88' lang='lat' dir='ltr'><strong>sed</strong></span> <span class='ocrx_word' id='word_1_194' title='bbox 953 1488 1063 1525; x_wconf 90' lang='lat' dir='ltr'><strong>unius</strong></span> <span class='ocrx_word' id='word_1_195' title='bbox 1094 1490 1279 1526; x_wconf 81' lang='lat' dir='ltr'><strong>auctoris.</strong></span> <span class='ocrx_word' id='word_1_196' title='bbox 1343 1484 1526 1528; x_wconf 75' lang='lat' dir='ltr'><strong>Ceterum</strong></span> 
     </span>
     <span class='ocr_line' id='line_1_24' title="bbox 199 1543 1545 1596; baseline 0.004 -17"><span class='ocrx_word' id='word_1_197' title='bbox 199 1543 230 1580; x_wconf 91' lang='lat' dir='ltr'><strong>si</strong></span> <span class='ocrx_word' id='word_1_198' title='bbox 269 1549 308 1580; x_wconf 90' lang='lat' dir='ltr'><strong>et</strong></span> <span class='ocrx_word' id='word_1_199' title='bbox 339 1549 476 1580; x_wconf 84' lang='lat' dir='ltr'><strong>auctor</strong></span> <span class='ocrx_word' id='word_1_200' title='bbox 507 1543 622 1588; x_wconf 81' lang='lat' dir='ltr'><strong>alius,</strong></span> <span class='ocrx_word' id='word_1_201' title='bbox 662 1550 701 1581; x_wconf 88' lang='lat' dir='ltr'><strong>et</strong></span> <span class='ocrx_word' id='word_1_202' title='bbox 733 1544 813 1594; x_wconf 88' lang='lat' dir='ltr'><strong>ipse</strong></span> <span class='ocrx_word' id='word_1_203' title='bbox 846 1543 997 1595; x_wconf 89' lang='lat' dir='ltr'><strong>quidem</strong></span> <span class='ocrx_word' id='word_1_204' title='bbox 1029 1552 1159 1596; x_wconf 86' lang='lat' dir='ltr'><strong>potest</strong></span> <span class='ocrx_word' id='word_1_205' title='bbox 1182 1546 1409 1583; x_wconf 86' lang='lat' dir='ltr'><strong>novissimus</strong></span> <span class='ocrx_word' id='word_1_206' title='bbox 1435 1544 1545 1585; x_wconf 80' lang='lat' dir='ltr'><strong>diei.-</strong></span> 
     </span>
     <span class='ocr_line' id='line_1_25' title="bbox 190 1595 1529 1651; baseline 0.002 -14"><span class='ocrx_word' id='word_1_207' title='bbox 190 1595 314 1647; x_wconf 66' lang='lat' dir='ltr'>Quod</span> <span class='ocrx_word' id='word_1_208' title='bbox 348 1607 472 1638; x_wconf 86' lang='lat' dir='ltr'><strong>tamen</strong></span> <span class='ocrx_word' id='word_1_209' title='bbox 504 1600 694 1647; x_wconf 75' lang='lat' dir='ltr'><strong>intulerit,</strong></span> <span class='ocrx_word' id='word_1_210' title='bbox 732 1602 893 1651; x_wconf 90' lang='lat' dir='ltr'><strong>primum</strong></span> <span class='ocrx_word' id='word_1_211' title='bbox 924 1609 1002 1649; x_wconf 89' lang='lat' dir='ltr'><strong>est,</strong></span> <span class='ocrx_word' id='word_1_212' title='bbox 1041 1602 1283 1640; x_wconf 88' lang='lat' dir='ltr'><strong>novissimum</strong></span> <span class='ocrx_word' id='word_1_213' title='bbox 1310 1608 1457 1648; x_wconf 81' lang='lat' dir='ltr'><strong>autem,</strong></span> <span class='ocrx_word' id='word_1_214' title='bbox 1496 1603 1529 1640; x_wconf 92' lang='lat' dir='ltr'><strong>si</strong></span> 
     </span>
     <span class='ocr_line' id='line_1_26' title="bbox 200 1656 1529 1710; baseline 0.002 -16"><span class='ocrx_word' id='word_1_215' title='bbox 200 1657 322 1708; x_wconf 90' lang='lat' dir='ltr'><strong>primo</strong></span> <span class='ocrx_word' id='word_1_216' title='bbox 355 1670 424 1708; x_wconf 82' lang='lat' dir='ltr'><strong>par</strong></span> <span class='ocrx_word' id='word_1_217' title='bbox 455 1658 519 1695; x_wconf 90' lang='lat' dir='ltr'><strong>sit.</strong></span> <span class='ocrx_word' id='word_1_218' title='bbox 577 1656 659 1695; x_wconf 86' lang='lat' dir='ltr'><strong>Par</strong></span> <span class='ocrx_word' id='word_1_219' title='bbox 683 1665 809 1696; x_wconf 80' lang='lat' dir='ltr'><strong>autem</strong></span> <span class='ocrx_word' id='word_1_220' title='bbox 842 1660 964 1710; x_wconf 89' lang='lat' dir='ltr'><strong>primo</strong></span> <span class='ocrx_word' id='word_1_221' title='bbox 992 1672 1067 1697; x_wconf 91' lang='lat' dir='ltr'><strong>non</strong></span> <span class='ocrx_word' id='word_1_222' title='bbox 1094 1666 1170 1706; x_wconf 81' lang='lat' dir='ltr'><strong>est,</strong></span> <span class='ocrx_word' id='word_1_223' title='bbox 1212 1660 1298 1710; x_wconf 91' lang='lat' dir='ltr'><strong>quia</strong></span> <span class='ocrx_word' id='word_1_224' title='bbox 1324 1672 1401 1696; x_wconf 87' lang='lat' dir='ltr'><strong>non</strong></span> <span class='ocrx_word' id='word_1_225' title='bbox 1427 1659 1529 1697; x_wconf 88' lang='lat' dir='ltr'><strong>eius-</strong></span> 
     </span>
     <span class='ocr_line' id='line_1_27' title="bbox 202 1713 1529 1755; baseline 0.002 -4"><span class='ocrx_word' id='word_1_226' title='bbox 202 1713 286 1752; x_wconf 93' lang='lat' dir='ltr'><strong>dem</strong></span> <span class='ocrx_word' id='word_1_227' title='bbox 325 1715 495 1752; x_wconf 84' lang='lat' dir='ltr'><strong>auctoris</strong></span> <span class='ocrx_word' id='word_1_228' title='bbox 533 1722 603 1753; x_wconf 90' lang='lat' dir='ltr'><strong>est.</strong></span> <span class='ocrx_word' id='word_1_229' title='bbox 667 1714 825 1754; x_wconf 86' lang='lat' dir='ltr'><strong>Eodem</strong></span> <span class='ocrx_word' id='word_1_230' title='bbox 863 1715 976 1754; x_wconf 89' lang='lat' dir='ltr'><strong>modo</strong></span> <span class='ocrx_word' id='word_1_231' title='bbox 1017 1724 1056 1755; x_wconf 88' lang='lat' dir='ltr'><strong>et</strong></span> <span class='ocrx_word' id='word_1_232' title='bbox 1098 1718 1136 1755; x_wconf 92' lang='lat' dir='ltr'><strong>in</strong></span> <span class='ocrx_word' id='word_1_233' title='bbox 1174 1717 1326 1754; x_wconf 89' lang='lat' dir='ltr'><strong>nomine</strong></span> <span class='ocrx_word' id='word_1_234' title='bbox 1364 1716 1529 1754; x_wconf 88' lang='lat' dir='ltr'><strong>hominis</strong></span> 
     </span>
     <span class='ocr_line' id='line_1_28' title="bbox 201 1771 1530 1824; baseline 0.002 -15"><span class='ocrx_word' id='word_1_235' title='bbox 201 1772 434 1810; x_wconf 84' lang='lat' dir='ltr'><strong>revincetur.</strong></span> <span class='ocrx_word' id='word_1_236' title='bbox 496 1771 660 1818; x_wconf 81' lang='lat' dir='ltr'><strong>Primus,</strong></span> <span class='ocrx_word' id='word_1_237' title='bbox 700 1774 845 1824; x_wconf 77' lang='lat' dir='ltr'><strong>inquit,</strong></span> <span class='ocrx_word' id='word_1_238' title='bbox 886 1773 998 1812; x_wconf 89' lang='lat' dir='ltr'><strong>homo</strong></span> <span class='ocrx_word' id='word_1_239' title='bbox 1025 1773 1072 1812; x_wconf 89' lang='lat' dir='ltr'><strong>de</strong></span> <span class='ocrx_word' id='word_1_240' title='bbox 1099 1774 1212 1812; x_wconf 87' lang='lat' dir='ltr'><strong>humo</strong></span> <span class='ocrx_word' id='word_1_241' title='bbox 1238 1775 1436 1820; x_wconf 79' lang='lat' dir='ltr'><strong>terrenus,</strong></span> <span class='ocrx_word' id='word_1_242' title='bbox 1469 1785 1530 1812; x_wconf 81' lang='lat' dir='ltr'><strong>se-</strong></span> 
     </span>
     <span class='ocr_line' id='line_1_29' title="bbox 203 1828 1530 1879; baseline 0.002 -13"><span class='ocrx_word' id='word_1_243' title='bbox 203 1828 346 1866; x_wconf 90' lang='lat' dir='ltr'><strong>cundus</strong></span> <span class='ocrx_word' id='word_1_244' title='bbox 385 1828 558 1867; x_wconf 91' lang='lat' dir='ltr'><strong>dominus</strong></span> <span class='ocrx_word' id='word_1_245' title='bbox 603 1829 650 1868; x_wconf 93' lang='lat' dir='ltr'><strong>de</strong></span> <span class='ocrx_word' id='word_1_246' title='bbox 696 1831 822 1868; x_wconf 88' lang='lat' dir='ltr'><strong>coelo.</strong></span> <span class='ocrx_word' id='word_1_247' title='bbox 842 1832 879 1878; x_wconf 78' lang='lat'><strong>4)</strong></span> <span class='ocrx_word' id='word_1_248' title='bbox 956 1831 1082 1879; x_wconf 83' lang='lat' dir='ltr'><strong>Quare</strong></span> <span class='ocrx_word' id='word_1_249' title='bbox 1120 1829 1331 1878; x_wconf 81' lang='lat' dir='ltr'><strong>secundus,</strong></span> <span class='ocrx_word' id='word_1_250' title='bbox 1383 1831 1415 1869; x_wconf 90' lang='lat' dir='ltr'><strong>si</strong></span> <span class='ocrx_word' id='word_1_251' title='bbox 1453 1844 1530 1869; x_wconf 87' lang='lat' dir='ltr'><strong>non</strong></span> 
     </span>
     <span class='ocr_line' id='line_1_30' title="bbox 203 1886 1532 1941; baseline 0.003 -18"><span class='ocrx_word' id='word_1_252' title='bbox 203 1886 335 1932; x_wconf 82' lang='lat' dir='ltr'><strong>homo,</strong></span> <span class='ocrx_word' id='word_1_253' title='bbox 368 1886 487 1937; x_wconf 76' lang='lat' dir='ltr'><strong>,quod</strong></span> <span class='ocrx_word' id='word_1_254' title='bbox 526 1894 566 1925; x_wconf 88' lang='lat' dir='ltr'><strong>et</strong></span> <span class='ocrx_word' id='word_1_255' title='bbox 596 1888 765 1938; x_wconf 82' lang='lat' dir='ltr'><strong>primus?</strong></span> <span class='ocrx_word' id='word_1_256' title='bbox 817 1887 897 1926; x_wconf 90' lang='lat' dir='ltr'><strong>Aut</strong></span> <span class='ocrx_word' id='word_1_257' title='bbox 934 1887 1114 1941; x_wconf 89' lang='lat' dir='ltr'><strong>numquid</strong></span> <span class='ocrx_word' id='word_1_258' title='bbox 1152 1895 1190 1927; x_wconf 88' lang='lat' dir='ltr'><strong>et</strong></span> <span class='ocrx_word' id='word_1_259' title='bbox 1226 1889 1369 1941; x_wconf 86' lang='lat' dir='ltr'><strong>primus</strong></span> <span class='ocrx_word' id='word_1_260' title='bbox 1407 1886 1532 1930; x_wconf 83' lang='lat' dir='ltr'><strong>domi·</strong></span> 
     </span>
     <span class='ocr_line' id='line_1_31' title="bbox 204 1943 1531 1996; baseline 0.003 -17"><span class='ocrx_word' id='word_1_261' title='bbox 204 1956 291 1988; x_wconf 84' lang='lat' dir='ltr'><strong>nus,</strong></span> <span class='ocrx_word' id='word_1_262' title='bbox 337 1944 367 1980; x_wconf 91' lang='lat' dir='ltr'><strong>si</strong></span> <span class='ocrx_word' id='word_1_263' title='bbox 405 1951 443 1981; x_wconf 87' lang='lat' dir='ltr'><strong>et</strong></span> <span class='ocrx_word' id='word_1_264' title='bbox 480 1943 695 1982; x_wconf 84' lang='lat' dir='ltr'><strong>secundus?</strong></span> <span class='ocrx_word' id='word_1_265' title='bbox 755 1943 834 1983; x_wconf 88' lang='lat' dir='ltr'><strong>Sed</strong></span> <span class='ocrx_word' id='word_1_266' title='bbox 871 1945 1024 1993; x_wconf 82' lang='lat' dir='ltr'><strong>sufficit,</strong></span> <span class='ocrx_word' id='word_1_267' title='bbox 1075 1947 1107 1984; x_wconf 89' lang='lat' dir='ltr'><strong>si</strong></span> <span class='ocrx_word' id='word_1_268' title='bbox 1139 1947 1177 1984; x_wconf 92' lang='lat' dir='ltr'><strong>in</strong></span> <span class='ocrx_word' id='word_1_269' title='bbox 1215 1946 1418 1996; x_wconf 82' lang='lat' dir='ltr'><strong>evangelio</strong></span> <span class='ocrx_word' id='word_1_270' title='bbox 1459 1945 1531 1984; x_wconf 83' lang='lat' dir='ltr'><strong>fili-</strong></span> 
     </span>
     <span class='ocr_line' id='line_1_32' title="bbox 205 1999 1544 2050; baseline 0.004 -14"><span class='ocrx_word' id='word_1_271' title='bbox 205 2012 265 2036; x_wconf 90' lang='lat' dir='ltr'><strong>um</strong></span> <span class='ocrx_word' id='word_1_272' title='bbox 292 1999 464 2039; x_wconf 16' lang='lat' dir='ltr'><strong>‘hominis</strong></span> <span class='ocrx_word' id='word_1_273' title='bbox 497 2000 654 2039; x_wconf 82' lang='lat' dir='ltr'><strong>adhibet</strong></span> <span class='ocrx_word' id='word_1_274' title='bbox 686 2001 878 2040; x_wconf 85' lang='lat' dir='ltr'><strong>Christum</strong></span> <span class='ocrx_word' id='word_1_275' title='bbox 909 2011 949 2041; x_wconf 89' lang='lat' dir='ltr'><strong>et</strong></span> <span class='ocrx_word' id='word_1_276' title='bbox 979 2004 1195 2050; x_wconf 85' lang='lat' dir='ltr'><strong>hominem,</strong></span> <span class='ocrx_word' id='word_1_277' title='bbox 1235 2009 1275 2041; x_wconf 88' lang='lat' dir='ltr'><strong>et</strong></span> <span class='ocrx_word' id='word_1_278' title='bbox 1299 2003 1337 2040; x_wconf 91' lang='lat' dir='ltr'><strong>in</strong></span> <span class='ocrx_word' id='word_1_279' title='bbox 1374 2002 1544 2042; x_wconf 81' lang='lat' dir='ltr'><strong>homine-</strong></span> 
     </span>
     <span class='ocr_line' id='line_1_33' title="bbox 205 2053 1532 2113; baseline 0.004 -21"><span class='ocrx_word' id='word_1_280' title='bbox 205 2054 328 2093; x_wconf 83' lang='lat' dir='ltr'><strong>Adam</strong></span> <span class='ocrx_word' id='word_1_281' title='bbox 367 2053 451 2094; x_wconf 81' lang='lat' dir='ltr'><strong>eum</strong></span> <span class='ocrx_word' id='word_1_282' title='bbox 489 2071 633 2108; x_wconf 85' lang='lat' dir='ltr'><strong>negare</strong></span> <span class='ocrx_word' id='word_1_283' title='bbox 671 2072 747 2096; x_wconf 90' lang='lat' dir='ltr'><strong>non</strong></span> <span class='ocrx_word' id='word_1_284' title='bbox 784 2062 942 2111; x_wconf 88' lang='lat' dir='ltr'><strong>poterit.</strong></span> <span class='ocrx_word' id='word_1_285' title='bbox 1006 2060 1219 2113; x_wconf 83' lang='lat' dir='ltr'><strong>Sequentia</strong></span> <span class='ocrx_word' id='word_1_286' title='bbox 1256 2072 1407 2112; x_wconf 86' lang='lat' dir='ltr'><strong>quoque</strong></span> <span class='ocrx_word' id='word_1_287' title='bbox 1445 2071 1532 2098; x_wconf 88' lang='lat' dir='ltr'><strong>eum</strong></span> 
     </span>
     <span class='ocr_line' id='line_1_34' title="bbox 209 2113 1532 2170; baseline 0.002 -19"><span class='ocrx_word' id='word_1_288' title='bbox 209 2113 472 2164; x_wconf 87' lang='lat' dir='ltr'><strong>comprimunt.</strong></span> <span class='ocrx_word' id='word_1_289' title='bbox 548 2115 640 2152; x_wconf 92' lang='lat' dir='ltr'><strong>Cum</strong></span> <span class='ocrx_word' id='word_1_290' title='bbox 680 2117 778 2153; x_wconf 92' lang='lat' dir='ltr'><strong>enim</strong></span> <span class='ocrx_word' id='word_1_291' title='bbox 818 2117 913 2156; x_wconf 90' lang='lat' dir='ltr'><strong>dicit</strong></span> <span class='ocrx_word' id='word_1_292' title='bbox 955 2119 1171 2170; x_wconf 86' lang='lat' dir='ltr'><strong>apostolus:</strong></span> <span class='ocrx_word' id='word_1_293' title='bbox 1222 2117 1344 2169; x_wconf 83' lang='lat' dir='ltr'><strong>qualis</strong></span> <span class='ocrx_word' id='word_1_294' title='bbox 1383 2117 1459 2168; x_wconf 68' lang='lat' dir='ltr'><strong>qui*</strong></span> <span class='ocrx_word' id='word_1_295' title='bbox 1484 2115 1532 2155; x_wconf 80' lang='lat' dir='ltr'><strong>de</strong></span> 
     </span>
     <span class='ocr_line' id='line_1_35' title="bbox 207 2170 1536 2227; baseline 0.004 -20"><span class='ocrx_word' id='word_1_296' title='bbox 207 2177 325 2216; x_wconf 81' lang='lat' dir='ltr'><strong>terra,</strong></span> <span class='ocrx_word' id='word_1_297' title='bbox 353 2170 466 2208; x_wconf 92' lang='lat' dir='ltr'><strong>homo</strong></span> <span class='ocrx_word' id='word_1_298' title='bbox 493 2172 656 2219; x_wconf 80' lang='lat' dir='ltr'><strong>scilicet,</strong></span> <span class='ocrx_word' id='word_1_299' title='bbox 685 2174 782 2211; x_wconf 89' lang='lat' dir='ltr'><strong>tales</strong></span> <span class='ocrx_word' id='word_1_300' title='bbox 808 2182 847 2212; x_wconf 86' lang='lat' dir='ltr'><strong>et</strong></span> <span class='ocrx_word' id='word_1_301' title='bbox 871 2177 1030 2223; x_wconf 84' lang='lat' dir='ltr'><strong>terreni,</strong></span> <span class='ocrx_word' id='word_1_302' title='bbox 1057 2177 1231 2214; x_wconf 88' lang='lat' dir='ltr'><strong>homines</strong></span> <span class='ocrx_word' id='word_1_303' title='bbox 1257 2175 1407 2227; x_wconf 81' lang='lat' dir='ltr'><strong>utique3</strong></span> <span class='ocrx_word' id='word_1_304' title='bbox 1435 2186 1536 2225; x_wconf 75' lang='lat' dir='ltr'><strong>ergo-</strong></span> 
     </span>
     <span class='ocr_line' id='line_1_36' title="bbox 209 2228 1534 2285; baseline 0.003 -21"><span class='ocrx_word' id='word_1_305' title='bbox 209 2234 248 2265; x_wconf 88' lang='lat' dir='ltr'><strong>et</strong></span> <span class='ocrx_word' id='word_1_306' title='bbox 273 2228 395 2279; x_wconf 85' lang='lat' dir='ltr'><strong>qualis</strong></span> <span class='ocrx_word' id='word_1_307' title='bbox 422 2229 484 2280; x_wconf 92' lang='lat' dir='ltr'><strong>qui</strong></span> <span class='ocrx_word' id='word_1_308' title='bbox 510 2228 557 2267; x_wconf 86' lang='lat' dir='ltr'><strong>de</strong></span> <span class='ocrx_word' id='word_1_309' title='bbox 585 2230 698 2268; x_wconf 88' lang='lat' dir='ltr'><strong>coelo</strong></span> <span class='ocrx_word' id='word_1_310' title='bbox 725 2231 852 2279; x_wconf 82' lang='lat' dir='ltr'><strong>homo,</strong></span> <span class='ocrx_word' id='word_1_311' title='bbox 879 2234 977 2271; x_wconf 85' lang='lat' dir='ltr'><strong>tales</strong></span> <span class='ocrx_word' id='word_1_312' title='bbox 1004 2241 1045 2272; x_wconf 90' lang='lat' dir='ltr'><strong>et</strong></span> <span class='ocrx_word' id='word_1_313' title='bbox 1071 2235 1133 2285; x_wconf 92' lang='lat' dir='ltr'><strong>qui</strong></span> <span class='ocrx_word' id='word_1_314' title='bbox 1160 2231 1206 2271; x_wconf 88' lang='lat' dir='ltr'><strong>de</strong></span> <span class='ocrx_word' id='word_1_315' title='bbox 1234 2232 1394 2280; x_wconf 72' lang='lat' dir='ltr'><strong>coelo-⁵)</strong></span> <span class='ocrx_word' id='word_1_316' title='bbox 1410 2230 1534 2269; x_wconf 91' lang='lat' dir='ltr'><strong>homi-</strong></span> 
     </span>
     <span class='ocr_line' id='line_1_37' title="bbox 208 2284 1534 2338; baseline 0.003 -16"><span class='ocrx_word' id='word_1_317' title='bbox 208 2297 287 2323; x_wconf 87' lang='lat' dir='ltr'><strong>nes.</strong></span> <span class='ocrx_word' id='word_1_318' title='bbox 349 2284 436 2323; x_wconf 89' lang='lat' dir='ltr'><strong>Nou</strong></span> <span class='ocrx_word' id='word_1_319' title='bbox 477 2287 576 2324; x_wconf 87' lang='lat' dir='ltr'><strong>enim</strong></span> <span class='ocrx_word' id='word_1_320' title='bbox 613 2294 767 2338; x_wconf 87' lang='lat' dir='ltr'><strong>poterat</strong></span> <span class='ocrx_word' id='word_1_321' title='bbox 802 2289 1016 2329; x_wconf 87' lang='lat' dir='ltr'><strong>hominibus</strong></span> <span class='ocrx_word' id='word_1_322' title='bbox 1047 2291 1214 2330; x_wconf 89' lang='lat' dir='ltr'><strong>terrenis</strong></span> <span class='ocrx_word' id='word_1_323' title='bbox 1245 2303 1322 2328; x_wconf 90' lang='lat' dir='ltr'><strong>non</strong></span> <span class='ocrx_word' id='word_1_324' title='bbox 1356 2289 1534 2327; x_wconf 79' lang='lat' dir='ltr'><strong>homines</strong></span> 
     </span>
     <span class='ocr_line' id='line_1_38' title="bbox 211 2343 1535 2400; baseline 0.002 -21"><span class='ocrx_word' id='word_1_325' title='bbox 211 2343 401 2380; x_wconf 79' lang='lat' dir='ltr'><strong>coelestes</strong></span> <span class='ocrx_word' id='word_1_326' title='bbox 428 2344 670 2394; x_wconf 83' lang='lat' dir='ltr'><strong>opposuisse,</strong></span> <span class='ocrx_word' id='word_1_327' title='bbox 710 2353 752 2383; x_wconf 95' lang='lat' dir='ltr'><strong>ut</strong></span> <span class='ocrx_word' id='word_1_328' title='bbox 781 2353 918 2385; x_wconf 85' lang='lat' dir='ltr'><strong>statum</strong></span> <span class='ocrx_word' id='word_1_329' title='bbox 951 2362 996 2387; x_wconf 85' lang='lat' dir='ltr'><strong>ac</strong></span> <span class='ocrx_word' id='word_1_330' title='bbox 1029 2362 1133 2400; x_wconf 89' lang='lat' dir='ltr'><strong>spem</strong></span> <span class='ocrx_word' id='word_1_331' title='bbox 1166 2347 1373 2386; x_wconf 85' lang='lat' dir='ltr'><strong>studiosius</strong></span> <span class='ocrx_word' id='word_1_332' title='bbox 1399 2345 1535 2383; x_wconf 86' lang='lat' dir='ltr'><strong>distin-</strong></span> 
     </span>
     <span class='ocr_line' id='line_1_39' title="bbox 211 2401 1536 2455; baseline 0.002 -19"><span class='ocrx_word' id='word_1_333' title='bbox 211 2407 348 2448; x_wconf 87' lang='lat' dir='ltr'><strong>gueret</strong></span> <span class='ocrx_word' id='word_1_334' title='bbox 378 2401 416 2438; x_wconf 92' lang='lat' dir='ltr'><strong>in</strong></span> <span class='ocrx_word' id='word_1_335' title='bbox 447 2402 717 2452; x_wconf 82' lang='lat' dir='ltr'><strong>appellationis</strong></span> <span class='ocrx_word' id='word_1_336' title='bbox 742 2405 944 2444; x_wconf 82' lang='lat' dir='ltr'><strong>societate.</strong></span> <span class='ocrx_word' id='word_1_337' title='bbox 1009 2405 1119 2444; x_wconf 81' lang='lat' dir='ltr'><strong>Statu</strong></span> <span class='ocrx_word' id='word_1_338' title='bbox 1145 2407 1245 2444; x_wconf 90' lang='lat' dir='ltr'><strong>enim</strong></span> <span class='ocrx_word' id='word_1_339' title='bbox 1272 2417 1317 2443; x_wconf 84' lang='lat' dir='ltr'><strong>ac</strong></span> <span class='ocrx_word' id='word_1_340' title='bbox 1344 2401 1536 2455; x_wconf 73' lang='lat' dir='ltr'><strong>spedicit</strong></span> 
     </span>
    </p>
   </div>
   <div class='ocr_carea' id='block_1_3' title="bbox 213 2538 1536 2623">
    <p class='ocr_par' dir='ltr' id='par_1_3' title="bbox 213 2538 1536 2623">
     <span class='ocr_line' id='line_1_40' title="bbox 213 2538 1536 2623; baseline -0.004 -46"><span class='ocrx_word' id='word_1_341' title='bbox 213 2582 249 2623; x_wconf 71' lang='lat'><strong>5)</strong></span> <span class='ocrx_word' id='word_1_342' title='bbox 276 2538 340 2613; x_wconf 55' lang='lat' dir='ltr'>‚b1)</span> <span class='ocrx_word' id='word_1_343' title='bbox 364 2538 525 2613; x_wconf 54' lang='grc' dir='ltr'><strong>ὶὲὲνΑιι.</strong></span> <span class='ocrx_word' id='word_1_344' title='bbox 643 2538 681 2584; x_wconf 89' lang='lat'><strong>2)</strong></span> <span class='ocrx_word' id='word_1_345' title='bbox 702 2542 744 2574; x_wconf 85' lang='lat' dir='ltr'><strong>ib.</strong></span> <span class='ocrx_word' id='word_1_346' title='bbox 757 2551 787 2575; x_wconf 84' lang='lat' dir='ltr'><strong>v.</strong></span> <span class='ocrx_word' id='word_1_347' title='bbox 802 2544 857 2573; x_wconf 82' lang='lat'><strong>46.</strong></span> <span class='ocrx_word' id='word_1_348' title='bbox 972 2545 1008 2585; x_wconf 87' lang='lat'><strong>3)</strong></span> <span class='ocrx_word' id='word_1_349' title='bbox 1034 2544 1078 2576; x_wconf 82' lang='lat' dir='ltr'><strong>ib.</strong></span> <span class='ocrx_word' id='word_1_350' title='bbox 1093 2553 1123 2574; x_wconf 88' lang='lat' dir='ltr'><strong>v.</strong></span> <span class='ocrx_word' id='word_1_351' title='bbox 1137 2545 1192 2574; x_wconf 78' lang='lat'><strong>45.</strong></span> <span class='ocrx_word' id='word_1_352' title='bbox 1311 2542 1349 2583; x_wconf 76' lang='lat'><strong>4)</strong></span> <span class='ocrx_word' id='word_1_353' title='bbox 1377 2540 1419 2572; x_wconf 71' lang='lat' dir='ltr'><strong>u».</strong></span> <span class='ocrx_word' id='word_1_354' title='bbox 1435 2549 1465 2572; x_wconf 86' lang='lat' dir='ltr'><strong>v.</strong></span> <span class='ocrx_word' id='word_1_355' title='bbox 1481 2540 1536 2572; x_wconf 81' lang='lat'><strong>4‘1.</strong></span> 
     </span>
     <span class='ocr_line' id='line_1_41' title="bbox 275 2592 1208 2615; baseline -0.008 -4"><span class='ocrx_word' id='word_1_356' title='bbox 275 2592 285 2611; x_wconf 86' lang='lat'>1</span> <span class='ocrx_word' id='word_1_357' title='bbox 310 2603 317 2610; x_wconf 91' lang='lat'>.</span> <span class='ocrx_word' id='word_1_358' title='bbox 332 2592 361 2614; x_wconf 81' lang='lat' dir='ltr'><strong>v.</strong></span> <span class='ocrx_word' id='word_1_359' title='bbox 424 2606 431 2615; x_wconf 80' lang='grc'><em>,</em></span> <span class='ocrx_word' id='word_1_360' title='bbox 1196 2596 1208 2604; x_wconf 33' lang='grc' dir='ltr'>κ</span> 
     </span>
    </p>
   </div>
  </div>
 </body>
</html>
