1604 2800
132 237 243 276 19⁰
656 235 728 266 DE
762 235 947 267 ΑΝΙΜΑ

136 347 158 372 a
180 331 317 371 sensu?
347 328 521 380 Denique
549 328 620 366 nisi
645 328 747 367 visus
773 326 973 366 rotundam
1000 328 1167 366 senserit
1185 333 1341 375 turrem,
1368 328 1471 367 nulla

138 390 268 443 opinio
295 385 555 426 rotunditatis.
612 385 662 424 Et
686 384 787 424 unde
813 399 959 432 sensus,
986 386 1018 424 si
1045 398 1119 423 non
1146 385 1193 424 ab
1221 386 1371 424 anima?
1395 385 1473 425 De-

138 448 251 500 nique
279 458 416 484 carens
443 445 568 495 anima
596 456 737 496 corpus
764 443 915 482 carebit
940 450 979 482 et
1003 456 1130 482 sensu.
1193 442 1250 482 lta
1276 450 1316 482 et
1340 455 1474 482 sensus

139 518 188 544 ex
207 504 332 543 anima
353 510 423 550 est,
452 509 491 541 et
518 502 648 554 opinio
675 515 724 540 cx
749 514 874 548 sensu,
903 508 942 540 et
967 501 1092 540 anima
1118 508 1251 540 totum.
1292 501 1474 540 Ceterum

141 563 282 614 optime
317 565 555 613 proponetur
587 572 671 598 esse
705 559 835 612 utique
867 558 1029 612 aliquid,
1064 558 1164 611 quod
1196 559 1337 598 efficiat
1363 559 1478 598 aliter

142 619 229 672 quid
257 632 279 658 a
305 618 478 657 sensibus
517 618 748 664 renuntiari,
788 630 898 669 quam
936 619 985 656 sit
1015 618 1054 657 in
1085 617 1214 656 rebus.
1289 616 1411 655 Porro
1444 617 1477 655 si

141 684 269 729 potest
293 675 332 714 id
357 676 581 722 renuntiari,
610 674 711 727 quod
737 688 813 713 non
839 675 887 713 sit
912 676 949 713 in
976 675 1103 723 rebus,
1132 688 1201 714 cur
1219 688 1295 713 non
1315 673 1477 728 perinde

142 736 264 787 possit
289 746 360 786 per
384 733 423 772 id
450 734 682 780 renuntiari,
717 732 818 784 quod
850 746 925 771 non
957 734 1006 771 sit
1036 734 1075 771 in
1107 732 1300 780 sensibus,
1339 731 1409 771 sed
1439 732 1479 771 in

142 792 213 830 his.
227 791 454 837 rationibus,
482 803 579 842 quae
604 791 863 828 interveniant
888 803 956 829 suo
983 791 1162 829 nomine?
1219 789 1347 842 Atque
1379 788 1479 829 adeo

146 848 279 887 licebit
305 861 371 886 eas
397 848 643 897 recognosci.
699 845 798 884 Nam
824 854 864 885 ut
890 848 927 885 in
954 861 1052 900 aqua
1077 861 1205 887 remus
1231 849 1394 887 inflexus
1418 847 1480 886 vel

145 906 331 944 infractus
350 911 547 956 appareat,
575 916 673 955 aqua
699 904 736 941 in
763 916 897 942 caussa
924 911 999 952 est3
1028 903 1192 956 denique
1214 912 1326 943 extra
1345 917 1480 956 aquam

146 965 300 1014 integer
323 963 420 1001 visui
446 974 585 1000 remus.
623 961 826 999 Teneritas
853 967 979 1000 autem
1006 961 1241 1000 substantiae
1268 962 1381 1008 illius,
1409 973 1483 1014 qua

147 1020 342 1072 speculum
370 1032 419 1058 ex
444 1019 584 1057 lumine
611 1018 786 1063 efficitur,
815 1025 928 1069 prout
953 1019 1030 1057 icta
1056 1031 1124 1057 seu
1149 1026 1252 1057 mota
1273 1026 1344 1065 est,
1370 1019 1425 1057 ita
1445 1025 1485 1057 et

147 1078 352 1129 imaginem
384 1075 539 1115 vibrans
571 1076 712 1114 evertit
744 1076 882 1113 lineam
909 1077 1022 1113 recti.
1088 1074 1182 1113 Item
1208 1082 1250 1113 ut
1277 1076 1391 1114 turris
1416 1075 1485 1114 ha-

147 1135 248 1173 bitus
274 1132 416 1180 eludat,
443 1133 635 1172 intervalli
663 1131 834 1171 conditio
868 1132 1066 1185 compellit
1090 1133 1128 1170 in
1154 1139 1311 1185 aperto,
1343 1145 1486 1186 aequa-

148 1193 236 1231 litas
262 1192 363 1231 enim
391 1191 611 1229 circumfusi
637 1191 739 1229 ae'ris
765 1191 847 1242 pari
875 1190 960 1229 luce
992 1191 1161 1229 vestiens
1193 1191 1355 1242 angulos
1387 1191 1486 1230 obli-

150 1256 252 1288 terat
284 1250 416 1287 lineas.
486 1247 551 1287 Sic
585 1255 624 1286 et
654 1248 896 1286 uniformitas
932 1249 1107 1301 porticus
1144 1249 1296 1287 acuitur
1325 1249 1363 1287 in
1396 1249 1485 1295 fine,

152 1306 238 1345 dum
265 1308 370 1345 acies
396 1307 433 1344 in
462 1306 646 1344 concluso
672 1307 811 1357 stipata
844 1306 923 1344 illic
955 1313 1152 1353 tenuatur,
1186 1319 1259 1358 quo
1287 1312 1326 1345 et
1351 1313 1487 1345 exten-

154 1362 267 1402 ditur.
307 1362 372 1401 Sic
399 1370 439 1401 et
464 1363 612 1401 coelum
641 1364 734 1401 mari
760 1363 899 1411 unitur,
927 1363 990 1402 ubi
1015 1364 1113 1402 visio
1139 1364 1360 1411 absumitur,
1388 1375 1486 1416 quae

154 1419 330 1472 quamdiu
360 1421 483 1470 viget,
523 1419 666 1458 tamdiu
704 1419 849 1458 dividit.
924 1419 1106 1460 Auditum
1138 1434 1231 1461 vero
1264 1420 1353 1474 quid
1384 1419 1488 1460 aliud

155 1477 343 1528 decipiet,
383 1489 492 1527 quam
530 1489 710 1514 sonorum
747 1477 980 1516 similitudo?
1039 1479 1089 1517 Et
1125 1480 1157 1517 si
1194 1485 1330 1532 postea
1367 1479 1488 1518 minus

156 1535 276 1585 spirat
301 1539 546 1583 unguentum,
573 1539 613 1570 et
637 1534 758 1571 minus
784 1535 883 1585 sapit
906 1536 1045 1581 vinum,
1073 1543 1113 1573 et
1139 1538 1258 1576 minus
1285 1537 1390 1575 lacus
1410 1536 1490 1575 fer-

154 1597 233 1638 vet,
248 1591 286 1628 in
302 1590 473 1628 omnibus
489 1590 608 1628 ferme
623 1591 744 1641 prima
757 1591 813 1628 vis
830 1597 909 1628 tota
925 1598 996 1629 est.
1032 1591 1210 1630 Ceterum
1226 1593 1274 1631 de
1289 1594 1428 1632 scabro
1443 1605 1490 1632 ac

157 1649 256 1687 laevi
276 1649 412 1686 merito
434 1660 564 1685 manus
579 1660 624 1685 ac
638 1646 758 1699 pedes
778 1654 914 1687 tenera
933 1649 1085 1688 seilicet
1098 1656 1138 1688 et
1152 1649 1297 1688 callosa
1319 1650 1492 1689 membra

158 1705 396 1744 dissentiunt.
438 1704 559 1756 Igitur
578 1705 652 1743 hoc
673 1703 786 1743 modo
808 1705 911 1743 nulla
931 1709 1108 1745 sen‘suum
1126 1707 1325 1745 frustratio
1354 1719 1491 1746 caussa

159 1763 323 1802 carebit.
392 1761 539 1810 Quodsi
572 1775 731 1801 caussae
762 1762 898 1801 fallunt
929 1775 1063 1802 sensus
1089 1770 1129 1803 et
1154 1777 1224 1816 per
1248 1777 1381 1803 sensus
1407 1765 1491 1817 opi-

158 1822 311 1868 niones,
344 1821 418 1859 iam
450 1832 522 1859 nec
554 1821 591 1858 in
619 1819 805 1874 sensibus
825 1820 1094 1860 constituenda
1125 1822 1280 1861 fallacia
1311 1829 1388 1869 est,
1428 1822 1492 1874 qui

160 1891 314 1917 caussas
341 1884 567 1930 sequuntur,
600 1890 672 1916 nec
704 1878 743 1916 in
769 1878 1030 1930 opinionibus,
1065 1892 1162 1931 quae
1188 1892 1210 1917 a
1235 1879 1409 1919 sensibus
1435 1877 1493 1918 di·

158 1937 335 1987 riguntur
359 1935 606 1987 sequentibus
639 1948 807 1974 caussas.
876 1935 946 1983 Qui
979 1937 1189 1988 insaniunt,
1221 1937 1319 1976 alios
1344 1937 1383 1975 in
1407 1937 1493 1976 aliis

158 1992 309 2040 vident,
349 2000 390 2031 ut
416 1992 572 2032 Orestes
604 1999 764 2031 matrem
795 1993 834 2030 in
866 2006 1022 2040 sorore,
1055 2000 1095 2032 et
1119 1993 1220 2032 Aiax
1253 1993 1429 2047 Ulyssem
1454 1994 1494 2032 in

160 2057 352 2098 armento,
385 2057 427 2089 ut
449 2049 635 2088 Athamas
667 2057 707 2089 et
730 2049 866 2102 Agave
898 2052 935 2089 in
967 2051 1055 2090 filiis
1085 2051 1241 2090 bestias.
1311 2051 1492 2091 Oculisne

159 2108 235 2146 hoc
268 2107 507 2147 mendacium
540 2108 812 2159 exprobrabis,
852 2121 900 2146 an
931 2109 1067 2147 furiis?
1133 2109 1204 2157 Qui
1236 2101 1494 2147 redundantia

160 2165 262 2204 fellis
283 2166 525 2217 auruginant,
553 2178 682 2204 amara
707 2172 794 2204 sunt
818 2166 958 2207 omnia.
996 2165 1095 2204 Num
1116 2179 1211 2218 ergo
1233 2167 1359 2217 gustui
1379 2176 1495 2218 prae-

161 2223 437 2261 varicationem
464 2222 737 2274 exprobrabis,
771 2236 818 2261 an
849 2222 1133 2262 valetudinem?
1199 2223 1339 2262 Omnes
1364 2222 1493 2275 itaque

162 2291 294 2318 sensus
326 2286 550 2319 evertuntur
579 2281 640 2318 vel
673 2281 1023 2319 circumveniuntur
1053 2279 1101 2319 ad
1135 2288 1300 2333 tempus,
1331 2287 1374 2319 ut
1404 2292 1495 2333 pro-

163 2338 327 2386 prietate
353 2337 531 2376 fallaciae
559 2345 729 2376 careant.
774 2337 854 2376 Imo
881 2333 955 2377 iani
980 2351 1028 2377 ne
1055 2339 1146 2391 ipsis
1173 2336 1324 2390 quidem
1350 2337 1494 2377 caussis

166 2392 457 2433 adscribendum
485 2401 543 2433 est
568 2395 746 2434 fallaciae
773 2395 953 2447 elogium.
1025 2394 1067 2435 Si
1093 2396 1192 2434 enim
1218 2396 1370 2435 ratione
1396 2394 1493 2433 baec

167 2449 364 2497 accidunt,
397 2453 496 2490 ratio
530 2451 685 2490 fallacia
715 2453 911 2504 perhiberi
942 2466 1019 2491 non
1051 2460 1234 2493 meretur.
1301 2450 1412 2500 Quod
1436 2451 1493 2489 sic

167 2505 251 2543 fieri
278 2515 442 2558 oportet,
469 2508 706 2548 mendacium
736 2523 809 2547 non
835 2518 905 2549 est.
944 2509 1077 2562 Itaque
1098 2512 1129 2549 si
1150 2518 1189 2550 et
1209 2511 1314 2562 ipsae
1335 2519 1493 2548 caussae

168 2563 324 2601 infamia
343 2564 565 2614 liberantur,
593 2574 733 2618 quanto
759 2569 880 2619 magis
906 2581 1051 2615 sensus,
1079 2568 1213 2619 quibus
1231 2569 1304 2606 iam
1324 2572 1365 2605 et
1384 2578 1495 2604 eaus-

170 2631 234 2657 sae
263 2619 382 2658 libere
409 2631 608 2671 praeeunt,
636 2637 720 2663 cum
746 2624 835 2664 hinc
861 2626 1096 2677 potissimum
1117 2632 1156 2663 et
1176 2625 1319 2663 veritas
1340 2629 1379 2663 et
1399 2621 1494 2661 fides
