1604 2800
135 198 236 237 188
653 196 727 228 DE
760 195 962 230 ΑΝιΜΑ.

254 295 320 333 16.
374 289 445 328 Est
470 295 509 328 et
533 287 627 328 illud
651 288 698 329 ad
727 288 840 329 fidem
865 290 1076 342 pertinenS‚
1105 285 1210 340 quod.
1227 287 1336 327 Plato
1349 287 1387 339 ¹)
1413 289 1471 329 bi-

135 351 270 388 fariam
298 349 462 400 partitur
485 348 661 395 animam,
687 360 760 400 per
777 347 1005 386 rationalem
1026 353 1066 385 et
1083 346 1363 385 irrationalem.
1400 346 1471 389 Cui

135 406 351 445 definitioni
377 412 417 444 et
441 419 511 444 nos
538 404 689 457 quidem
720 404 1002 457 applaudimuS,
1036 402 1104 443 scd
1136 417 1213 442 non
1244 411 1286 442 ut
1310 410 1470 444 naturae

136 464 342 516 deputetur
371 470 585 515 utrumque.
657 461 846 502 Naturale
884 463 984 501 enim
1017 462 1206 500 rationale
1238 460 1472 501 credendum

135 529 207 569 est,
235 520 336 574 quod
362 522 513 560 animae
539 534 561 559 a
586 519 800 572 primordio
827 521 877 559 sit
901 521 1131 571 ingenitum,
1164 533 1187 558 a
1211 519 1393 558 rationali
1417 519 1475 558 vi-

136 579 280 618 delicet
306 586 480 618 auctore.
538 577 637 626 Quid
663 579 763 617 euim
789 591 865 617 non
892 578 1096 625 rationale,
1123 575 1226 629 quod
1251 575 1346 616 deus
1371 577 1474 617 iussu

136 649 285 688 quoque
319 635 506 683 ediderit,
540 635 678 675 nedum
710 635 768 683 id,
808 635 908 688 quod
941 636 1099 687 proprie
1131 634 1260 673 afflatu
1285 647 1353 674 suo
1380 635 1474 674 emi-

135 696 255 733 serit?
320 693 550 732 Irrationale
589 701 717 732 autem
753 694 948 747 posterius
986 691 1278 744 intelligendum
1317 699 1394 739 est,
1431 699 1475 731 ut

136 750 237 803 quod
264 750 454 789 acciderit
479 764 528 790 ex
553 752 745 803 serpentis
771 752 967 798 instinctu,
994 751 1115 803 ipsum
1142 749 1234 789 illud
1254 757 1474 802 transgres-

136 809 255 847 sionis
280 807 504 854 admissum,
538 815 653 859 atque
679 808 819 846 exinde
846 809 1054 847 inoleverit
1079 815 1119 847 et
1144 806 1412 848 coadoleverit
1435 809 1474 847 in

135 866 262 904 anima
292 864 340 903 ad
372 866 494 903 instar
529 865 604 903 iam
641 866 917 911 naturalitatis,
958 866 1046 916 quia
1081 867 1211 903 statim
1243 867 1282 904 in
1313 872 1474 904 naturae

134 921 348 975 primordio
380 921 537 960 accidit.
611 921 792 961 Ceterum
831 934 943 973 quum
982 921 1082 960 idem
1115 922 1225 960 Plato
1257 922 1378 960 solum
1409 935 1475 962 ra-

138 980 280 1018 tionale
307 979 424 1026 dicat,
451 987 494 1018 ut
517 980 554 1017 in
575 980 700 1018 anima
722 978 784 1018 dei
804 979 934 1031 ipsius,
961 980 993 1018 si
1014 993 1084 1018 nos
1104 981 1218 1018 etiam
1246 979 1474 1022 irrationale

136 1045 297 1076 naturae
331 1036 667 1089 adscripserimus,
708 1050 818 1088 quam
850 1050 873 1075 a
904 1035 978 1075 deo
1011 1038 1137 1075 anima
1168 1043 1301 1075 nostra
1338 1038 1475 1076 sortita

137 1102 208 1142 cst,
236 1107 358 1147 aeque
385 1094 610 1133 irrationale
637 1093 685 1132 de
713 1093 786 1132 deo
814 1095 900 1141 erit,
929 1101 1061 1146 utpote
1083 1094 1271 1141 naturale,
1299 1095 1387 1147 quia
1406 1107 1475 1134 na-

136 1160 244 1191 turae
272 1151 366 1190 deus
391 1159 529 1190 auctor
554 1158 625 1190 est.
665 1149 744 1190 Sed
771 1152 870 1190 enim
897 1165 920 1190 a
946 1150 1101 1191 diabolo
1123 1152 1304 1190 immissio
1325 1151 1473 1200 delicti,

135 1210 359 1248 irrationale
393 1216 519 1248 autem
552 1222 663 1248 omne
698 1208 899 1257 delictum,
938 1210 1057 1261 igitur
1081 1223 1104 1247 a
1130 1208 1286 1248 diabolo
1318 1210 1474 1249 irratio-

134 1268 235 1314 nale,
261 1281 284 1305 a
310 1281 384 1320 quo
412 1274 452 1306 et
477 1266 680 1314 delictum,
715 1275 940 1306 extraneum
966 1281 989 1305 a
1015 1266 1110 1314 deo,
1144 1281 1167 1305 a
1192 1281 1266 1320 quo
1292 1274 1352 1306 est
1375 1268 1474 1308 irra-

134 1325 498 1364 tionalealienum.
586 1324 753 1364 Proinde
791 1324 996 1364 diversitas
1033 1325 1168 1363 horum
1206 1338 1256 1364 ex
1293 1324 1475 1365 distantia

134 1389 348 1421 auctorum.
385 1380 555 1420 Proinde
583 1395 666 1420 cum
693 1382 803 1420 Plato
829 1383 903 1421 soli
930 1382 1003 1421 deo
1030 1395 1243 1434 segregans
1267 1383 1473 1430 rationale,

135 1438 210 1477 duo
249 1452 394 1490 genera
431 1438 642 1476 subdividit
678 1452 727 1477 ex
764 1440 999 1487 irrationali,
1038 1439 1333 1492 indignativum,
1371 1439 1475 1493 quo'd

135 1496 331 1547 appellant
362 1492 548 1546 θυμικὸν,
583 1502 623 1533 et
654 1498 1053 1548 concupiscentivum,
1093 1497 1194 1549 quod
1225 1504 1369 1537 vocant
1397 1501 1475 1539 ἐπι-

132 1550 370 1604 θυμητικὸν,
408 1559 450 1589 ut
480 1551 573 1590 illud
600 1552 752 1604 quidem
780 1566 981 1592 commune
1007 1555 1056 1592 sit
1081 1555 1191 1593 nohis
1217 1563 1257 1594 et
1283 1555 1472 1603 leonibus,

133 1609 235 1648 istud
259 1623 352 1648 vero
381 1623 464 1648 cum
489 1610 642 1656 muscis,
670 1610 860 1648 rationale
885 1623 1004 1662 porro
1031 1624 1115 1649 cum
1142 1611 1230 1649 deo.
1279 1611 1408 1650 Video
1434 1619 1474 1651 et

134 1665 183 1705 de
209 1667 283 1705 boc
310 1667 399 1705 mihi
427 1679 512 1705 esse
538 1666 825 1705 retractandum
852 1675 1014 1719 propter
1038 1681 1097 1715 ea,
1125 1681 1223 1720 quae
1249 1668 1287 1706 iu
1315 1668 1471 1722 Christo

136 1723 489 1776 deprehenduntur.
565 1723 670 1762 Ecce
709 1725 811 1762 enim
845 1731 926 1762 tota
959 1725 1056 1763 haec
1089 1726 1242 1763 trinitas
1274 1727 1376 1764 et'in
1402 1725 1472 1766 do-

134 1782 249 1827 mino,
277 1789 316 1820 et
340 1781 546 1828 rationale,
575 1795 649 1833 quo
677 1780 806 1829 docet,
835 1795 908 1834 quo
935 1781 1104 1829 disserit,
1133 1795 1207 1834 quo
1233 1783 1368 1822 salutis
1389 1778 1472 1823 vias

134 1840 289 1886 sternit,
322 1846 362 1878 et
386 1838 680 1890 indignativum,
715 1852 789 1891 quo
820 1839 1015 1879 invehitur
1038 1841 1077 1878 in
1103 1840 1251 1879 scribas
1276 1847 1316 1879 et
1340 1840 1472 1893 phari-

134 1909 259 1944 saeos,
288 1904 327 1935 et
354 1897 753 1949 concupiscentivum,
771 1911 861 1950 *quo
887 1897 1031 1949 pascha
1057 1910 1142 1936 cum
1169 1896 1367 1950 discipulis
1388 1899 1470 1941 suis

134 1953 252 1993 cdere
279 1955 532 2006 concupiscit.
595 1953 717 2006 Igitur
741 1954 841 2006 apud
866 1968 936 1993 nos
961 1968 1038 1994 non
1063 1967 1216 2006 semper
1239 1969 1289 1994 ex
1315 1957 1470 1996 irratio-

134 2011 210 2049 nali
242 2011 436 2051 censenda
461 2018 548 2050 sunt
573 2012 848 2063 indignativum
874 2020 914 2051 et
939 2013 1337 2065 concupiscentivum,
1371 2027 1470 2066 quae

135 2070 232 2107 certi
257 2083 384 2108 sumus
410 2071 447 2107 in
473 2068 628 2108 domino
661 2071 906 2109 rationaliter
936 2069 1220 2109 decucurrisse.
1287 2069 1468 2122 Indigna-

132 2125 235 2164 bitur
260 2126 353 2165 deus
379 2127 635 2174 rationaliter,
664 2128 798 2180 quibus
823 2128 976 2167 scilicet
1001 2127 1129 2174 debet,
1157 2134 1196 2166 et
1217 2129 1469 2180 concupiscet

134 2181 228 2222 deus
252 2185 514 2231 rationaliter,
548 2198 644 2236 quae
677 2184 793 2236 digna
825 2192 912 2223 sunt
935 2186 1034 2237 ipso.
1094 2184 1193 2223 Nam
1220 2192 1260 2224 et
1283 2185 1384 2224 malo
1409 2186 1468 2224 in-

134 2239 374 2290 dignabitur,
407 2248 448 2280 et
471 2241 574 2280 bono
602 2244 855 2294 concupiscet
879 2243 1052 2281 salutem.
1103 2242 1179 2280 Dat
1198 2249 1244 2281 et
1268 2243 1465 2295 apostolus

132 2297 243 2335 nohis
280 2299 645 2350 concupiscentiam.
720 2299 762 2339 Si
794 2301 877 2352 quis
908 2300 1170 2351 episcopatum
1208 2301 1464 2352 concupiscit,

132 2352 271 2392 bonum
287 2370 381 2407 opus
391 2357 644 2408 concupiscit.
655 2359 690 2405 2)
720 2356 798 2396 Sed
814 2358 954 2396 bonum
969 2371 1064 2409 opus
1080 2356 1225 2404 dicens,
1235 2357 1464 2397 rationalem

135 2413 484 2463 concupiscentiam
500 2413 680 2451 ostendit.
710 2414 953 2453 Conceditet
966 2414 1281 2465 indignationem.
1310 2414 1463 2463 Quidni,

136 2479 243 2517 quam
271 2475 310 2507 et
336 2470 415 2521 ipse
443 2471 636 2522 suscepit?
685 2470 836 2511 Utinam
862 2479 902 2510 ct
926 2471 1212 2524 praecidantur,
1239 2473 1372 2524 inquit,
1400 2472 1464 2524 qui

227 2589 263 2633 1)
289 2591 375 2625 Plat.
391 2595 431 2624 de
445 2605 504 2635 rep
529 2596 550 2626 1.
562 2598 631 2636 4.p.
642 2598 845 2628 436-441.
860 2597 881 2628 l.
897 2600 927 2629 9.
940 2608 971 2637 p.
989 2600 1063 2630 580.
1080 2599 1119 2631 D.
1215 2596 1376 2638 2)1'1'im.
1388 2599 1460 2641 3,1.
