1604 2800
156 208 257 248 153
378 209 450 240 D-F:
486 204 999 249 RsssunnsscrtoNE
1038 203 1266 238 cAans.

158 305 321 344 animata
359 301 479 346 enim,
516 304 654 350 postea
689 297 793 335 facta
831 304 890 335 est
920 311 1060 351 corpus
1097 298 1274 338 animale.
1346 295 1487 338 Anima

157 374 249 400 vero
271 359 342 398 etsi
364 369 515 410 corpus,
542 362 668 394 tamen
695 356 782 406 quia
808 355 889 407 ipsa
915 363 974 395 est
993 369 1145 409 corpus,
1173 369 1249 395 non
1269 355 1486 403 animatum,

157 417 226 457 sed
257 417 428 456 animans
461 414 605 466 potius;
643 413 809 452 animale
841 426 981 466 corpus
1012 428 1088 453 non
1119 421 1250 467 potest
1280 412 1376 461 dici,
1415 425 1488 453 nee

159 476 261 522 fieri,
301 472 402 526 quod
433 473 541 511 fecit.
613 471 693 509 Alii
724 472 824 509 enim
856 471 1038 511 accidens
1069 473 1164 511 facit
1187 470 1281 511 illud
1306 471 1488 519 animale3

159 546 235 572 non
260 530 443 571 accidens
469 537 594 569 autem
621 529 686 568 alii
712 528 902 581 quomodo
923 544 964 569 se
985 531 1104 569 faciet
1122 529 1349 569 animalem?
1380 527 1492 568 Sicut

160 604 254 642 ergo
286 596 374 628 ante
412 589 575 627 animale
614 601 754 639 corpus
794 599 885 626 caro
923 589 1117 640 recipiens
1154 588 1336 634 animam,
1373 587 1428 626 ita
1453 592 1494 626 et

159 655 296 700 postea
320 647 491 699 spiritale
518 644 678 684 induens
704 646 887 697 spiritum.
962 645 1070 685 Hunc
1097 644 1271 684 ordinem
1295 644 1494 697 apostolus

161 706 386 757 disponens,
420 705 455 742 in
481 702 605 741 Adam
640 716 789 754 quoque
815 710 855 741 et
879 704 917 741 in
945 703 1119 752 Christo,
1152 716 1238 743 eum
1269 702 1408 741 merito
1435 700 1494 740 di-

162 763 339 814 stinguit,
371 767 412 799 ut
437 762 475 799 in
502 760 690 812 capitibus
717 759 973 799 distinctionis
999 762 1127 813 ipsius.
1196 759 1247 799 Et
1272 773 1356 799 cum
1383 758 1496 798 Chri-

162 827 259 859 stum
283 819 528 858 novissimum
553 816 677 855 Adam
703 818 930 869 appeliat,¹)
960 819 1048 856 hinc
1075 831 1160 857 eum
1182 829 1425 870 recognosce
1446 814 1496 855 ad

165 877 309 923 carnis,
349 889 425 913 non
456 874 503 913 ad
529 875 696 921 animae,
729 876 1055 913 resurrectionem
1087 875 1261 913 omnibus
1294 873 1496 913 doctrinae

162 934 307 973 viribus
340 940 552 984 operatum.
626 930 668 970 Si
701 933 801 970 enim
834 939 874 970 et
904 933 1046 984 primus
1077 933 1191 972 homo
1224 930 1349 970 Adam
1387 943 1495 978 caro,

165 1005 241 1030 non
267 991 406 1037 anima,
434 991 496 1041 qui
523 988 686 1041 denique
713 990 751 1027 in
777 990 939 1028 animam
964 991 1087 1028 vivam
1114 990 1239 1028 factus
1265 995 1337 1036 est,
1363 994 1404 1028 et
1427 1001 1499 1026 no-

163 1050 338 1087 vissimus
361 1046 486 1086 Adam
508 1046 681 1085 Christus
707 1045 795 1084 ideo
820 1045 958 1094 Adam,
986 1047 1073 1098 quia
1098 1046 1226 1092 homo,
1253 1044 1343 1085 ideo
1369 1045 1498 1093 homo,

166 1107 254 1158 quia
279 1118 391 1152 caro,
425 1118 499 1142 non
529 1105 617 1156 quia
642 1104 779 1142 anima.
841 1102 968 1155 Atque
996 1105 1048 1142 ita
1074 1103 1286 1154 subiungit:
1319 1115 1395 1141 non
1421 1103 1500 1156 pri—

165 1176 264 1202 mum
280 1161 382 1214 quod
396 1162 581 1214 spiritale,
597 1160 664 1200 sed
681 1160 781 1213 quod
797 1162 973 1208 animale,
995 1167 1131 1214 postea
1146 1160 1247 1213 quod
1261 1160 1446 1213 spiritale,
1459 1159 1499 1213 2)

167 1219 376 1260 secundum
418 1227 618 1271 utrumque
656 1218 796 1257 Adam.
882 1218 1031 1271 Ecquid
1068 1219 1138 1257 tibi
1175 1217 1326 1258 videtur
1362 1230 1502 1271 corpus

167 1278 330 1317 animale
367 1284 407 1316 et
443 1290 584 1329 corpus
621 1277 793 1329 spiritale
831 1277 870 1315 in
907 1276 1043 1316 eadem
1088 1289 1204 1316 carne
1248 1275 1500 1327 distinguere,

170 1336 277 1374 cuius
315 1334 600 1373 distinctionem
639 1336 677 1373 in
714 1342 877 1387 utroque
914 1333 1058 1382 Adam,
1096 1333 1136 1373 id
1173 1341 1232 1373 est
1268 1334 1306 1372 in
1337 1340 1502 1390 utroque

170 1393 342 1437 homine,
380 1392 639 1441 praestruxit?
681 1391 740 1429 Ex
766 1405 838 1443 qua
865 1393 964 1430 enim
990 1391 1201 1431 substantia
1226 1392 1378 1444 pariant
1402 1391 1506 1429 inter

171 1462 212 1487 se
240 1448 413 1486 Christus
439 1454 478 1485 et
501 1447 650 1486 Adam?
686 1448 838 1486 scilicet
863 1461 913 1486 ex
938 1463 1074 1497 carne,
1108 1450 1201 1488 licet
1225 1455 1265 1488 et
1292 1461 1342 1488 ex
1365 1449 1503 1487 anima.

174 1504 253 1544 Sed
278 1505 405 1544 carnis
443 1505 594 1542 nomine
632 1505 744 1542 homo
782 1512 943 1556 uterque
982 1514 1085 1554 sunt3
1130 1508 1238 1557 prior
1274 1506 1374 1545 enim
1412 1518 1504 1545 caro

173 1563 303 1602 homo.
378 1561 438 1599 Ex
469 1561 535 1600 ilia
566 1568 606 1600 et
637 1561 810 1600 ordinem
841 1561 1044 1600 admittere
1075 1569 1301 1614 potuerunt,
1336 1570 1379 1601 ut—
1406 1563 1507 1601 alter

173 1621 329 1673 primus,
356 1619 456 1657 alter
480 1619 706 1658 novissimus
733 1619 867 1666 homo,
900 1618 939 1657 id
965 1626 1025 1658 est
1048 1618 1185 1666 Adam,
1214 1618 1503 1672 deputarentur.

176 1677 356 1716 Ceterum
388 1675 541 1715 diversa
571 1677 610 1714 in
642 1675 816 1715 ordinem
842 1675 994 1729 disponi
1019 1690 1096 1715 non
1126 1683 1304 1728 possunt,
1338 1675 1386 1715 de
1417 1676 1507 1716 sub-

175 1735 317 1774 stantia
347 1733 549 1782 duntaxat3
583 1733 631 1772 de
663 1734 751 1772 loco
777 1734 878 1772 enim
904 1741 970 1772 aut
994 1740 1167 1786 tempore
1193 1740 1259 1773 aut
1283 1732 1508 1774 conditione

175 1793 338 1831 forsitan
363 1793 522 1843 possint.
585 1791 658 1830 Hic
684 1799 810 1830 autem
837 1790 884 1830 de
911 1791 1121 1830 substantia
1148 1791 1275 1830 carnis
1300 1792 1443 1844 primus
1468 1798 1509 1831 et

176 1850 402 1889 novissimus
429 1848 523 1887 dicti
549 1856 648 1896 sunt,
675 1850 775 1888 sicut
800 1857 840 1888 et
863 1862 994 1888 rursus
1021 1850 1161 1901 primus
1186 1849 1300 1888 homo
1327 1848 1375 1888 de
1401 1856 1508 1888 terra

177 1914 217 1946 et
230 1906 419 1946 secundus
439 1905 487 1945 de
509 1907 635 1954 coelo,
664 1906 752 1959 quia
777 1908 851 1946 etsi
877 1906 924 1946 de
952 1907 1064 1946 coelo
1091 1905 1299 1946 secundum
1319 1907 1506 1960 spiritum,

179 1963 248 2003 sed
273 1964 386 2002 homo
413 1964 619 2003 secundum
646 1977 812 2004 carnem.
888 1965 1021 2017 Itaque
1052 1977 1137 2004 cum
1169 1965 1277 2003 carn-i
1296 1963 1510 2004 *conveniat

180 2020 276 2060 ordo
308 2022 345 2059 in
375 2028 537 2072 utroque
569 2020 711 2069 Adam,
750 2036 826 2061 non
862 2023 1030 2070 animae,
1067 2029 1110 2061 ut
1144 2022 1287 2074 primus
1323 2022 1438 2060 homo
1462 2022 1507 2060 ’in

180 2079 342 2117 animam
367 2079 502 2125 vivam,
530 2080 754 2118 novissimus
778 2081 817 2118 in
843 2081 1014 2133 spiritum
1038 2079 1309 2126 vivificantem,
1337 2078 1508 2117 distincti

181 2137 275 2175 sint:
314 2148 436 2188 aeque
469 2134 663 2175 distinctio
695 2151 828 2177 eornm
860 2139 967 2177 carni
998 2137 1282 2176 distinctionem
1313 2134 1508 2189 praeiudi-

183 2194 302 2241 cavit,
334 2200 377 2232 ut
400 2192 448 2232 de
475 2206 590 2232 carne
617 2195 666 2232 sit
691 2194 852 2234 dictum:
890 2209 966 2234 non
998 2192 1155 2248 primiim
1189 2193 1289 2246 quod
1321 2194 1508 2247 spiritale,

182 2250 250 2290 sed
277 2250 377 2303 quod
403 2251 580 2297 animale,
607 2259 742 2302 postea
768 2252 868 2306 quod
894 2253 1131 2306 spiritaie,³)
1159 2258 1273 2304 atque
1300 2252 1354 2290 ita
1373 2250 1509 2291 eadem

183 2310 232 2347 sit
250 2316 290 2348 et
308 2322 420 2361 supra
446 2307 717 2359 intelligenda:
743 2317 783 2349 ct
808 2324 905 2363 quae
931 2312 1140 2350 seminetur
1166 2322 1305 2362 eorpus
1330 2309 1509 2356 animale,

185 2373 224 2404 et
249 2379 345 2417 quae
377 2373 555 2416 resurgat
587 2379 725 2418 corpus
756 2369 947 2419 spiritate,
986 2369 1075 2420 quia
1105 2380 1182 2406 non
1214 2367 1374 2419 primum
1407 2365 1508 2422 quod

186 2423 370 2473 spiritale,
397 2422 465 2461 sed
491 2422 592 2474 quod
617 2423 800 2471 animale,
833 2428 919 2477 quia
945 2427 1086 2478 primus
1110 2424 1235 2464 Adam
1266 2425 1304 2462 in
1330 2425 1507 2470 animam,

187 2480 408 2518 novissimus
434 2479 556 2519 Adam
583 2482 620 2519 in
646 2482 829 2533 spiritum.
845 2484 881 2532 4)
943 2484 1079 2522 Totum
1105 2482 1152 2522 de
1179 2482 1351 2528 homine,
1387 2487 1508 2520 totum

281 2607 316 2646 1)
343 2609 361 2637 1
377 2609 453 2638 Cor.
469 2609 522 2646 15,
537 2610 580 2639 45
595 2618 645 2647 sq.
717 2609 754 2648 2)
780 2608 824 2641 ib.
841 2617 870 2638 v.
883 2609 937 2637 46.
1011 2607 1048 2650 3)
1063 2609 1106 2640 ib.
1178 2607 1216 2650 4)
1233 2608 1275 2640 ib.
1291 2616 1321 2639 v.
1332 2607 1376 2637 44
1391 2615 1442 2645 sq.
