1604 2800
1349 181 1455 220 335

129 287 171 321 et
194 277 447 325 editionibus,
485 288 582 329 quae
606 283 697 316 tunc
722 274 866 328 publici
890 276 985 314 iuris
1014 281 1143 323 erant,
1180 275 1457 328 propemodum

129 337 303 377 omuibus
340 336 626 387 Havercampus
662 347 750 372 usus
787 340 865 380 est.
909 340 987 372 tum
1025 334 1173 372 curavit
1207 333 1303 373 duos
1340 333 1454 374 codd.

128 395 407 449 Lugdunenses
432 393 634 445 denuoque
662 391 747 431 cod.
770 390 969 443 Agobardi
996 391 1266 431 conferendos.
1291 417 1346 424 —
1373 407 1454 433 rec.

128 455 185 495 Io.
213 453 323 494 Casu.
351 453 509 492 Ouum.
534 451 666 491 Tui-ici
694 453 815 491 1827.
844 454 882 491 8.
910 473 964 480 —-
990 463 1074 488 cum
1100 450 1307 491 lectionum
1330 453 1458 491 varie-

128 519 208 552 tate
234 511 296 552 ed.
323 510 400 550 los.
427 510 507 548 lem.
534 509 689 547 Bri-run.
745 506 1005 546 Elberl'eldae.
1036 511 1159 549 1828.
1186 511 1226 549 8.

242 567 311 608 Ad
335 569 554 606 nationes
586 566 696 604 libri
728 564 815 603 duo
842 587 895 594 ———
927 565 1069 616 primus
1094 577 1115 603 e
1142 564 1230 604 cod.
1255 564 1456 617 Agobardi

128 625 251 667 edidit
264 628 439 678 notisque
459 625 664 663 illustravit
688 622 765 662 Iac.
783 622 1050 662 Gonorimucs.
1069 620 1261 661 Genevae.
1280 626 1400 666 1625.
1417 627 1457 664 4.

243 683 308 723 De
335 684 553 722 oratione
580 682 701 719 liber
726 704 777 710 —-
806 680 1018 732 completus
1044 693 1128 719 eum
1153 681 1255 719 notis
1276 679 1459 720 Gumoms

126 742 336 781 Pmcuou
355 748 395 779 et
409 737 1013 784 LunoviciAmomiMmronu,
1039 738 1077 775 in
1092 737 1213 776 libro:
1239 737 1457 785 Anecdota‚

130 812 228 852 quae
259 811 310 838 ex
338 797 596 836 Ambrosiana
627 796 864 834 bibliotheca
896 808 995 833 nunc
1021 795 1181 845 primum
1207 796 1310 834 eruit
1332 794 1381 834 L.
1409 794 1458 833 A.

78 856 379 896 ‘Murum-ius.
405 854 513 892 Tom.
542 852 609 891 111.
638 851 792 891 Paduae
819 855 944 892 1713.
968 855 1010 891 4.

242 912 350 951 Tert.
377 911 466 949 libri
491 909 545 948 de
570 909 800 960 baptismo
827 916 873 947 et
896 908 1214 959 poenitentia,
1245 910 1346 947 notis
1370 922 1461 961 per-

127 977 207 1023 pet.
233 970 371 1008 illustr.
399 968 653 1006 Conmmmus
677 966 847 1004 Tamus.
898 964 1124 1015 Salisburgi.
1153 968 1276 1007 1755.
1302 969 1343 1006 4.

244 1025 308 1064 De
332 1024 479 1076 pallio
499 1045 555 1052 —
574 1023 639 1060 lib.
656 1035 739 1060 cum
760 1022 860 1059 notis
874 1020 1018 1061 Fame.
1036 1020 1143 1060 Imm.
1182 1021 1359 1073 Lugduni
1372 1022 1458 1061 Bat.

132 1085 255 1126 1595.
269 1105 326 1111 —
339 1080 402 1120 ed.
418 1079 745 1118 Eummcnnmus.
772 1078 928 1117 Parisiis
946 1078 1067 1121 1600.
1078 1082 1118 1120 8.
1135 1103 1185 1109 -
1207 1079 1313 1118 Tert.
1328 1087 1459 1132 satyra

130 1141 179 1188 de
205 1141 321 1194 pallio
347 1137 552 1178 emendata
578 1150 662 1176 cum
692 1137 852 1187 interpr.
879 1137 1055 1188 notisque
1082 1138 1228 1176 criticis
1251 1150 1298 1176 ac
1324 1137 1458 1176 histor.

129 1199 279 1239 Tuon.
309 1197 492 1236 Mutetu-
542 1194 699 1234 Parisiis
733 1197 857 1236 1614.
884 1197 923 1235 8.
951 1214 1003 1222 —
1036 1193 1196 1233 Pallium
1232 1195 1391 1233 exulans
1420 1196 1459 1232 in

128 1256 414 1311 possessiouem
445 1254 682 1299 restitutum,
714 1265 745 1292 e,
767 1251 915 1290 somnio
941 1258 1084 1303 satyra.
1109 1251 1207 1291 Acc.
1233 1251 1338 1291 Tert.
1365 1265 1459 1303 apo-

128 1314 235 1366 logia
258 1326 329 1366 pro
354 1311 471 1365 pallio
497 1324 581 1348 cum
607 1310 789 1348 mantissa
813 1308 1062 1360 philologica.
1089 1322 1119 1348 s.
1146 1310 1170 1348 l.
1201 1312 1324 1352 1629.
1350 1313 1455 1351 8.—

128 1372 235 1411 Tert.
261 1371 362 1410 liber
386 1368 435 1407 de
459 1369 590 1420 pallio.
642 1367 830 1406 cmunms
856 1365 1065 1405 SALMASIUS
1089 1369 1306 1413 recensuit,
1337 1366 1460 1418 expli-

130 1431 245 1477 cavit,
270 1429 372 1467 notis
389 1427 608 1465 illustravit.
634 1424 813 1464 Lutetiae
833 1424 955 1463 Paris.
980 1427 1100 1466 1622.
1122 1429 1165 1466 8.
1188 1423 1249 1463 ed.
1269 1425 1336 1463 alt.
1356 1423 1461 1474 Lug-

129 1486 222 1526 duni
239 1486 328 1526 Bai.
343 1487 471 1528 1656.
488 1485 579 1531 8.¹)
602 1481 707 1521 Ant.
734 1481 984 1520 Kerkoetii
1008 1480 1274 1520 Aremorici
1301 1480 1456 1529 (Dion.

43 1560 46 1565 ·
128 1542 338 1595 Petavii)
370 1539 722 1581 animadversurum
753 1539 853 1577 liber
882 1540 920 1577 in
947 1538 1012 1578 Cl.
1040 1537 1254 1577 Salmasii
1288 1545 1398 1577 notas
1422 1539 1461 1575 in

128 1601 236 1641 Tert.
263 1599 312 1639 de
336 1599 469 1650 pallio.
524 1596 734 1636 Rhedonis.
770 1599 895 1636 1622.
924 1599 964 1635 8.
1015 1594 1239 1633 Confutatio
1270 1593 1458 1632 animadv.

129 1657 180 1698 A.
211 1656 456 1695 Cercoetii
489 1660 565 1691 etc.
625 1652 800 1690 Auctore
837 1651 1091 1689 Francisco
1128 1651 1324 1690 Franco.
1364 1650 1456 1699 (Cl.

130 1713 384 1758 Salmasio)
410 1709 662 1759 Midelburgi.
687 1710 809 1749 1623.
825 1711 864 1748 8.
902 1705 1036 1745 Eiusd.
1058 1706 1239 1746 refutatio
1261 1709 1458 1759 utriusque

131 1769 284 1811 elenchi
315 1766 650 1819 Cercopetaviani.
712 1763 1018 1815 (Mastigophori
1048 1771 1147 1811 tres,
1184 1766 1263 1804 sive
1294 1764 1458 1804 Elenehi

130 1826 406 1870 confutationis
432 1824 695 1862 Salmasianae
720 1829 850 1874 partes
875 1823 987 1871 tres.)
1014 1820 1171 1861 Parisiis
1199 1825 1322 1864 1623.
1349 1825 1390 1863 8.

244 1883 310 1923 De
328 1879 792 1934 praescriptionibus
816 1878 1165 1918 haeretieorum
1184 1903 1236 1909 —
1259 1892 1343 1918 eum
1357 1879 1458 1917 notis

132 1943 305 1992 Qum-nm
320 1940 460 1979 Hunni.
499 1937 658 1976 Parisiis
674 1940 798 1979 1561.
825 1960 876 1966 --
905 1950 939 1975 c.
960 1937 1059 1974 notis
1073 1935 1148 1977 lic.
1162 1936 1335 1976 Pfflm.
1361 1935 1459 1974 Bru—

127 2000 242 2045 xellis
273 2000 329 2049 (s.
355 1996 566 2043 Coloniae)
601 1997 724 2035 1594.
753 1997 818 2036 12.
844 2016 902 2023 --
930 1993 1037 2034 Tert.
1068 1992 1117 2032 de
1147 2007 1338 2046 praescr„
1364 1993 1458 2031 Vin-

132 2057 282 2097 centius
311 2053 397 2093 adv.
430 2053 539 2091 haer.
588 2050 781 2102 Lugduni.
812 2054 935 2092 1622.
965 2054 1031 2092 12.
1055 2073 1112 2080 —
1140 2051 1246 2090 Tert.
1279 2051 1380 2091 liber
1410 2049 1456 2089 de

130 2125 304 2167 praescr.
337 2117 473 2150 contra
503 2109 745 2154 haereticos,
774 2108 934 2147 scholiis
958 2114 999 2146 et
1022 2109 1124 2146 notis
1153 2109 1363 2147 illustratus
1386 2121 1459 2160 per

131 2171 386 2210 Cutis-timum
410 2167 554 2205 Lunum.
590 2165 783 2204 Bruxellis
804 2169 926 2208 1675.
939 2167 983 2203 4.
1005 2166 1120 2203 etin:
1147 2165 1241 2203 Cim.
1256 2163 1349 2204 Lori
1361 2178 1452 2218 opp.

127 2228 242 2267 Toni.
258 2225 328 2266 IX.
354 2225 533 2263 Venetiis
560 2226 683 2264 1727.
698 2222 766 2260 fol.
793 2245 845 2250 —
870 2223 910 2260 in
937 2221 1117 2261 institutt.
1131 2222 1249 2260 theol.
1264 2223 1455 2274 antiquor.

130 2284 298 2324 Patrum.
311 2283 422 2321 Tom.
439 2280 470 2319 I.
485 2280 629 2320 Romae
647 2282 770 2321 1709.
785 2282 824 2320 8.
849 2302 907 2309 —-
930 2278 993 2318 ed.
1014 2279 1268 2318 Comminus
1279 2278 1452 2319 Tuomas.

132 2340 346 2392 Salisburgi
362 2341 486 2381 1752.
501 2341 540 2380 4.
568 2361 619 2367 -
648 2350 733 2377 cum
745 2336 942 2377 Vincentii
958 2336 1081 2375 Lirin.
1105 2338 1324 2376 commonit.
1349 2335 1455 2375 Nea-

224 2431 261 2474 1)
274 2431 525 2463 Adnotatione·
545 2430 601 2463 cl.
622 2430 783 2461 salmasii
800 2430 843 2460 ad
856 2430 950 2461 Tert.
964 2429 1088 2459 librum
1109 2429 1150 2459 de
1170 2428 1275 2468 pallio
1293 2438 1363 2460 non
1376 2429 1454 2468 ipsi,

132 2479 193 2512 sed
206 2479 280 2510 eius
298 2487 432 2518 nocero,
456 2476 599 2508 Ioniae
622 2477 833 2515 Mercero,
859 2475 986 2514 deberi,
1011 2474 1080 2505 iam
1099 2475 1191 2514 apud
1210 2476 1343 2506 veteres
1362 2475 1454 2504 fama

129 2526 211 2557 suit.
260 2525 311 2557 Cf.
331 2524 467 2555 Chrst.
490 2522 598 2553 Gnil.
622 2521 683 2552 Fr.
708 2522 828 2552 VValc
838 2521 899 2551 hii
929 2521 1153 2558 antiquitates
1177 2520 1275 2560 pallii
1298 2519 1451 2560 pbiloso-

50 2585 56 2594 ·
128 2572 224 2611 ,hiet
238 2573 318 2603 vett.
334 2569 619 2601 Chri-timorum.
668 2569 769 2599 lenae
783 2568 883 2598 174⁶.
897 2568 929 2600 8.
945 2577 978 2606 p.
993 2567 1058 2598 233
1072 2575 1144 2605 sqq.
