1566 2808
369 176 492 207 Αυν.
530 175 887 207 ιιΑΒειοΝΕΜ
922 175 1097 206 ΜΒΕΒ
1127 176 1182 206 lv.
1342 173 1440 211 125

123 267 396 320 promissiones
420 268 550 314 ruisse,
577 266 720 313 Christi
744 281 838 307 vero
860 268 1064 314 coelestes,
1090 267 1201 307 bene.
1229 265 1330 319 quod
1350 280 1442 306 coe-

125 325 199 364 lum
224 325 363 365 nullius
385 326 544 364 alterius
569 338 687 377 usque
712 324 837 364 adbuc
864 325 925 364 dei
952 332 1130 377 apparet,
1169 326 1241 362 nisi
1271 325 1379 363 cuins
1403 333 1443 364 et

123 388 257 429 terra,
284 382 403 429 bene,
440 381 541 435 qnod
566 390 723 421 creator
745 383 805 421 vel
832 384 978 421 minora
1003 383 1195 439 promisit,
1226 389 1267 420 ut
1293 382 1443 420 facilius

123 439 179 478 itti
204 446 246 479 et
267 438 317 479 tle
341 439 548 478 maioribus
574 439 747 486 credam,
775 454 885 492 quam
912 441 973 492 qui
998 453 1186 491 nunquam
1211 438 1260 477 de
1286 439 1442 478 minori-

122 496 195 535 bus
216 497 321 549 prius
346 496 457 536 fidem
484 497 725 536 liberalitatis
750 511 841 536 suae
866 498 1016 536 struxit.
1078 497 1187 535 Beati
1214 498 1441 543 esurientes,

124 554 300 606 quoniam
324 554 611 593 saturabuntur.
628 557 663 601 ί)
725 555 879 594 Possem
907 555 1005 593 bunc
1032 555 1178 602 titulum
1204 555 1243 591 in
1268 555 1442 606 superio·

122 623 203 650 rem
228 613 496 658 transmisisse,
529 611 630 664 quod
657 626 730 650 non
757 613 823 651 alii
847 620 935 650 sunt
959 612 1186 657 esurientes,
1213 624 1323 662 quam
1348 624 1442 663 pau·

121 680 236 720 peres
261 676 303 708 et
325 668 508 715 mendici,
534 671 566 707 si
591 683 667 707 non
692 676 733 708 et
757 670 854 708 banc
881 669 1171 720 promissionem
1183 675 1343 710 creator
1355 681 1442 719 spe-

122 725 336 779 cialitertin
361 727 552 777 evangelii
576 727 729 764 scilicet
752 727 814 764 sui
822 726 1169 777 praestructionem
1189 722 1440 770 destinasset3

120 781 307 833 siqnidem
331 795 403 834 per
426 782 577 821 Esaiam
603 782 651 820 de
677 784 745 829 eis,
774 796 868 834 quos
890 789 1097 821 vocaturus
1122 788 1225 821 esset
1248 795 1272 820 a
1297 795 1440 820 summo

120 845 263 887 terrae,
289 841 419 891 utique
444 841 638 878 nationes:
665 853 780 886 ecce,
806 841 938 892 inquit,
964 840 1171 886 velociter,
1211 840 1349 878 leviter
1372 839 1441 877 ad-

118 897 335 945 venient,²)
359 897 562 943 velociter,
590 910 660 948 qua
687 904 941 949 properantes
966 897 1035 935 sub
1056 897 1192 935 finibus
1212 903 1440 948 temporum,

118 952 276 1007 leviter,
314 956 403 1006 quia
432 955 515 992 sine
548 954 729 993 oneribus
759 955 944 1006 pristinae
969 955 1080 1005 legis.
1141 953 1230 992 Non
1256 955 1439 999 esurient,

118 1023 244 1063 neque
268 1012 413 1050 sitient.
473 1011 579 1062 Ergo
605 1012 893 1058 saturabuntur,
932 1011 1033 1063 quod
1064 1007 1194 1063 utique
1219 1012 1292 1049 nisi
1317 1012 1440 1049 esuri-

118 1067 271 1107 entibus
295 1075 336 1107 et
358 1069 574 1107 sitientibus
600 1083 676 1107 non
700 1070 946 1121 promittitur.
994 1068 1046 1107 Et
1070 1082 1219 1107 rursus:
1246 1081 1355 1114 ecce,
1382 1069 1439 1106 in-

119 1125 220 1176 quit,
246 1126 310 1176 qui
334 1126 504 1164 serviunt
527 1126 638 1172 mihi,
675 1126 959 1171 saturabuntur,
996 1139 1064 1164 vos
1089 1133 1215 1163 autem
1242 1126 1438 1171 esurietisg

119 1193 231 1228 ecee,
256 1183 319 1233 qui
342 1183 513 1221 serviunt
537 1183 639 1228 mibi,
664 1182 815 1228 bibent,
840 1196 909 1220 vos
934 1189 1060 1220 autem
1086 1182 1237 1220 sitietis.
1246 1183 1300 1231 3)
1319 1180 1439 1219 Vide-

118 1237 242 1283 bimus
271 1246 313 1278 et
342 1241 535 1278 contraria
567 1240 658 1286 ista,
696 1253 745 1277 an
776 1239 929 1278 Christo
958 1240 1327 1292 praeministrentur.
1378 1238 1438 1276 ln-

120 1297 251 1334 terim
246 1295 358 1348 quod
382 1296 637 1336 esurientibus
661 1298 898 1336 saturitatem
922 1297 1168 1348 repromittit,
1196 1295 1259 1333 dei
1285 1302 1438 1334 creato-

118 1354 174 1392 ris
204 1352 276 1393 est.
335 1352 446 1392 Beati
470 1355 685 1405 plorantes,
724 1355 810 1405 quia
840 1352 1032 1391 ridebunt.
1045 1355 1084 1399 4)
1145 1352 1319 1390 Decurre
1350 1365 1439 1390 sen-

118 1411 275 1449 tentiam
299 1409 460 1448 Esaiae:
486 1423 595 1457 ecce,
622 1411 684 1462 qui
709 1412 889 1449 serviunt
904 1410 1007 1455 mibi,
1034 1409 1342 1454 oblectabuntur,
1367 1422 1437 1446 ios

116 1473 245 1507 autem
269 1461 572 1514 confundemini3
599 1480 693 1506 ecce
720 1469 782 1519 qui
808 1467 978 1506 sel'vlunl.
1001 1466 1104 1512 mibi,
1132 1466 1408 1504 exsultabunt·
1398 1480 1437 1503 in

116 1523 415 1573 iucunditate‚⁵)
439 1538 508 1563 vos
522 1531 647 1563 autem
663 1524 875 1563 clamabitis
894 1537 987 1576 prae
1007 1523 1145 1567 dolore
1166 1522 1312 1562 cordis.
1321 1523 1359 1570 ⁶)
1387 1523 1438 1560 Et

110 1581 215 1629 ‚haec
235 1583 430 1621 contraria
450 1581 550 1634 apud
570 1581 760 1620 Christum
781 1594 1036 1633 recognosce.
1087 1581 1204 1620 Certe
1225 1581 1435 1620 oblectatio

115 1646 157 1678 et
181 1639 387 1678 exsultatio
412 1640 451 1677 in
476 1638 714 1686 iucunditate
740 1640 816 1678 illis
840 1640 1092 1691 promittitur,
1132 1639 1195 1689 qni
1219 1639 1258 1676 in
1284 1637 1436 1675 diversa

118 1695 342 1734 conditione
367 1703 465 1742 sunt,
492 1697 648 1735 moestis
673 1704 714 1735 et
737 1696 912 1734 tristibus
923 1703 963 1734 et
976 1697 1112 1733 anxiis.
1146 1694 1308 1732 Scilicet
1321 1695 1436 1732 etiam

100 1756 103 1758 '
117 1752 284 1804 psalmus
309 1765 427 1790 cxxv:
454 1754 516 1803 qni
542 1754 741 1798 seminant,
769 1754 902 1803 inquit,
928 1754 966 1790 in
994 1752 1179 1796 lacrimis,
1205 1752 1243 1788 in
1269 1751 1437 1788 exsulta-

117 1809 224 1849 tione
250 1815 406 1847 metent.
425 1809 463 1856 ⁷)
524 1808 648 1847 Porro
679 1816 756 1847 tam
787 1808 1062 1847 exsultantibus
1092 1815 1132 1846 et
1162 1806 1437 1845 iucunditatem

118 1866 357 1918 capientibus
382 1867 480 1904 risus
510 1865 680 1911 aceedit,
719 1879 827 1917 quam
860 1865 1118 1903 moerentibus
1149 1871 1190 1903 et
1219 1863 1437 1902 dolentibus

116 1923 343 1962 fletus.11a
368 1930 524 1961 creator
547 1924 726 1962 materias
749 1924 848 1963 risus
873 1929 913 1961 et
936 1923 1047 1960 fletus
1072 1920 1313 1974 praedicans,
1338 1922 1437 1959 risu-

117 1993 183 2019 ros
213 1980 408 2032 plorantes
444 1981 552 2032 prior
586 1979 693 2018 dixit.
755 1980 878 2040 igitur
906 1980 970 2031 qui
999 1992 1021 2017 a
1052 1979 1317 2017 consolatione
1343 1991 1437 2030 pau-

117 2050 251 2089 perum
281 2044 323 2076 et
353 2037 546 2076 humilium
578 2044 618 2076 et
646 2036 892 2076 esurientium
916 2044 958 2076 et
980 2031 1150 2075 flentium
1175 2049 1336 2074 exorsus
1362 2042 1435 2080 est,

117 2096 244 2133 statim
268 2107 310 2133 se
335 2095 438 2133 illum
464 2101 759 2146 repraesentare
783 2095 949 2146 gestivit,
971 2107 1080 2146 quem
1106 2088 1437 2132 demonstraverat

117 2164 189 2203 per
212 2151 382 2190 Esaiam:
422 2153 577 2203 spiritus
602 2151 743 2191 domini
767 2165 884 2204 super
907 2164 986 2198 me,
1017 2157 1178 2203 propter
1203 2149 1304 2201 quod
1328 2150 1437 2187 unxit

117 2219 185 2247 me*
201 2207 252 2246 ad
276 2208 612 2260 evangelizandum
637 2210 886 2261 pauperibus:
917 2209 1021 2247 beati
1046 2207 1231 2252 mendici,
1258 2207 1435 2257 quoniam

116 2266 268 2304 illorum
304 2273 364 2304 est
399 2279 558 2318 regnum
595 2267 809 2318 coelorum3
847 2267 949 2306 misit
984 2278 1064 2311 me,
1102 2276 1240 2303 curare
1272 2262 1435 2300 obtritos

208 2425 247 2469 1)
274 2428 356 2458 luc.
371 2430 402 2468 6,
417 2429 472 2459 21.
546 2429 581 2467 2)
604 2429 667 2458 les.
682 2430 713 2466 5,
730 2425 782 2458 26.
857 2425 893 2468 3)
919 2426 1116 2465 les.65,13.
1181 2421 1364 2464 4)1ue.6,
1380 2423 1434 2452 21.

115 2470 151 2511 5)
174 2469 402 2512 'transposita
415 2476 566 2504 suntu.
587 2474 621 2503 in
641 2474 714 2503 edi.
734 2473 835 2503 Fran.
854 2476 888 2502 et
904 2473 977 2511 mg.
1002 2482 1073 2510 qui
1086 2480 1191 2501 serv
1215 2469 1336 2510 mihi,
1360 2477 1434 2499 ex-

115 2518 345 2549 nult-bunt
393 2519 433 2549 in
478 2519 777 2554 iucunditate,
824 2535 871 2541 —
917 2517 1064 2569 mibi,
1086 2516 1434 2547 oblectabuntur.

115 2563 434 2606 6)1en.65‚13=q
528 2563 784 2602 7)ιί.ι3,.65
