1604 2800
166 215 269 253 292
616 210 1055 245 ADV.1L‘DAEOS.

168 294 312 348 veritas
343 303 657 344 obumbrabatur.
718 302 867 342 Placuit
892 317 1007 355 ergo,
1041 301 1142 355 quod
1173 315 1244 355 per
1275 305 1503 343 concentum

170 364 441 417 disputationis
466 363 588 401 minus
613 362 727 414 plene
754 363 878 413 potuit
903 359 1120 408 dilucidari,
1152 360 1291 413 inspici
1318 360 1506 399 curiosius

171 430 212 462 et
237 422 417 461 lectionis
450 421 538 459 stilo
571 420 817 472 quaestiones
854 425 1087 457 retractatas
1123 419 1346 458 terminare.
1407 416 1507 457 Nam

172 481 330 519 occasio
351 477 503 531 quidem
525 475 760 516 defendendi
786 477 899 515 etiam
928 477 1106 528 gentihus
1131 476 1201 514 sibi
1229 475 1402 514 divinam·
1420 487 1509 526 gra-

170 540 262 576 tiam
301 537 432 576 habuit
469 536 556 574 hinc
594 535 922 587 praerogativam,
961 533 1063 586 quod
1100 534 1173 572 sibi
1208 532 1407 573 vindicare
1446 531 1511 571 dei

171 596 298 646 legem
326 593 537 632 instituerit
561 592 675 631 homo
702 604 751 631 ex
777 591 974 642 gentibus,
1007 604 1079 630 nec
1104 590 1154 630 de
1180 591 1359 643 prosapia
1386 589 1513 629 Israe-

171 653 279 690 litum
305 648 485 690 Iudaeus.
532 648 632 688 ¹Hoc
659 650 759 688 enim
787 656 845 687 sat
871 656 947 696 est,
979 661 1094 701 posse
1126 655 1264 700 gentes
1289 647 1437 686 admitti
1463 645 1514 685 ad

173 709 238 748 dei
270 710 416 760 legem,
455 720 503 746 ne
537 707 657 746 Israel
689 706 814 745 adhuc
849 706 1067 759 superbiat,
1109 705 1210 759 quod
1242 712 1378 757 gentes
1409 703 1515 743 velut

174 765 410 804 stillicidium
438 765 575 803 situlae
602 771 667 802 aut
691 764 814 815 pulvis
841 777 890 803 ex
915 764 1060 813 areal)
1092 762 1344 816 deputentur3
1385 774 1515 814 quam-

177 836 288 874 quam
315 822 523 859 habeamus
550 823 673 872 ipsum
700 820 812 858 deum
839 820 1017 859 idoneum
1040 821 1340 872 pollicitatorem
1362 826 1402 858 et
1421 818 1516 858 fide-

176 879 251 917 lem
283 890 527 930 sponsorem,
562 878 624 928 qui
649 875 832 914 Abrahae
870 878 1120 927 promiserat,
1161 876 1263 928 quod
1299 878 1338 914 in
1370 877 1515 914 semine

177 937 260 974 eius
296 934 624 974 benedicerentur
661 945 794 971 omnes
830 934 1007 971 nationes
1039 935 1235 981 terrae,²)
1276 940 1316 972 et
1342 931 1442 985 quod
1469 945 1519 971 ex

175 999 288 1031 utero
315 991 521 1030 Rebeccae
549 989 622 1028 duo
649 990 779 1041 populi
806 997 846 1028 et
872 988 968 1028 duae
995 997 1132 1040 gentes
1159 997 1289 1028 essent
1313 1002 1520 1040 processu-

176 1062 245 1087 rae
260 1050 298 1095 3)
327 1049 456 1100 utique
484 1046 726 1093 Iudaeorum,
754 1045 793 1084 id
820 1053 879 1084 est
904 1046 1075 1094 Israelis,
1110 1053 1150 1085 et
1174 1047 1364 1098 gentium,
1397 1045 1436 1085 id
1461 1053 1521 1085 est

176 1113 324 1145 noster.
399 1105 569 1157 Uterque
608 1117 703 1155 ergo
736 1110 776 1143 et
808 1105 969 1156 populus
1001 1111 1041 1143 et
1073 1117 1169 1156 gens
1201 1111 1260 1143 est
1291 1103 1519 1156 appellatuS‚

176 1177 227 1202 ne
267 1162 314 1202 de
354 1163 518 1201 nominis
555 1162 815 1215 appellatione
860 1162 1102 1214 privilegium
1141 1163 1290 1213 gratiae
1329 1161 1400 1200 sibi
1439 1161 1522 1213 quis

180 1220 323 1259 audeat
349 1219 573 1260 defendere.
613 1220 718 1258 Duos
745 1219 887 1258 etenim
913 1220 1077 1271 populos
1102 1226 1142 1271 et
1161 1218 1255 1258 duas
1275 1226 1412 1270 gentes
1431 1231 1523 1270 pro-

182 1291 359 1317 cessuras
379 1291 429 1317 ex
446 1279 556 1316 unius
582 1278 747 1316 feminae
774 1284 885 1315 utero
913 1276 1006 1316 deus
1033 1276 1250 1324 destinavit,
1277 1289 1349 1315 nec
1376 1274 1522 1315 discre-

180 1337 238 1374 vit
262 1337 425 1386 gratiam
450 1336 490 1373 in
515 1336 678 1373 nominis
704 1335 985 1386 appellatione,
1019 1334 1088 1374 sed
1113 1336 1151 1374 in
1176 1340 1309 1387 partus
1335 1332 1522 1378 editione,

180 1399 239 1441 ut,
266 1394 330 1443 qui
350 1393 458 1443 prior
477 1400 581 1431 esset
601 1391 648 1430 de
668 1399 780 1430 utero
801 1405 1068 1443 processurus,
1089 1393 1228 1430 minori
1248 1391 1522 1436 subiiceretur,

182 1447 224 1485 id
250 1455 309 1486 est
339 1448 561 1499 posteriori.
630 1447 696 1486 Sic
729 1461 889 1500 namque
922 1449 970 1487 ad
996 1449 1215 1489 Rebeccam
1249 1447 1526 1491 deuslocutus

186 1511 264 1542 est:
293 1503 391 1543 duae
418 1511 554 1555 gentes
579 1505 617 1542 in
642 1511 754 1542 utero
781 1512 847 1542 tuo
875 1513 973 1551 sunt,
1001 1513 1041 1544 et
1067 1506 1142 1544 duo
1169 1505 1369 1558 populide
1389 1511 1526 1543 ventre

185 1569 253 1599 tuo
291 1559 534 1608 dividentur,
573 1568 612 1600 et
648 1561 810 1612 populus
846 1562 1025 1613 populum
1063 1562 1284 1614 superabit,
1329 1569 1369 1600 et
1405 1562 1528 1599 maior

188 1619 332 1656 serviet
358 1619 562 1668 minori-⁴¹)
619 1617 753 1669 Itaque
781 1631 867 1656 cum
891 1619 1054 1670 populus
1080 1632 1148 1657 seu
1174 1631 1269 1670 gens
1295 1617 1526 1657 Iudaeorum

188 1676 364 1713 anterior
394 1675 444 1712 sit
474 1682 648 1726 tempore
675 1681 716 1713 et
739 1675 863 1713 maior
899 1687 970 1726 per
1007 1676 1170 1725 gratiam
1208 1676 1354 1727 primae
1378 1673 1528 1728 ⁸digna-

187 1732 305 1770 tionis
330 1733 369 1769 in
395 1732 503 1783 lege,
542 1738 676 1770 noster
711 1744 806 1770 vero
839 1733 964 1770 minor
988 1739 1117 1770 aetate
1144 1739 1357 1784 temporum
1384 1730 1530 1770 intelli-

187 1796 321 1840 gatur,
358 1796 492 1841 utpote
507 1791 545 1840 ⁵)
584 1790 623 1827 in
660 1788 793 1827 ultimo
831 1789 952 1827 seculi
991 1791 1116 1841 spatio
1154 1788 1315 1841 adeptus
1353 1789 1528 1827 notitiam
1562 1816 1566 1821 ,

189 1845 342 1885 divinae
363 1847 641 1894 miserationis3
663 1846 799 1898 procul
821 1845 936 1884 dubio
958 1845 1166 1885 secundum
1187 1845 1354 1885 edictum
1376 1844 1528 1884 divinae

189 1904 422 1942 elocutionis
448 1905 556 1956 prior
581 1910 621 1942 et
645 1904 769 1941 maior
793 1904 973 1955 populus,
1006 1902 1046 1942 id
1072 1911 1132 1942 est
1156 1902 1354 1950 Iudaicus,
1387 1902 1532 1941 serviat

187 1973 352 1999 necesse
390 1968 450 1999 est
486 1962 643 2007 minori,
682 1967 722 1998 et
751 1961 876 1998 minor
899 1960 1080 2013 populus,
1118 1960 1159 1999 id
1190 1968 1250 1999 est
1275 1960 1529 2005 Christianus,

190 2025 349 2068 superet
374 2019 570 2057 maiorem.
609 2017 707 2055 Nam
728 2024 767 2055 et
787 2017 995 2056 secundum
1017 2017 1228 2056 divinarum
1254 2018 1531 2068 scripturarum

190 2076 398 2113 memorias
422 2075 583 2127 populus
610 2073 838 2113 Iudaeorum
868 2076 1002 2122 maior,
1034 2074 1074 2113 id
1100 2082 1159 2114 est
1183 2075 1389 2126 antiquior,
1417 2072 1532 2112 dere-

191 2132 287 2169 licto
326 2130 400 2170 deo
437 2132 552 2171 idolis
589 2132 747 2170 servivit
777 2138 816 2170 et
853 2130 1052 2170 divinitate
1074 2131 1279 2180 ,abrelicta
1315 2130 1531 2170 simulacris

191 2188 268 2226 fuit
293 2187 458 2236 deditus,
491 2189 646 2228 dicente
673 2189 816 2240 populo
843 2187 892 2226 ad
915 2188 1069 2229 Aaron:
1107 2190 1169 2228 fac
1196 2188 1307 2227 nobis
1333 2186 1442 2235 deos,
1469 2187 1533 2239 qui

193 2258 266 2283 nos
280 2245 572 2294 antecedant.⁶)
613 2245 723 2293 Quod
738 2259 821 2284 cum
839 2258 887 2284 ex
900 2246 1107 2285 monilibus
1118 2246 1342 2285 feminarum
1357 2251 1397 2284 et
1409 2244 1533 2283 anulis

195 2302 366 2341 virorum
403 2316 533 2342 aurum
571 2304 707 2342 fuisset
742 2304 832 2353 igne
871 2304 1076 2342 conflatum
1113 2311 1154 2343 et
1184 2303 1441 2356 processisset
1475 2301 1533 2342 eis

196 2357 377 2396 bubulum
411 2368 544 2412 caput,
576 2360 665 2398 huic
699 2359 882 2411 figmento
914 2361 1112 2400 universus
1138 2360 1259 2400 Israel
1290 2359 1430 2398 relicto
1457 2355 1531 2396 deo

292 2507 328 2546 1)
342 2509 408 2538 les.
422 2511 478 2547 40,
495 2511 549 2540 15.
623 2509 659 2548 2)
674 2509 758 2540 Gen.
773 2511 828 2548 22,
845 2511 900 2542 18.
973 2511 1010 2550 3)
1029 2511 1113 2542 Gen.
1126 2512 1182 2551 25,
1198 2511 1254 2541 23.
1324 2509 1362 2547 4)
1376 2508 1421 2539 ib.
1496 2508 1532 2547 5)

202 2551 258 2582 Sic
279 2552 440 2592 ed.Rig.;
468 2554 593 2585 ceterit
624 2556 859 2593 temporum
885 2555 931 2586 de
958 2557 1165 2596 Rebecca,
1199 2556 1245 2585 de
1271 2555 1433 2586 duobus
1459 2563 1534 2594 po-

202 2597 318 2634 pulis
343 2598 630 2640 iutelligitur,
656 2599 695 2630 id
721 2600 915 2640 possein
941 2601 1016 2633 ult.
1042 2604 1108 2633 etc.
1182 2601 1219 2641 6)
1236 2600 1348 2633 Exod·
1364 2601 1416 2641 32,
1432 2600 1486 2631 23.
