1604 2800
315 202 388 233 DE
423 201 932 233 RESURRECTloNE
968 199 1200 233 CARNts.
1311 200 1414 241 ιιι

90 301 261 334 veterum
298 293 576 345 sepulturarum
613 293 807 344 sacrilega
844 293 1150 340 collocarentur,
1189 294 1419 346 quingento-

88 362 171 391 rum
197 352 282 391 fere
307 363 492 390 annorum
524 363 612 389 ossa
641 349 767 389 adhuc
798 349 956 389 succida
993 357 1044 389 et-
1069 350 1230 403 capillos
1267 351 1419 390 olentes

88 409 251 462 populus
275 409 489 448 exhorruit.
549 407 712 446 Constat
744 421 820 445 non
852 414 995 446 tantum
1029 421 1117 446 ossa
1152 407 1312 455 durare,
1350 420 1419 450 ve,-

89 480 171 506 rum
197 473 238 506 et
261 465 670 518 dentesincorruptos
695 478 931 517 perennare,
965 478 1062 517 quae
1087 472 1130 504 ut
1152 467 1298 504 semina
1322 466 1419 503 reti-

90 531 231 563 nentur
266 523 537 562 fructificaturi
574 524 750 574 corporis
782 524 820 560 in
851 523 1154 562 resurrectione.
1214 522 1418 562 Postremo

90 583 165 620 etsi
202 589 291 620 tunc
328 579 553 620 devoratum
584 581 803 619 invenietur
833 581 996 619 mortale
1028 581 1066 618 in
1105 580 1280 619 omnibus
1315 593 1419 618 mor-

89 641 178 686 tuis,
204 645 505 684 certeamorte,
532 645 642 677 certe
666 638 712 676 ab
739 651 849 684 aevo,
877 645 985 676 certe
1011 650 1081 689 per
1105 644 1285 685 aetatem,
1312 649 1419 676 num-

90 695 180 748 quid
205 710 230 735 a
258 697 355 742 vita,
393 694 572 747 numquid
604 709 626 733 a
657 694 1015 747 superindumento,
1054 694 1232 746 numquid
1268 694 1317 733 ab
1349 695 1420 732 im-

88 754 334 792 mortalitatis
371 754 548 803 ingestu?
606 752 729 790 Porro
762 753 824 803 qui
856 752 903 790 ab
936 752 994 790 his
1030 753 1085 789 ait
1115 750 1339 790 devoratum
1370 752 1419 789 iri

88 811 265 856 mortale,
291 809 340 848 ab
366 810 452 847 aliis
477 810 646 859 negavit.
708 809 759 846 Et
788 809 917 860 utique
949 808 1024 846 hoc
1049 821 1072 846 a
1096 807 1418 855 divinis‘viribus,

87 881 166 907 non
201 881 226 906 a
262 866 498 905 naturalibus
536 866 685 916 legibus
722 865 859 917 perfici
896 867 1161 917 praestarique
1200 866 1417 904 conveniet.

86 925 194 977 Ergo
219 937 305 963 cnm
330 937 351 962 a
376 924 456 962 vita
480 922 622 961 habeat
646 921 846 970 devorari,
873 922 974 974 quod
1001 923 1161 961 mortale
1187 930 1259 969 est,
1286 921 1325 961 id
1351 936 1420 962 ex-

87 982 213 1023 hiberi
250 982 490 1020 omnifariam
521 993 682 1019 necesse
714 986 791 1027 est,
828 986 870 1018 ut
894 979 1122 1026 devoretur,
1160 987 1199 1018 et
1224 979 1417 1026 devorari,

88 1047 131 1079 ut
153 1039 384 1079 demutetur.
434 1037 477 1076 Si
503 1039 630 1089 ignem
656 1036 764 1075 dicas
789 1036 953 1076 accendi
979 1043 1175 1088 oportere,
1202 1050 1279 1075 non
1303 1044 1419 1089 potes

27 1099 37 1108 ⁴
86 1097 148 1145 id,
178 1110 251 1150 per
274 1095 378 1149 quod
402 1094 651 1140 accenditur,
683 1094 774 1132 alibi
800 1094 1059 1132 necessarium
1086 1093 1294 1140 affirmare,
1326 1093 1418 1132 alibi

88 1167 180 1194 non.
241 1152 308 1198 Sic
333 1154 374 1191 et
399 1166 483 1191 cum
508 1152 683 1190 infulcit:
722 1150 908 1202 siquidem
941 1151 1047 1188 exuti
1078 1163 1155 1188 nou
1180 1151 1419 1188 inveniemur

89 1209 200 1257 nudi,
238 1209 287 1248 de
320 1211 377 1248 eis
406 1209 576 1255 scilicet,
616 1210 677 1259 qui
705 1221 781 1246 non
806 1208 843 1245 in
869 1208 947 1246 vita
973 1220 1044 1246 nec
1071 1208 1109 1245 in
1135 1220 1252 1246 carne
1278 1206 1419 1259 depre-

89 1266 308 1308 hendentur
343 1280 368 1305 a
403 1265 466 1305 die
505 1265 665 1304 domiui:
704 1279 780 1303 non
819 1265 915 1303 alias
951 1265 1107 1316 negavit
1143 1263 1284 1312 nudos,
1323 1278 1418 1316 quos

91 1324 283 1380 praedixit
312 1331 469 1370 exutos,
508 1324 580 1362 nisi
607 1324 692 1375 quia
718 1324 924 1361 revestitos
948 1323 1069 1360 voluit
1092 1322 1256 1373 intelligi
1282 1321 1418 1360 eadem

89 1383 320 1429 substantia,
358 1395 431 1434 qua
457 1382 609 1420 fuerant
633 1380 800 1432 spoliati.
862 1379 911 1418 Ut
936 1378 1026 1418 nudi
1051 1379 1151 1418 enim
1177 1380 1420 1418 invenientur

90 1454 210 1481 carne
234 1439 414 1492 deposita
437 1439 499 1477 vel
524 1451 573 1477 ex
603 1445 712 1489 parte
745 1436 906 1475 discissa
937 1438 1018 1475 sive
1050 1435 1210 1483 detrita,
1251 1440 1313 1485 (et
1342 1435 1418 1474 hoc

89 1499 191 1538 enim
215 1496 368 1536 nuditas
391 1503 522 1548 potest
546 1495 666 1544 dici,)
694 1493 833 1532 dehinc
859 1495 1052 1546 recipient
1076 1506 1179 1539 eam,
1223 1500 1266 1532 ut
1289 1492 1420 1532 redin-

89 1555 171 1595 duti
219 1567 337 1594 carne
386 1554 472 1592 fieri
519 1553 668 1605 possint
712 1553 827 1591 etiam
870 1550 1110 1604 superinduti
1154 1551 1419 1590 immortalita-

90 1620 188 1661 tem;
231 1610 454 1666 superindui
484 1611 585 1650 enim
616 1611 688 1649 nisi
717 1610 859 1650 vestito
891 1610 965 1647 iam
998 1609 1208 1647 convenire
1241 1621 1317 1646 non
1346 1621 1419 1661 po-

88 1674 194 1710 terit.

203 1729 275 1767 43.
333 1723 500 1763 Proinde
545 1737 628 1762 cum
673 1721 785 1760 dicit:
840 1724 970 1773 itaque
1014 1722 1149 1760 confisi
1192 1734 1345 1773 semper
1380 1728 1421 1760 ct

90 1785 280 1828 seientes,
317 1780 440 1833 quod,
468 1794 552 1818 cum
577 1781 822 1817 immoramur
846 1780 885 1816 in
911 1790 1099 1830 corpore,
1124 1780 1420 1830 peregrinamur

91 1855 116 1880 a
139 1839 314 1886 domino,
351 1850 422 1889 per
447 1836 559 1875 fidem
586 1837 686 1874 enim
712 1834 941 1882 incedimus,
979 1848 1058 1873 non
1081 1848 1152 1888 per
1175 1836 1417 1887 speciem:¹)

91 1897 333 1937 manifestum
371 1901 448 1940 est,
487 1894 562 1932 hoc
595 1905 744 1945 quoque
776 1906 852 1931 non
882 1893 1079 1944 pertinere
1114 1891 1164 1932 ad
1196 1892 1419 1931 offuscatio-

45 1946 58 1955 ’
92 1969 179 1995 nem
211 1954 339 1994 carnis
370 1952 477 2004 quasi
508 1951 721 2002 separantis
752 1963 822 1988 nos
853 1963 876 1988 a
907 1949 1075 1988 domino.
1135 1949 1188 1988 Et
1224 1950 1287 1988 hic
1318 1950 1418 1988 enim

94 2012 315 2053 exhortatio
334 2007 591 2048 fastidiendae
609 2008 712 2046 vitae
738 2007 848 2046 huius
872 2006 1098 2055 obvertitur,
1124 2005 1311 2059 siquidem
1329 2020 1420 2060 per-

93 2062 314 2122 egrinamur
336 2080 361 2105 a
385 2065 560 2111 domino,
592 2063 770 2116 quamdiu
793 2065 970 2112 vivimus,
1000 2078 1073 2117 per
1097 2063 1208 2104 fidem
1234 2063 1419 2104 inceden-

95 2134 167 2174 tes,
194 2139 271 2164 non
295 2137 367 2176 per
390 2124 573 2176 speciem,
599 2121 639 2160 id
664 2129 725 2160 est
747 2135 829 2174 spe,
855 2136 931 2160 non
955 2135 1012 2161 re.
1074 2121 1125 2160 Et
1148 2121 1239 2161 ideo
1264 2122 1419 2160 subiun-

94 2185 170 2236 git:
204 2180 367 2221 fidentes
391 2188 518 2219 autem
537 2187 583 2218 ret
607 2179 746 2218 bonum
772 2178 958 2218 ducentes
982 2181 1104 2231 magis
1123 2179 1371 2231 ‘peregrinari
1395 2192 1419 2217 a

96 2252 263 2292 corpore
283 2245 325 2277 et
343 2238 537 2276 immorari
557 2235 605 2275 ad
625 2235 836 2284 dominum,
850 2239 887 2286 ²)
913 2237 1067 2276 scilicet
1090 2244 1131 2275 ut
1154 2250 1226 2288 per
1249 2236 1419 2287 speciem

95 2299 218 2350 magis
242 2294 483 2341 incedamus,
522 2307 631 2346 quam
655 2307 728 2346 per
751 2293 883 2341 iidem,
921 2308 993 2346 per
1015 2307 1097 2333 rem
1122 2294 1268 2345 potiuS‚
1308 2305 1419 2344 quam

95 2368 168 2408 per
197 2367 316 2406 spem.
375 2351 515 2398 Vides,
555 2365 666 2403 quam
696 2358 737 2390 et
765 2351 828 2390 hic
854 2364 1057 2403 corporum
1086 2356 1343 2400 contemptum
1369 2347 1418 2387 ad

96 2413 366 2464 martyriorum
393 2410 664 2462 praestantiam
690 2409 849 2447 referat.
909 2407 1035 2447 Nemo
1062 2408 1161 2445 enim
1193 2406 1418 2458 peregriua-

98 2551 151 2583 cd.
168 2549 355 2587 Lhodie3
381 2549 435 2581 ed.
455 2549 510 2580 m.
530 2549 566 2579 et
586 2547 835 2579 cod.w0uw.:
861 2555 908 2577 eo
933 2545 1016 2584 die;
1042 2544 1118 2576 alii:
1143 2543 1226 2583 dei;
1253 2544 1340 2583 Get„
1366 2544 1416 2575 ed.

97 2596 201 2630 Fran.
213 2598 250 2628 et
260 2596 337 2637 mg.
353 2594 429 2626 ode
440 2594 460 2626 i.
555 2592 593 2635 1)
618 2594 639 2624 2
654 2594 730 2625 Cor.
746 2595 777 2637 5,
789 2595 808 2624 6
819 2602 869 2631 tq.
963 2592 1000 2631 2)
1022 2591 1065 2623 ib.
1079 2597 1111 2623 v.
1124 2591 1157 2621 8.
