1624 2826
235 237 337 274 212
484 233 1306 269 ADV.MAR010NEMI.113ER1V.

233 332 361 377 illum,
399 338 440 368 ut
471 329 571 382 apud
603 343 686 368 eum
721 342 899 381 quaeram
931 335 970 367 et
1001 327 1214 366 inveniam?
1263 323 1304 362 Si
1329 324 1553 375 sapientiam

233 395 346 439 atque
372 387 632 439 prude1itian13
660 387 726 425 has
754 393 910 426 creator
933 383 1148 424 abscondit.
1209 381 1322 434 Apud
1348 394 1432 420 eum
1459 395 1553 433 ergo

234 447 439 497 quaeram?
488 444 529 483 Si
561 445 719 482 salutem
752 452 791 482 et
820 445 954 491 vitam3
1006 449 1046 481 et
1077 442 1143 479 has
1182 439 1281 492 apud
1314 441 1556 478 creatorem?

232 502 339 541 Nihil
364 503 455 541 alibi
482 509 699 554 quaeretur,
733 508 773 539 ut
798 501 1023 546 inveniatur,
1052 512 1160 550 quam
1185 498 1249 536 ubi
1276 498 1397 543 latuit,
1424 503 1465 535 ut
1489 510 1557 548 ap-

231 567 381 611 pareat.
443 559 509 598 Sic
548 559 837 598 ne‘c'aliorsum
876 557 1059 610 pulsabo,
1100 568 1209 607 quam
1239 554 1340 592 unde
1366 567 1445 592 sum
1472 554 1557 592 fun-

234 619 377 665 ctus.1)
439 616 614 669 Denique
648 618 678 654 si
704 617 886 667 accipere
913 622 952 653 ct
977 614 1149 652 invenire
1176 619 1216 651 et
1240 610 1388 650 admitti
1414 611 1558 649 laboris

233 682 272 712 et
297 676 502 713 instantiae
529 675 676 713 fructus
702 674 842 720 estilli,
870 673 932 723 qui
953 671 1116 723 petiitet
1130 670 1316 721 quaesivit
1330 675 1368 707 et
1382 669 1557 720 pulsavit,

233 732 407 782 intellige
424 732 519 770 haec
535 745 554 770 a
573 738 751 770 creatore
772 729 943 768 mandari
958 736 997 767 ct
1011 727 1238 780 repromitti.
1266 726 1335 764 Ille
1350 726 1449 764 enim
1465 725 1559 764 deus

235 789 413 841 optimus,
431 789 530 826 ultro
546 789 703 827 veniens
718 787 764 825 ad
780 785 1047 838 praestandum
1064 799 1139 823 non
1154 798 1222 822 suo
1238 784 1390 828 homini,
1418 783 1558 821 nullum

234 847 289 884 illi
316 846 487 884 laborem
514 859 586 884 nec
613 846 829 883 instantiam
857 843 1067 881 indixisset.
1131 841 1206 879 Iam
1234 841 1332 878 enim
1357 853 1433 877 non
1459 840 1558 891 opti-

235 916 332 950 mus,
360 904 391 941 si
417 917 491 941 non
517 904 617 941 ultro
645 901 755 940 daret
781 915 853 939 non
880 901 1044 952 petenti,
1072 905 1111 937 et
1141 899 1312 936 invenire
1342 904 1560 950 praestaret

236 974 311 998 non
350 961 573 1012 quaerenti,
613 967 652 998 et
679 960 860 1011 aperiret
896 971 972 995 non
1003 956 1183 1008 pulsanti.
1238 955 1403 1008 Creator
1433 961 1560 993 autem

236 1019 360 1069 potuit
385 1017 557 1056 indicere
584 1018 657 1055 ista
682 1029 752 1068 per
767 1015 969 1061 Christum,
991 1021 1043 1060 ut,
1072 1014 1159 1065 quia
1173 1011 1430 1063 delinquendo
1445 1012 1559 1050 honio

238 1074 457 1113 offenderat
482 1074 592 1113 deum
621 1087 745 1119 suum,
786 1073 982 1110 laboraret
1012 1078 1052 1108 et
1088 1070 1267 1107 instantia
1305 1068 1462 1120 petendi
1493 1082 1561 1107 ac-

238 1133 387 1183 ciperet
418 1139 457 1170 et
489 1129 700 1182 quaerendi
732 1130 922 1167 inveniret
954 1135 993 1166 et
1028 1125 1202 1179 pulsandi
1240 1126 1430 1164 introiret.
1493 1123 1560 1165 Sic

237 1196 277 1227 et
302 1190 511 1240 praemissa
543 1186 749 1226 similitudo
783 1193 1008 1224 nocturnum
1036 1185 1143 1236 panis
1168 1184 1372 1235 petitorem
1399 1183 1561 1222 amicum

236 1246 331 1284 facit
356 1260 431 1284 non
464 1246 646 1292 alienum,
681 1252 721 1283 et
745 1243 794 1282 ad
820 1244 980 1282 amicum
1011 1243 1237 1293 pulsantem,
1275 1239 1561 1292 non-adffgno-

237 1304 379 1355 tumst)
438 1302 596 1341 Amicus
627 1309 778 1348 autem,
817 1301 964 1340 etiamsi
997 1298 1180 1346 offendit,
1219 1299 1349 1349 magis·
1371 1299 1561 1336 creatoris

238 1368 297 1398 est
321 1361 453 1407 homo,
487 1374 596 1412 quam
628 1359 689 1398 dei
716 1359 938 1397 Marcionis.
1000 1356 1132 1408 Itaque
1159 1354 1206 1394 ad
1232 1368 1315 1394 eum
1342 1356 1484 1407 pulsat,
1512 1353 1563 1393 ad

239 1430 348 1468 quem
374 1418 431 1455 ius
457 1418 511 1455 illi
538 1424 640 1464 erat,
669 1418 774 1455 cuius
800 1417 949 1454 ianuam
977 1421 1108 1461 norat,
1136 1426 1245 1465 quem
1271 1412 1415 1451 habere
1441 1425 1561 1464 panes

238 1473 404 1520 sciebat,
438 1474 639 1512 cubantem
664 1475 738 1511 iam
765 1486 849 1510 cum
875 1472 1093 1517 infantibus,
1121 1483 1214 1521 quos
1241 1470 1346 1508 nasei
1370 1470 1558 1508 voluerat.

238 1530 364 1568 Etiam
396 1530 495 1582 quod
528 1543 616 1568 sero
649 1530 837 1581 pulsatur,
879 1529 1067 1566 creatoris
1100 1534 1158 1564 est
1188 1533 1354 1577 tempus3
1395 1526 1495 1564 illius
1521 1533 1562 1564 et

238 1600 382 1635 serum,
423 1588 528 1626 cuius
560 1588 728 1625 seculum
760 1593 800 1624 et
830 1586 949 1624 seculi
977 1597 1149 1622 occasus.
1210 1582 1271 1622 Ad
1298 1581 1408 1621 deum
1434 1590 1560 1622 autem

239 1658 375 1683 novum
419 1657 529 1683 nemo
572 1657 661 1683 sero
697 1644 909 1695 pulsasset,
960 1649 1103 1680 tantum
1148 1639 1248 1692 quod
1285 1640 1559 1679 lucescentem.

239 1702 407 1741 Creator
432 1709 502 1749 est,
531 1703 592 1753 qui
619 1708 659 1740 et
684 1702 831 1739 ianuam
859 1701 948 1738 olim
975 1699 1192 1736 nationibus
1219 1698 1434 1747 cluserit,3)
1463 1710 1560 1750 quae

239 1759 329 1798 olim
359 1759 581 1811 pulsabatur
612 1757 782 1806 Iudaeis3
821 1759 853 1795 is
879 1764 918 1795 et
944 1756 1140 1806 exsurgit,
1178 1762 1218 1793 et
1244 1753 1328 1802 dat}
1367 1762 1407 1793 et
1431 1756 1462 1793 si
1486 1756 1569 1794 ianr

238 1830 315 1854 non
349 1818 455 1869 quasi
487 1817 630 1863 amico,
670 1830 745 1854 non
778 1822 903 1853 tamen
935 1814 1041 1866 quasi
1074 1819 1259 1851 extraneo
1291 1812 1454 1859 homini,
1493 1811 1562 1851 sed

239 1875 345 1924 quasi
371 1875 545 1921 molesto,
572 1874 710 1925 in‘quit3
738 1874 936 1911 molestum
964 1874 1089 1910 autem
1115 1878 1190 1908 tam
1212 1871 1289 1908 cito
1311 1869 1403 1908 deus
1423 1881 1581 1921 rec-ens?

239 1932 427 1969 neminem
464 1932 543 1983 pati
579 1931 715 1983 potuit.
776 1929 959 1981 Agnosce
998 1929 1116 1979 igitur
1152 1934 1192 1966 et
1227 1919 1420 1979 patrcms
1450 1939 1562 1978 quem

238 1989 352 2025 etiam
390 1989 561 2040 appellas
601 1995 832 2027 creatorem.
897 1987 982 2038 Ipse
1019 1993 1096 2032 est,
1136 1986 1198 2037 qui
1237 1985 1342 2031 scit,
1367 1982 1563 2036 quidfilii

238 2045 444 2096 postulent.
483 2045 579 2082 Nam
607 2053 646 2083 et
670 2058 805 2096 panem
832 2043 1049 2096 petentibus
1075 2041 1122 2080 de
1150 2042 1261 2080 coelo
1283 2040 1388 2079 dedit
1404 2041 1560 2087 manna,

239 2109 278 2140 et
304 2114 458 2141 carnem
484 2101 791 2140 desiderantibus
817 2102 942 2140 emisit
963 2106 1284 2151 ortygometram3
1312 2111 1387 2136 non
1402 2110 1562 2149 serpen-

239 2166 314 2198 tem
340 2172 411 2211 pro
442 2159 561 2211 pisce,
589 2171 661 2197 nec
688 2159 880 2209 scorpium
905 2171 977 2208 pro
1005 2158 1139 2204 ovo.4)
1190 2155 1295 2193 Illius
1320 2162 1446 2194 autem
1472 2156 1560 2202 erit,

239 2230 315 2255 non
348 2216 440 2255 dare
472 2217 609 2254 malum
641 2229 711 2267 pro
738 2215 860 2262 bono,
900 2216 1006 2253 cuius
1031 2220 1230 2264 utrumque
1257 2213 1317 2251 sit.
1380 2211 1560 2251 Ceterum

239 2273 332 2312 deus
363 2273 574 2313 Marcionis
606 2286 682 2310 non
707 2273 851 2311 habens
890 2271 1106 2322 scorpium,
1144 2284 1220 2308 non
1257 2277 1413 2322 poterat
1449 2268 1488 2307 id
1517 2281 1559 2307 se

239 2330 371 2370 dicere
397 2345 473 2369 non
499 2330 685 2377 daturum,
714 2329 813 2382 quod
840 2341 915 2367 non
942 2328 1119 2373 habebat,
1147 2326 1214 2366 sed
1235 2328 1312 2374 ille,
1340 2325 1402 2379 qui
1415 2325 1559 2364 habens

239 2395 279 2427 et
303 2389 494 2440 scorpium
520 2401 595 2426 non
621 2387 697 2426 dat.
760 2387 892 2439 Itaque
919 2393 958 2424 et
989 2385 1159 2437 spiritum
1186 2391 1355 2423 sanctum
1382 2385 1414 2421 is
1439 2380 1557 2428 dabit,

239 2445 338 2497 apud
377 2458 486 2498 quem
524 2452 583 2484 est
619 2452 659 2484 et
688 2458 764 2483 non
790 2451 958 2483 sanctus.
1023 2442 1115 2481 Cum
1142 2441 1293 2480 surdum
1319 2438 1557 2479 daemonium

239 2530 275 2537 ...-

331 2584 366 2623 1)
389 2584 568 2615 Gelenius:
595 2585 746 2624 fug-atu
758 2593 784 2614 s.
881 2580 917 2624 2)
933 2583 1015 2616 Luc.
1032 2584 1085 2622 11,
1103 2582 1201 2611 5-8.
1274 2579 1309 2619 3)
1325 2578 1406 2609 Cod.
1422 2579 1558 2609 u'ouw.

240 2629 471 2661 clauserat.
566 2629 961 2671 4)t,uc.11,11—13.
