1604 2800
513 195 586 227 ule:
623 195 820 227 CARNE
853 195 1108 228 cunts‘rl.
1406 193 1479 232 63

149 288 327 330 fiduciam
360 294 529 341 reputas,
555 295 597 326 ut
622 301 699 326 non
725 295 836 327 natus
861 287 1046 327 adversus
1072 289 1349 327 conscientiam
1375 302 1480 328 suam

146 354 277 388 natum
301 359 342 386 se
369 347 582 385 existimari
606 348 827 385 sustineret.
891 346 987 394 Quid
1016 347 1110 385 tanti
1136 347 1224 393 fuit,
1264 346 1408 394 edoce,
1441 354 1482 385 nt

148 405 353 446 consciens
379 404 566 450 Christus,
594 403 683 456 quid
709 411 825 450 esset,
853 403 890 442 id
917 417 972 449 se,
994 406 1031 453 ¹)
1058 403 1160 457 quod
1186 418 1263 443 non
1289 412 1386 451 erat,
1413 417 1482 444 ex-

147 463 326 503 hiberet?
384 461 472 500 Non
510 469 623 514 potes
654 461 806 501 dicere:
845 463 876 500 si
909 469 1019 500 natus
1052 463 1187 501 fuisset
1218 469 1258 501 et
1288 463 1481 501 hominem

147 534 240 560 vere
266 519 471 566 induisset,
499 519 594 559 deus
619 533 706 559 esse
732 519 908 566 desisset,
936 521 1114 559 amittens
1140 519 1242 572 quod
1268 528 1366 568 erat,
1394 520 1480 559 dum

148 578 314 618 adsumit
345 577 447 631 quod
485 591 561 615 non
598 585 696 616 erat.
758 577 975 616 Periculum
1013 579 1113 616 enim
1151 585 1272 616 status
1311 580 1368 617 sui
1406 577 1481 618 deo

149 637 290 676 nullum
316 643 388 675 est.
443 634 523 674 Sed
550 635 652 683 ideo,
679 637 816 688 inquis,
845 649 946 687 nego
973 635 1085 674 deum
1112 637 1150 674 in
1178 636 1368 675 hominem
1387 649 1482 676 vere

149 707 396 740 conversum,
435 694 490 732 ita
525 700 566 731 nt
604 701 643 731 et
680 700 907 732 nasceretur
942 701 982 732 et
1020 706 1139 732 carne
1173 692 1421 746 operaretur,
1440 695 1482 744 ²)

148 753 249 805 quia,
276 752 338 803 qui
365 751 447 790 sine
474 751 549 789 fine
575 758 646 796 est,
674 752 788 789 etiam
816 751 1122 789 inconvertibilis
1147 752 1196 789 sit
1220 763 1382 790 necesse
1410 758 1481 790 est.

149 809 333 849 Converti
372 809 471 846 enim
510 809 549 846 iu
586 807 708 854 aliud,
749 808 833 846 finis
864 815 924 846 est
956 809 1118 859 pristini.
1181 807 1270 846 Nou
1298 810 1484 861 competit

149 879 246 918 ergo
273 867 491 911 conversio,
519 867 580 903 cui
606 879 683 903 uon
710 867 896 917 competit
921 865 1018 903 finis.
1082 864 1199 904 Plane
1226 873 1363 905 natura
1389 880 1483 906 con-

147 926 379 966 vertibilium
405 938 452 964 ea
478 925 566 976 lege
592 932 663 971 est,
690 937 738 963 ne
765 932 1017 977 permaneant
1042 925 1079 962 iu
1106 938 1167 970 eo,
1196 924 1297 976 quod
1320 939 1483 964 conver-

149 985 307 1023 titurssin
333 984 408 1030 eis,
447 990 488 1022 et
511 984 564 1021 ita
591 996 667 1021 non
693 981 955 1034 permanendo
985 990 1163 1032 pereant,
1204 982 1290 1020 dum
1319 983 1484 1035 perdunt

149 1040 416 1081 convertendo
444 1040 546 1093 quod
571 1041 736 1079 fuerunt.
799 1039 878 1078 Sed
903 1040 996 1078 nihil
1023 1039 1097 1078 deo
1130 1053 1200 1092 par
1232 1048 1308 1087 est,
1348 1049 1483 1079 natura

83 1130 91 1136 .
149 1101 232 1140 eius
257 1099 306 1138 ab
333 1100 498 1137 omnium
530 1097 915 1136 rerum-conditione
948 1097 1076 1135 distat.
1139 1097 1182 1135 Si
1214 1111 1311 1148 ergo
1338 1111 1435 1149 quae
1461 1112 1482 1136 a

151 1156 227 1196 deo
263 1156 427 1201 distant,
465 1163 531 1194 aut
560 1169 581 1193 a
609 1155 744 1206 quibus
775 1154 870 1193 deus
901 1154 1036 1200 distat,
1076 1168 1160 1192 cum
1193 1162 1482 1201 convertuntur,

151 1215 328 1254 amittunt
354 1212 455 1265 quod
480 1213 647 1259 fuerunt,
673 1213 736 1250 ubi
763 1214 838 1250 erit
863 1211 1066 1250 diversitas
1092 1211 1303 1251 divinitatis
1328 1226 1351 1250 a
1378 1220 1484 1252 cete-

152 1273 206 1311 ris
229 1271 359 1318 rebus,
386 1271 458 1309 nisi
483 1277 525 1309 ut
550 1271 784 1308 contrarium
810 1270 1004 1315 obtineat,
1032 1268 1070 1307 id
1097 1277 1168 1316 est,
1195 1277 1236 1308 ut
1261 1269 1355 1309 deus
1381 1278 1421 1309 et
1445 1272 1483 1309 in

153 1330 278 1369 omnia
305 1329 479 1367 converti
505 1329 626 1380 possit
651 1335 689 1366 et
721 1328 842 1380 qualis
874 1335 934 1366 est
964 1329 1244 1379 perseverare?
1301 1328 1484 1380 Alioquin

153 1401 225 1440 par
248 1388 324 1426 erit
349 1399 495 1432 eorum,
522 1399 619 1438 quae
646 1398 834 1424 conversa
860 1386 1038 1423 amittunt
1063 1384 1162 1436 quod
1190 1385 1362 1432 fuerunt,
1392 1399 1486 1437 quo-

154 1459 236 1484 rum
261 1445 392 1496 utique
418 1443 512 1482 deus
538 1444 575 1482 in
602 1443 776 1481 omnibus
803 1456 872 1494 par
889 1444 927 1489 3)
955 1456 1030 1480 ηοη
1057 1449 1133 1490 cst,
1160 1443 1192 1480 si
1218 1455 1290 1481 nec
1317 1444 1354 1481 iu
1381 1444 1486 1481 exitu

154 1503 435 1542 conversionis.
497 1500 672 1552 Angelos
704 1501 894 1540 creatoris
927 1513 1136 1539 conversos
1163 1501 1200 1538 in
1227 1500 1390 1552 effigiem
1417 1501 1487 1539 hu-

153 1574 301 1600 manam
332 1558 537 1611 aliquando
570 1560 717 1610 legisti,
750 1566 791 1597 et
822 1557 1041 1604 credidisti,
1073 1565 1114 1596 et
1139 1565 1280 1597 tantam
1309 1561 1487 1610 corporis

154 1625 328 1671 gestasse
352 1619 570 1664 veritatem,
596 1624 638 1655 ut
662 1624 703 1655 et
728 1616 848 1669 pedes
873 1618 929 1654 eis
955 1615 1314 1663 laveritAbraham,
1342 1624 1383 1656 et
1409 1630 1488 1655 ma-

154 1676 302 1716 nibus
291 1689 462 1727 ipsorum
489 1681 646 1726 ereptus
671 1675 720 1712 sit
745 1673 956 1712 Sodomitis
981 1672 1102 1720 Lotb3
1135 1674 1366 1712 colluctatus
1393 1687 1487 1725 quo-

157 1747 236 1800 que·
262 1734 417 1772 bomini
438 1732 599 1782 angelus
631 1738 713 1768 toto
746 1732 923 1781 corporis
956 1725 1129 1781 pondere
1163 1730 1300 1769 dimitti
1334 1730 1487 1768 deside—

156 1791 268 1836 ravit,
294 1789 394 1828 adeo
412 1790 451 1836 ⁴)
480 1788 741 1826 detinebatur.
806 1786 914 1835 Quod
942 1799 1038 1838 ergo
1065 1787 1213 1838 augelis
1238 1788 1488 1826 inferioribus

158 1847 233 1888 deo
272 1847 392 1892 licuit,
431 1847 485 1883 uti
523 1845 701 1884 conversi
738 1845 776 1883 in
810 1844 1088 1896 corpulentiam
1122 1845 1320 1883 humanam
1358 1846 1487 1897 angeli

158 1905 405 1945 nibilominus
448 1909 744 1955 permanerent,
793 1902 868 1941 boc
906 1909 944 1940 tu
982 1903 1193 1953 potentiori
1233 1901 1308 1941 deo
1344 1903 1487 1949 aufers,

160 1963 268 2016 quasi
300 1975 376 2000 non
407 1961 573 1999 valuerit
605 1959 798 2006 Christus,
835 1973 928 1998 vere
961 1960 1151 2004 hominem
1184 1959 1355 2007 indutus,
1394 1960 1489 2000 deus

160 2021 441 2074 perseverare?
498 2018 577 2057 Aut
608 2016 786 2070 numquid
811 2025 852 2056 et
876 2018 1006 2066 angeli
1032 2018 1087 2056 illi
1111 2018 1377 2070 phantasmata
1402 2032 1489 2057 car·

161 2080 221 2118 nis
249 2079 535 2130 apparuerunt?
594 2075 671 2114 Sed
711 2089 785 2114 non
819 2075 978 2114 audebis
1009 2075 1084 2114 hoc
1115 2075 1262 2115 dicere.
1323 2076 1421 2115 Nam
1459 2077 1490 2115 si

162 2137 219 2175 sic
243 2134 345 2187 apud
371 2142 409 2173 te
435 2135 563 2185 angeli
590 2134 793 2180 creatoris,
820 2134 919 2171 sicut
938 2124 1178 2181 ethristus‚
1206 2133 1377 2173 eiusdem
1402 2134 1491 2173 sub-

163 2193 329 2232 stantiae
355 2193 432 2233 erit
456 2192 649 2238 Christus,
683 2191 790 2229 cuius
814 2192 962 2242 angeli,
994 2192 1125 2243 angeli
1150 2192 1266 2238 tales,
1305 2193 1426 2244 qualis
1453 2199 1491 2229 et

258 2379 294 2419 1)
320 2378 377 2409 Sic
404 2377 496 2416 Rig.;
524 2376 630 2407 Rhen.
653 2376 704 2406 ed.
724 2378 748 2408 Ι.
769 2376 960 2417 edocuit,
987 2387 1078 2408 cum
1105 2377 1250 2408 sciens
1277 2376 1368 2408 Chr.
1394 2377 1492 2415 quid

165 2427 303 2464 euet,
340 2433 436 2455 esse
461 2432 504 2453 ne
529 2426 596 2455 etc.
645 2422 751 2455 codd.
778 2423 880 2454 Gon.
905 2426 940 2453 et
962 2423 1125 2464 Hir-sang.
1152 2423 1284 2455 edoce
1309 2432 1492 2456 conuen-

165 2471 293 2504 tienn.
388 2470 423 2509 2)
450 2470 592 2500 Praeter
604 2469 791 2508 Rigaltium
806 2469 879 2499 edd.
893 2478 1028 2502 omnen:
1054 2474 1378 2509 corporaretur.
1456 2469 1494 2510 3)

166 2518 490 2549 Wouwerema.et
504 2515 726 2555 Rig.in1par
748 2524 831 2545 non
855 2518 931 2547 ent.
973 2520 993 2534 ὓ
1025 2515 1063 2559 4)
1089 2516 1196 2546 Rhen.
1211 2517 1263 2549 ed.
1277 2518 1301 2549 1.
1325 2516 1493 2548 deside-

168 2564 355 2602 raverit,
405 2562 512 2593 adeo
561 2561 688 2592 detin.
761 2561 834 2601 Rig.
872 2560 1167 2602 desideravit,
1216 2564 1324 2594 adeo
1360 2564 1491 2596 detin.

169 2609 332 2641 Gelenius
346 2611 380 2640 et
393 2607 849 2643 ed.Fran.de=ide1-avit
874 2609 919 2638 ab
943 2619 991 2641 eo
1016 2618 1037 2640 a
1060 2617 1141 2648 quo
1160 2609 1444 2641 detinebatur.
