1604 2800
505 128 632 160 ADV.
669 128 1102 161 HERMOGENEM.
1402 129 1468 165 81

137 222 227 263 tanti
254 229 293 261 te
317 221 622 275 propositionem
647 227 750 259 tuam
774 220 1108 267 confirmaturum,
1139 220 1360 268 retundam,
1398 237 1468 276 op-

133 293 239 334 pono
270 280 388 320 etiam
417 276 528 318 illud:
566 279 599 317 si
628 277 732 317 bona
767 278 905 317 fuisset
939 279 1102 317 materia
1137 291 1309 332 semper,
1349 293 1467 332 quare

133 351 213 378 non
236 336 499 378 desiderasset
522 337 561 374 in
585 336 721 375 melius
746 336 970 382 reformari,
1002 335 1105 388 quod
1130 336 1269 376 bonum
1296 351 1372 377 non
1398 337 1469 378 de-

133 394 300 442 siderat,
325 401 391 434 ant
414 407 492 434 non
518 400 644 446 optat,
676 401 744 432 aut
768 407 844 432 non
868 395 974 446 capit
998 395 1235 446 profectum,
1260 402 1302 434 ut
1328 397 1394 434 liat
1418 396 1467 435 de

134 453 237 492 bono
269 452 428 492 melius?
462 464 587 504 aeque
612 452 645 491 si
669 451 771 491 mala
795 458 931 490 natura
955 452 1110 498 fuisset,
1149 465 1269 506 quare
1293 467 1370 492 non
1396 468 1467 506 po·

131 511 252 551 tuerit
274 523 299 549 a
322 509 399 550 deo
424 510 620 556 converti,
652 516 694 548 ut
717 522 741 548 a
765 510 1006 561 potentiore,
1038 517 1080 548 ut
1103 510 1151 549 ab
1178 523 1248 557 eo,
1281 513 1344 563 qui
1371 512 1467 564 lapi-

129 566 221 608 dum
245 581 400 620 quoque
424 575 597 606 naturam
623 574 855 606 convertere
879 567 1009 606 valeat
1033 567 1072 605 in
1093 568 1192 607 filios
1204 568 1467 620 Abrahaev)

130 624 283 677 Nempe
309 638 406 677 ergo
437 639 513 664 non
539 632 684 663 tantum
710 638 914 677 comparas
939 623 1131 664 dominum
1158 628 1364 674 materiae,
1395 628 1465 667 sed

131 689 174 722 et
198 682 375 730 subiieis,
413 695 437 721 a
461 696 536 735 qno
561 689 699 721 natura
723 684 909 722 materiae
934 681 1089 722 devinci
1114 690 1155 722 et
1178 682 1353 723 edomari
1385 698 1464 724 me·

131 740 205 780 lius
229 740 431 794 potuisset.
449 741 488 786 ²)
535 738 615 778 Sed
639 747 681 778 et
704 752 815 791 quam
840 740 904 779 hic
929 754 1006 777 non
1030 740 1087 778 vis
1112 747 1286 780 naturam
1311 743 1462 789 malam,

129 797 223 837 alibi
247 804 288 837 te
311 797 531 837 confessum
555 795 730 847 negabis.

245 857 317 898 38.
371 853 431 894 De
455 855 531 893 situ
557 854 742 892 materiae
767 852 807 892 id
832 861 973 900 tracto,
1001 853 1102 906 quod
1127 862 1169 894 et
1199 854 1248 894 de
1273 856 1401 902 modo,
1423 859 1460 903 3)

128 919 173 952 ut
205 913 499 965 perversitatem
539 919 639 950 tuam
677 910 868 950 traducat.
937 910 1212 952 Subiacentem
1251 915 1349 953 facis
1387 915 1461 954 deo

127 972 342 1017 materiam,
368 976 410 1009 et
433 971 564 1022 utique
590 969 717 1008 locum
742 969 811 1015 illi,
838 970 901 1022 qui
926 970 976 1007 sit
1000 970 1100 1009 infra
1126 969 1252 1010 deum.
1304 971 1344 1009 In
1372 973 1461 1011 loco

124 1040 227 1081 ,ergo
252 1028 434 1076 materiar,
460 1029 493 1066 si
517 1028 555 1067 in
582 1027 685 1074 loco,
711 1039 808 1094 ergo
835 1027 935 1065 intra
962 1027 1107 1074 locum·
1133 1029 1167 1067 si
1192 1030 1293 1067 intra
1320 1030 1459 1075 locum,

128 1097 226 1137 ergo
252 1084 532 1125 determinatur
556 1098 579 1123 a
606 1085 713 1131 loco,
740 1085 843 1122 intra
867 1097 978 1135 quem
1004 1092 1083 1131 est3
1109 1086 1142 1123 si
1167 1083 1458 1133 determinatur,

127 1141 247 1181 hahet
282 1143 422 1181 lineam
452 1149 686 1187 extremam,
717 1154 872 1207 „qumi”
905 1148 1083 1192 quantum
1122 1144 1279 1194 proprie
1318 1145 1457 1195 pictor,

125 1200 310 1251 agnoscis
353 1199 465 1238 linem
501 1211 588 1238 esse
625 1199 729 1237 omni
765 1198 840 1243 rei,
860 1194 995 1236 cuius
1031 1198 1132 1237 linea
1170 1207 1344 1239 extrema
1381 1209 1455 1242 est.

127 1255 218 1296 Non
244 1270 341 1308 ergo
367 1258 443 1295 erit
471 1256 620 1294 infinita
651 1257 832 1301 materia,
868 1269 988 1306 quae,
1025 1255 1113 1294 dum
1147 1257 1185 1295 in
1217 1258 1306 1297 loco
1332 1266 1460 1305 est,a

128 1313 218 1353 loco
250 1313 548 1360 determinatur,
586 1320 627 1351 et
655 1312 743 1352 dum
776 1312 1056 1352 determinatur
1086 1314 1245 1360 abillo,
1283 1323 1459 1355 extrema

125 1384 215 1412 eum
239 1372 344 1414 linea
366 1373 528 1424 patitur.
590 1370 644 1408 At
673 1378 718 1410 tu
747 1370 932 1409 infinitam
965 1369 1081 1415 facis,
1118 1370 1273 1410 dicens:
1312 1374 1459 1412 infinita

125 1436 190 1468 est
223 1436 352 1469 autom
382 1442 451 1475 eo,
489 1426 591 1480 quod
621 1440 777 1479 semper
807 1434 880 1466 cst.
940 1426 990 1465 Et
1014 1429 1046 1466 si
1073 1429 1155 1480 quis
1179 1428 1457 1481 discipulorum

126 1493 280 1529 tuorum
303 1487 472 1526 voluerit
495 1486 777 1537 argumentari,
815 1485 922 1538 quasi
954 1485 1139 1524 infinitam
1157 1488 1197 1535 ⁴)
1224 1500 1341 1533 aevo,
1382 1503 1458 1527 non

125 1542 243 1583 modo
262 1541 305 1600 ⁵)
330 1544 508 1597 corporis
539 1543 705 1594 intelligi
735 1542 844 1582 velis.
904 1541 1024 1594 Atqui
1049 1545 1308 1596 corporaliter
1333 1546 1459 1585 infini—

123 1607 222 1649 tam,
259 1609 303 1641 nt
336 1602 596 1654 corporaliter
627 1602 850 1640 immensam
889 1607 931 1639 et
961 1601 1351 1654 incircumscriptam,
1397 1618 1458 1642 se—

125 1661 286 1712 quentia
309 1658 532 1699 ostendunt.
595 1657 723 1703 Unde,
751 1658 894 1708 inquis,
920 1670 996 1695 nec
1021 1664 1103 1696 tota
1130 1659 1360 1706 fabricatur,
1388 1661 1457 1699 sed

125 1723 259 1768 partes
282 1718 379 1755 eius.
437 1715 552 1754 Adeo
578 1727 744 1766 corpore
770 1714 939 1759 infinita,
971 1727 1047 1751 non
1075 1721 1248 1767 tempore
1274 1725 1346 1756 est.
1409 1717 1458 1755 Et

127 1771 335 1812 obduceris
366 1784 595 1823 corpoream
627 1771 810 1809 infinitam
843 1771 1008 1817 faciens,
1046 1785 1132 1810 cum
1163 1772 1290 1812 locum
1321 1775 1358 1812 ei
1389 1774 1457 1813 ad-

126 1829 304 1870 scribens
328 1830 429 1868 intra
454 1829 579 1867 locum
606 1835 645 1866 et
670 1834 880 1866 extremam
907 1827 984 1866 loci
1007 1828 1145 1867 lineam
1164 1829 1342 1870 includis.
1377 1830 1455 1870 Sed

127 1894 257 1927 tamen
283 1900 354 1926 cnr
378 1899 455 1924 non
479 1892 599 1924 totam
625 1898 709 1924 eant
733 1885 960 1924 formaverit
984 1884 1096 1931 deus,
1134 1898 1211 1925 non
1242 1890 1345 1935 scio,
1383 1891 1455 1928 nisi

126 1958 203 1998 qua
226 1952 294 1984 ant
316 1942 504 1984 invalidus
529 1950 597 1981 aut
619 1941 781 1981 invidus.
843 1942 976 1994 ltaque
1001 1942 1196 1983 dimidium
1221 1946 1324 1993 eius,
1358 1960 1455 1998 quae

127 2015 206 2042 non
231 2009 313 2041 tota
338 2002 505 2041 formata
530 2002 597 2046 sit,
630 2013 793 2052 quaero,
826 2007 884 2047 ut,
916 2001 1040 2052 qualis
1070 2008 1154 2040 tota
1177 2003 1307 2050 fuerit,
1333 2017 1456 2055 agno-

126 2073 246 2100 scam.
307 2059 504 2099 Debuerat
529 2059 630 2096 enim
656 2056 750 2096 dens
775 2064 817 2095 ut
841 2058 1116 2110 exemplarium
1141 2062 1379 2113 antiquitatis
1405 2063 1451 2100 ad

128 2117 291 2168 gloriam
318 2117 448 2169 operis
474 2116 597 2168 palam
624 2115 778 2153 fecisse.
1081 2138 1084 2140 v

243 2177 312 2215 39.
363 2172 424 2212 Sit
448 2187 548 2212 nunc
573 2171 782 2221 definitiva,
805 2174 906 2212 sicut
929 2175 1074 2213 rectius
1098 2174 1168 2213 tibi
1192 2174 1357 2222 videtur,
1384 2191 1455 2228 per

128 2230 410 2271 demutationes
435 2244 522 2269 suas
546 2237 588 2269 et
611 2230 900 2278 translationes,
936 2232 986 2270 sit
1016 2239 1058 2271 et
1082 2232 1453 2284 comprehensibilis.

128 2295 171 2328 ut
195 2302 292 2341 quae
318 2288 548 2335 fabricatur,
586 2288 729 2340 inquis,
766 2301 789 2326 a
813 2287 908 2335 deo,
947 2290 1034 2340 quia
1060 2296 1099 2327 et
1123 2290 1390 2329 convertibilis
1414 2299 1455 2329 et

222 2437 257 2478 1)
278 2438 402 2470 Metui.
425 2438 456 2479 3,
482 2440 514 2468 9.
609 2434 650 2479 2)
672 2437 780 2469 Rhen.
803 2447 894 2470 corr.
917 2437 1106 2470 edomari
1130 2438 1171 2469 in
1193 2438 1347 2470 melina
1370 2421 1454 2472 nim

128 2484 359 2524 potui-net.
454 2484 492 2524 3)
515 2483 608 2514 Pam.
622 2485 657 2513 et
671 2483 743 2524 mg.
759 2484 805 2515 de
824 2486 949 2516 motu.
1026 2485 1063 2523 4)
1089 2484 1452 2524 Rig.infinitatem.

130 2527 168 2573 5)
194 2530 305 2563 Pam-z
331 2539 412 2561 non
426 2533 538 2563 motu
553 2538 664 2569 corp.
