1604 2800
169 148 236 185 32
553 146 1139 179 Anv.nERM0GENnM.

169 241 412 281 demutabilis
444 246 483 278 et
515 238 779 291 dispartibilis.
848 239 1139 279 Demutationes
1172 243 1271 280 enim
1304 243 1406 291 eius,
1446 245 1503 283 in-

168 302 269 352 quis,
309 298 586 351 dispartibilem
619 310 703 336 eam
743 297 961 349 ostendunt.
1036 296 1085 336 Et
1122 298 1184 337 hic
1222 313 1245 338 a
1282 300 1392 340 lineis
1430 302 1503 341 tuis

167 355 366 403 excidisti,
394 355 530 408 quibus
556 356 662 393 circa
689 367 892 406 personam
919 355 981 394 dei
1013 368 1101 394 usus
1133 369 1194 403 es,
1233 358 1504 409 praescribens

168 415 279 454 deum
307 414 409 452 illam
436 427 511 451 non
539 426 589 452 ex
613 420 735 451 semet
754 413 837 465 ipso
863 414 1019 460 fecisse,
1047 416 1134 465 quia
1159 415 1198 452 in
1224 422 1353 467 partes
1371 417 1504 456 venire

170 487 245 511 non
272 479 415 524 posset,
443 472 505 523 qui
533 472 581 508 sit
606 478 788 509 aeternus
813 477 854 510 et
878 484 1035 510 manens
1060 473 1098 510 in
1125 485 1259 511 aevum
1279 487 1325 512 ac
1346 486 1417 526 per
1431 474 1504 514 hoc

167 530 411 569 immutabilis
449 535 489 567 et
525 527 779 567 indivisibilis.
843 527 885 567 Si
917 535 958 568 et
987 530 1149 568 materia
1173 530 1309 570 eadem
1335 533 1506 571 aeterni-

167 596 247 627 tate
286 594 486 634 censetur,
527 599 650 638 neque
688 587 837 625 initium
868 587 1014 626 habens
1047 600 1170 640 neque
1197 589 1331 636 finem,
1352 589 1506 629 ‘eadem

169 647 319 684 ratione
358 658 433 683 non
473 645 618 696 poterit
654 645 732 696 pati
770 643 1079 697 dispertitionem
1118 652 1158 684 et
1190 645 1505 694 demutationem,

170 717 242 754 qua
280 715 352 740 nec
390 701 497 740 deus.
561 701 602 740 ln
635 703 879 741 aeternitatis
913 704 1112 741 consortio
1146 705 1271 756 posita
1297 706 1507 758 participet

170 773 255 798 cum
282 759 347 798 illo
375 771 537 797 necesse
563 766 622 797 est
647 766 686 797 et
710 760 812 798 vires
837 766 878 798 et
903 761 1010 811 leges
1036 767 1077 798 et
1103 760 1346 801 conditiones
1379 770 1509 802 aeter-

171 818 314 854 nitatis.
375 815 503 867 Atque
537 829 620 853 cum
646 814 770 854 dicis:
809 824 940 867 partes
971 823 1097 855 autem
1130 819 1213 856 eius
1245 821 1373 858 omnia
1397 821 1507 859 simul

171 888 218 912 ex
246 873 419 911 omnibus
444 873 611 919 habent,
639 879 680 911 ut
704 886 754 911 ex
779 873 951 926 partibus
976 881 1096 912 totum
1123 873 1393 926 dignoscatur,
1434 879 1508 916 uti-

172 944 244 984 que
272 944 337 969 eas
364 937 495 982 partes
521 930 685 981 intelligi
712 932 781 977 vis,
809 944 907 983 quae
933 944 983 970 ex
1002 932 1067 970 illa
1088 934 1264 984 prolatae
1285 941 1385 981 sunt,
1409 946 1507 986 quae

171 988 285 1028 hodie
311 987 490 1026 videntur
515 1001 536 1025 a
562 987 684 1026 nobis.
748 988 949 1036 Quomodo
978 1002 1075 1040 ergo
1103 992 1230 1028 omnia
1257 1003 1307 1029 ex
1333 992 1508 1031 omnibus

170 1046 337 1093 habent?
367 1047 498 1097 utique
524 1058 574 1084 ex
605 1046 794 1097 pristinis,
829 1045 999 1098 quando,
1034 1060 1130 1098 quae
1165 1047 1282 1087 hodie
1314 1047 1507 1098 videntur,

169 1105 284 1142 aliter
309 1103 488 1149 habeant,
517 1116 625 1154 quam
654 1104 814 1154 pristina
839 1105 1005 1142 fuerunt.

288 1164 354 1201 40.
407 1160 514 1198 Dicis
539 1161 577 1198 in
604 1162 739 1199 melius
752 1162 1012 1220 ‘reformatam
1040 1163 1253 1210 materiam,
1282 1165 1413 1216 ntique
1439 1164 1508 1205 de-

170 1219 391 1264 terioribus,
414 1220 450 1266 ¹)
478 1225 518 1256 et
541 1219 598 1256 vis
623 1218 785 1257 meliora
811 1218 1047 1259 deteriorum
1074 1221 1349 1273 exemplarium
1375 1223 1508 1262 ferre?

171 1276 341 1314 Confusa
367 1288 430 1314 res
456 1283 559 1322 erat,
591 1289 692 1314 nunc
715 1288 810 1315 vero
838 1278 1052 1329 composita
1079 1285 1150 1325 est,
1178 1285 1218 1318 et
1242 1280 1299 1318 vis
1325 1292 1374 1318 ex
1401 1293 1508 1319 com-

170 1334 306 1384 positis
339 1334 594 1384 incomposita
625 1333 832 1385 praeberi?
890 1334 1005 1373 Nulla
1037 1348 1101 1375 res
1132 1337 1329 1388 speculum
1360 1344 1422 1376 est
1450 1338 1508 1376 al-

171 1391 305 1435 terius,
332 1389 371 1427 id
398 1397 458 1427 est
483 1403 557 1427 non
586 1391 821 1442 coaequalis.
867 1391 992 1431 Nemo
1018 1406 1059 1431 se
1086 1392 1187 1445 apud
1213 1401 1408 1434 tonsorem
1436 1408 1506 1448 pro

171 1447 326 1484 homine
353 1446 490 1484 mulum
517 1447 695 1498 inspexit,
723 1449 794 1485 nisi
820 1449 852 1486 si
880 1450 942 1500 qui
968 1456 1077 1501 putat
1096 1451 1134 1488 in
1155 1451 1226 1490 hac
1242 1453 1506 1492 exstructione

172 1503 300 1541 mundi
326 1502 511 1555 disposita
536 1504 610 1541 iam
636 1510 676 1542 et
702 1511 855 1556 compta
869 1506 906 1552 2)
929 1507 1129 1545 informem
1156 1514 1196 1546 et
1219 1509 1402 1547 incultam
1429 1523 1508 1548 ma—

173 1562 307 1600 teriam
346 1559 598 1612 respondere.
661 1560 760 1608 Quid
794 1561 908 1601 hodie
940 1564 1103 1602 informe
1136 1564 1174 1602 in
1212 1565 1372 1612 mundo,
1417 1566 1507 1619 quid

173 1626 280 1657 retro
300 1619 338 1666 ³)
366 1619 576 1669 speciatum
602 1631 640 1656 m
666 1620 846 1666 materia,
879 1627 920 1658 ut
945 1622 1141 1672 speculum
1167 1622 1218 1660 sit
1242 1622 1401 1662 mundus
1427 1636 1507 1663 ma-

172 1677 320 1714 teriae?
380 1675 473 1714 Cum
513 1677 727 1714 ornamenti
758 1678 910 1716 nomine
947 1679 997 1716 sit
1033 1691 1152 1730 penes
1188 1677 1363 1719 Graecos
1399 1693 1508 1723 mun-

173 1733 261 1779 dus,
307 1732 498 1784 quomodo
535 1733 737 1772 inornatae
775 1736 962 1774 materiae
1000 1736 1205 1787 imaginem
1250 1738 1443 1788 praefert,
1467 1740 1506 1790 ⁴)

171 1798 213 1828 ut
252 1790 358 1828 dicas
396 1797 515 1829 totum
547 1791 629 1830 eius
662 1789 711 1830 ex
740 1792 913 1843 partibus
946 1795 1157 1844 cognosci?
1219 1794 1337 1834 Certe
1363 1807 1415 1834 ex
1437 1796 1505 1835 illo

174 1855 255 1886 toto
283 1849 358 1886 erit
383 1849 498 1886 etiam
520 1848 606 1895 hoc,
634 1847 734 1900 quod
761 1862 837 1888 non
861 1851 968 1889 venit
993 1851 1030 1889 in
1057 1850 1394 1892 deformationem.
1456 1853 1507 1892 Et

173 1918 286 1956 supra
325 1904 499 1951 edidisti,
540 1919 615 1943 non
653 1913 772 1944 totam
811 1920 895 1945 eam
933 1907 1173 1947 fabricatam.
1195 1911 1232 1956 ⁵)
1296 1909 1421 1962 Igitur
1444 1911 1505 1950 vel

174 1962 249 1999 hoc
276 1961 370 2000 rude
397 1969 436 2000 et
461 1963 658 2001 confusum
685 1970 726 2002 et
749 1965 1043 2017 incompositum
1057 1966 1096 2016 6)
1117 1978 1193 2004 non
1218 1974 1348 2019 potest
1372 1969 1410 2006 in
1437 1981 1506 2008 ex—

175 2019 305 2070 politis
331 2025 372 2056 et
396 2018 586 2058 distinctis
612 2027 652 2058 et
677 2024 899 2072 compositis
925 2025 1171 2076 recognosci,
1199 2036 1305 2076 quae,
1321 2037 1395 2064 nec
1415 2038 1504 2078 par-

175 2084 234 2114 tes
260 2077 444 2114 materiae
476 2078 662 2128 appellari
695 2081 894 2127 convenit,
934 2095 1017 2120 eum
1043 2095 1066 2120 a
1091 2082 1214 2120 forma
1241 2083 1323 2121 eius
1349 2095 1398 2121 ex
1422 2095 1504 2122 mu-

177 2135 322 2171 tatione
350 2133 469 2172 divisa
495 2143 753 2173 recesserunt.
1542 2141 1546 2144 ⁴

289 2195 358 2232 41.
397 2190 587 2229 Revertor
611 2192 659 2231 ad
684 2200 838 2241 motum,
866 2203 906 2234 ut
931 2197 1069 2249 ubique
1096 2204 1134 2236 te
1161 2197 1346 2237 lubricum
1372 2205 1504 2237 osten-

176 2248 273 2286 dam.
337 2247 559 2287 Inconditus
584 2257 625 2288 et
650 2251 870 2291 inconfusus
896 2261 937 2292 et
960 2255 1201 2294 turbulentus
1226 2256 1298 2293 fuit
1316 2256 1502 2295 materiae

268 2363 305 2407 1)
326 2365 418 2395 Pam.
432 2367 467 2396 et
480 2366 553 2406 Rig.
571 2365 617 2396 de
636 2365 900 2400 deterioribu
912 2379 937 2402 a.
1033 2369 1072 2414 2)
1099 2372 1150 2401 lta
1164 2380 1255 2402 corr.
1268 2371 1461 2409 Rhen.;ved.
1477 2371 1502 2402 t.

177 2414 432 2450 contempta.
481 2412 608 2442 Pamel.
623 2414 657 2442 et
671 2412 742 2452 Rig.
758 2414 996 2453 dispositae
1017 2417 1098 2448 iam
1118 2419 1159 2448 et
1177 2418 1380 2456 comptae.
1465 2416 1502 2456 3)

178 2458 227 2485 lta
248 2457 387 2495 scripsit
407 2457 529 2496 Rhen.;
555 2458 608 2488 ed.
627 2459 652 2490 Ι.
672 2460 840 2490 tetrum.
935 2459 974 2505 4)
1000 2463 1106 2496 Rhen.
1123 2473 1212 2494 corr.
1226 2462 1374 2493 refert.
1469 2463 1503 2499 5)

177 2502 332 2533 Latinius
354 2512 372 2532 e
393 2512 466 2542 ms„
489 2504 563 2543 Rig.
583 2505 859 2538 fabricatum.
964 2510 1001 2548 6)
1027 2509 1084 2540 Sic
1104 2507 1234 2540 emend.
1256 2507 1364 2540 Rhen.
1384 2517 1402 2537 e
1424 2508 1501 2539 cod.

177 2548 277 2576 Gorz.
324 2548 1095 2592 Ed.1.etconfugietmiliicomputum.
