1604 2800
188 224 294 263 14⁸
413 224 486 256 DE
523 222 1041 256 RESURRECTIONE
1071 224 1301 257 ommis.

190 330 250 359 tus
276 333 297 358 a
324 331 491 370 corpore
529 317 656 356 statim
694 317 922 356 immoratur
959 329 1080 369 penes
1116 315 1329 364 dominum,
1367 319 1440 358 nisi
1477 332 1527 358 ex

191 378 366 430 martyrii
392 376 687 429 praerogativa,
720 375 872 414 scilicet
897 373 1099 427 paradiso,
1127 386 1203 413 non
1229 376 1365 415 inferis
1389 374 1528 416 dever-

192 449 316 476 surus,
378 433 618 473 Defecerant
643 439 770 472 autem
797 434 975 486 apostolo
999 432 1120 472 verba
1151 431 1200 471 ad
1232 432 1527 486 significandum

192 493 240 533 de
279 505 447 546 corpore
484 493 712 531 excessum?
759 504 807 530 an
851 492 1002 530 ratione
1046 492 1160 530 etiam
1199 505 1298 531 nove
1336 492 1531 544 loquitur?

191 551 461 603 Temporalem
500 551 601 589 euim
634 550 847 589 absentiam
880 562 903 588 a
935 555 1108 602 corpore
1128 549 1264 588 volens
1289 550 1527 601 significare,

191 609 437 663 peregrinari
474 621 545 646 nos
583 607 630 646 ab
669 621 718 647 eo
756 607 872 655 dixit,
923 608 1103 660 quoniam
1141 608 1204 659 qui
1241 609 1529 661 peregrinatur,

194 669 310 708 etiam
335 665 557 706 revertetur
579 667 618 705 in
645 665 893 704 domicilium.
957 664 1107 704 Exinde
1145 666 1260 704 etiam
1292 665 1342 705 ad
1378 679 1532 709 omues:

195 726 436 778 gestimuS‚¹)
463 725 597 776 inquit,
625 725 705 763 sive
730 724 1042 776 peregrinanteS,
1070 724 1150 778 sive
1175 724 1426 764 immorantes
1450 725 1535 778 pla-

198 783 334 822 cibiles
361 781 435 820 deo
462 783 615 830 esse32)
632 794 765 820 omnes
791 782 891 820 enim
918 782 1158 820 manifestari
1184 795 1255 821 nos
1281 788 1438 835 oportet
1462 794 1535 836 pro

195 839 379 879 tribunali
405 838 547 877 Christi
576 839 726 890 lesu.³)
788 837 831 876 Si
858 852 1009 886 omnes,
1048 846 1089 878 et
1112 846 1236 888 totos3
1275 840 1307 878 si
1331 845 1457 888 totos,
1495 846 1537 879 et

196 898 405 937 interiores
443 903 484 935 et
520 897 757 943 exteriores,
797 894 835 934 id
868 903 929 935 est
957 902 1034 935 tam
1066 898 1211 935 animas
1243 906 1361 949 quam*
1381 904 1422 936 et
1447 908 1536 936 eor-

196 968 312 1008 pora:
350 955 405 993 uti
435 955 712 1006 unusquisque,
752 954 893 1006 inquit,
931 961 1109 1006 reportet
1133 967 1205 1006 per
1230 967 1371 1008 corpus
1397 968 1536 994 secun-

198 1012 285 1051 dum
314 1024 410 1065 quae
437 1013 571 1063 gessit,
597 1011 738 1049 honum
764 1012 846 1050 sive
873 1012 1072 1059 malum.⁴¹)
1129 1011 1214 1050 Hoc
1240 1013 1314 1050 iam
1342 1010 1536 1064 quomodo

199 1071 321 1122 legas,
350 1082 511 1122 quaer-o.
575 1069 691 1117 Quasi
717 1069 874 1107 turbate
900 1069 1001 1107 enim
1028 1081 1099 1120 per
1123 1068 1370 1121 hyperbaton
1396 1071 1538 1108 instru-
1591 1120 1595 1124 .

197 1129 268 1166 xit.
331 1126 517 1166 Utrumne
544 1138 641 1178 qnae
667 1139 738 1178 per
770 1139 912 1178 corpus
943 1125 1180 1178 reportanda
1213 1133 1319 1174 sunt,
1357 1140 1406 1166 an
1439 1139 1538 1180 quae

198 1198 271 1238 per
295 1197 437 1237 corpus
463 1191 574 1236 gesta
599 1186 711 1222 sunt?
771 1183 852 1223 Sed
877 1191 918 1223 et
941 1184 973 1222 si
1000 1197 1098 1236 quae
1123 1197 1197 1237 per
1226 1197 1368 1238 corpus
1399 1197 1538 1238 repor-

199 1242 317 1282 tanda
343 1249 443 1290 sunt,
471 1242 687 1294 corporalis
712 1241 926 1281 indubitate
952 1243 1191 1282 resurrectio
1218 1249 1289 1290 est,
1316 1249 1357 1282 et
1381 1244 1414 1282 si
1440 1253 1538 1296 quae

200 1314 272 1354 per
309 1313 450 1353 corpus
482 1307 593 1352 gesta
630 1307 735 1348 sunt,
774 1313 846 1353 per
877 1313 1018 1353 corpus
1049 1302 1181 1353 utique
1211 1299 1413 1353 pensanda
1438 1307 1537 1348 sunt,

201 1372 273 1412 per
298 1357 399 1410 quod
425 1365 465 1396 et
490 1364 601 1409 gesta
626 1365 725 1397 sunt.
787 1358 847 1397 Ita
882 1365 986 1397 totus
1023 1359 1086 1398 hic
1124 1373 1144 1398 a
1185 1359 1313 1414 capite
1349 1365 1540 1398 tractatus

203 1415 370 1467 apostoli
395 1415 464 1453 tali
489 1416 661 1454 clausula
686 1414 878 1463 detextus,
906 1429 978 1468 qua
1006 1418 1133 1456 carnis
1153 1417 1541 1456 resurrectio-osten-

205 1471 326 1519 ditur,
354 1471 562 1511 seeundum
589 1472 686 1511 haec
713 1474 790 1511 erit
814 1474 1103 1524 intelligendus,
1132 1486 1230 1528 quae
1255 1486 1341 1514 cum
1368 1474 1541 1514 clausula

207 1536 434 1568 consonant.

321 1590 393 1628 44.
452 1584 493 1624 Si
541 1587 641 1625 enim
678 1586 803 1626 adhuc
841 1586 888 1626 ad
927 1590 1129 1640 superiora
1166 1596 1386 1640 respectes,
1437 1588 1538 1628 uude

206 1645 349 1684 mentio
376 1644 540 1682 hominis
566 1645 774 1683 exterioris
805 1652 846 1683 et
876 1646 1073 1684 interioris
1106 1644 1274 1686 inducta*
1294 1652 1372 1693 est,
1411 1659 1539 1686 nonne

206 1710 247 1741 et
285 1701 511 1754 dignitatem
554 1708 594 1739 et
635 1714 739 1753 spem
784 1704 911 1740 carnis
954 1704 1145 1754 integram
1187 1703 1386 1742 invenies?
1446 1703 1541 1743 Cum

207 1761 308 1799 enim
334 1758 382 1798 de
409 1759 563 1806 lumine,
598 1757 699 1811 quod
726 1758 898 1798 illuxerit
923 1758 1018 1798 deus
1043 1761 1082 1798 in
1109 1759 1292 1799 cordibus
1324 1761 1467 1800 nostris
1491 1760 1542 1800 ad

207 1818 524 1856 illuminationem
557 1817 765 1867 agnitionis
802 1817 952 1869 gloriae
991 1830 1082 1856 suae
1114 1818 1353 1870 inpersona-
1382 1816 1542 1867 Christi,

209 1874 317 1922 dicit,
343 1874 490 1914 habere
517 1887 588 1913 nos
614 1874 835 1913 thesaurum
861 1876 975 1914 istum
1001 1876 1040 1914 in
1066 1876 1251 1915 testaceis
1274 1876 1437 1927 vasis,⁵)
1463 1877 1541 1916 sci—

208 1933 302 1971 licet
326 1933 365 1970 in
398 1945 535 1979 carne,
567 1939 744 1983 utrumne
777 1932 866 1985 quia
897 1939 1073 1972 testacea
1098 1940 1159 1972 est
1184 1932 1394 1973 seeundum
1420 1935 1542 1986 origi-

209 2002 296 2028 nem
321 1990 358 2027 in
386 1990 542 2038 limo‚⁶)
569 1989 802 2038 destruetur,
835 2004 884 2029 an
911 1991 999 2043 quia
1023 1990 1140 2030 divini
1164 1991 1337 2030 thesauri
1363 1990 1545 2031 eondito-

210 2048 308 2085 rium
346 2053 423 2092 est,
463 2047 696 2086 extolletur?
754 2047 873 2101 Atqui
904 2050 935 2088 si
968 2049 1094 2088 lumen
1124 2049 1247 2102 ipsum
1277 2047 1372 2087 illud
1394 2050 1540 2098 verum,

213 2102 314 2156 quod
340 2105 462 2142 estin
487 2117 653 2156 persona
684 2106 848 2154 Christi,
885 2107 1000 2146 vitam
1037 2107 1076 2145 in
1108 2119 1150 2146 se
1188 2107 1380 2154 continet,
1418 2118 1542 2160 eaque

210 2162 291 2201 vita
323 2175 406 2201 cum
445 2162 599 2201 lumine
618 2164 870 2203 committitur
898 2165 937 2203 in
971 2177 1145 2211 caruem,
1182 2165 1356 2216 peritura
1386 2171 1466 2212 est,
1503 2165 1542 2203 in

212 2232 321 2272 quam
358 2220 436 2258 vita
475 2221 748 2260 committitur?
806 2221 924 2261 Plane
962 2224 1018 2261 sic
1049 2222 1242 2274 periturus
1255 2228 1315 2268 fet
1343 2223 1425 2275 ipse
1456 2219 1542 2262 the·

212 2290 365 2325 saurus,
403 2278 584 2329 perituris
621 2279 719 2318 enim
752 2280 924 2332 peritura
957 2279 1184 2327 creduntur,
1222 2274 1323 2320 sicut
1344 2279 1542 2319 veteribus

211 2334 360 2374 utribus
397 2348 534 2374 novum
571 2336 712 2378 vinum,
785 2336 878 2376 Cum
915 2339 1007 2377 item
1045 2338 1219 2377 subiicit:
1257 2349 1414 2392 semper
1439 2348 1542 2376 nor-

213 2393 466 2431 tificationem
505 2393 647 2432 Christi
691 2393 777 2434 Iesu
820 2395 1139 2435 circumferentes
1180 2396 1219 2434 in
1263 2405 1430 2449 corpore
1472 2407 1542 2433 no-

307 2543 344 2581 1)
363 2543 637 2586 Ed.Fran.,Rig-.
653 2549 693 2576 et
718 2546 813 2578 ideo
834 2548 1052 2587 gestimus.
1148 2545 1186 2589 2)
1208 2546 1344 2581 Gelen.:
1366 2544 1543 2585 placere

216 2586 302 2625 {1153
329 2588 381 2619 ed.
404 2588 506 2621 Fran.
535 2591 766 2630 piat-thile·
791 2593 860 2623 illi
883 2601 988 2625 ene.
1087 2590 1124 2635 a)
1146 2593 1256 2624 ποτ.
1277 2592 1309 2631 ⁵,
1329 2593 1408 2630 9¹11-
1504 2591 1543 2630 4)

217 2632 259 2663 ib.
355 2633 390 2672 5)
415 2635 564 2676 2Cor.4,
580 2640 657 2676 θος.
753 2636 793 2680 6)
818 2638 937 2671 Ge1.et
951 2639 1003 2670 ed.
1018 2637 1309 2670 Fiam-cilicet
1330 2645 1384 2669 ex
1403 2637 1523 2686 limos
