1566 2808
391 189 514 221 ADV.
551 186 917 221 MARCIONEM
953 185 1127 216 LIBER
1156 186 1213 216 111.
1360 183 1460 221 125

137 279 467 327 animadvertens,
500 278 589 333 quid
614 271 806 331 scriptura
832 280 1101 330 promittat¹):
1135 278 1312 330 quoniam
1337 280 1463 330 prius-

137 351 249 391 quam
281 344 496 390 eognoscat
508 339 546 384 2)
571 349 716 375 vocare
748 343 895 388 patrem
922 343 963 374 et
986 342 1164 382 matrem,
1191 336 1361 387 accipiet
1382 338 1461 374 vir-

137 402 259 435 tutem
277 394 456 434 Damasci
481 401 522 433 et
545 394 669 446 spolia
695 393 892 432 Samariae
918 393 1102 432 adversus
1125 405 1259 444 regem
1278 392 1461 445 Assyrio-

136 452 286 503 1-111118).
310 451 437 491 'Ante
469 458 530 491 est
553 452 674 497 enim,
700 452 882 503 inspicias
914 452 1053 489 aetatis
1079 450 1460 496 demonstrationem,

136 522 187 548 an
203 508 402 549 bominem
433 510 507 547 iam
535 508 726 549 Christum
753 508 939 547 exhibere
965 509 1099 560 possit,
1133 506 1270 546 nedum
1295 508 1463 559 impera‘

137 574 282 615 torem3
313 567 468 605 seilicet
490 567 623 617 vagitu
654 565 703 603 ad
734 579 839 604 arma
871 572 974 604 esset
1007 572 1289 603 convocaturus
1320 565 1460 609 infans,

137 630 179 663 et
201 625 312 676 signa
336 623 447 670 belli,
485 637 562 661 non
587 622 697 669 tuba,
730 622 798 661 sed
831 623 1073 674 crepitacillo
1098 621 1274 668 daturus,
1313 634 1387 660 nec
1412 634 1462 660 ex

136 693 239 733 equo
261 681 324 720 vel
349 680 398 719 de
418 693 533 719 curru
556 681 619 718 vel
644 679 692 718 de
718 693 840 726 muro,
866 679 935 718 sed
961 678 1011 717 de
1031 676 1190 716 nutricis
1215 685 1282 716 aut
1301 679 1460 729 gerulae

135 750 229 776 snae
261 738 365 776 collo
387 739 475 776 sive
507 736 624 775 dorso
655 737 804 774 hostem
842 735 1115 780 destinaturus,
1160 741 1274 786 atque
1304 737 1359 772 ita
1383 734 1460 773 Da-

93 841 99 845 ·
135 806 303 833 maecum
327 800 370 832 et
387 792 598 838 Samariam
623 805 694 844 pro
719 793 932 830 mammillis
956 792 1209 830 subacturus?
1243 791 1360 830 Aliud
1386 799 1458 838 est,

135 852 170 890 si
198 863 320 903 penes
354 849 539 889 Ponticos
569 849 798 888 barbaricae
836 850 963 901 gentis
1000 850 1165 887 infantes
1201 850 1240 887 in
1271 849 1460 901 proelium

136 914 357 960 erumpunt,
384 906 586 946 credo.ad
610 907 731 945 solem
763 908 869 946 uncti
901 908 1025 959 prius,
1059 905 1199 945 dehinc
1230 907 1365 958 pannis
1397 920 1460 945 ar-

134 965 227 1004 mati
253 971 294 1004 et
310 965 458 1017 butyro
483 963 725 1016 stipendiati,
764 966 828 1016 qui
860 972 949 1002 ante
981 964 1111 1002 norint
1141 964 1322 1002 lanceare
1349 977 1459 1016 quam

135 1021 348 1063 lancinare.
397 1017 611 1061 Enimvero·
627 1022 663 1060 si
688 1035 870 1073 nusquam
885 1022 959 1060 hoc
986 1028 1122 1059 natura
1149 1020 1342 1068 concedit,
1370 1028 1459 1059 ante

134 1079 302 1118 militare
327 1092 438 1132 quam
462 1081 606 1125 vivere,
633 1085 722 1117 ante
748 1080 927 1117 virtutem
952 1078 1130 1131 Damasci
1156 1091 1320 1124 sumere,
1348 1091 1459 1130 quam

134 1137 257 1188 patris
281 1138 479 1175 etmatris
502 1136 728 1175 vocabulum
745 1149 872 1182 nosse,
900 1137 1085 1187 sequitur,
1111 1142 1152 1172 ut
1178 1135 1341 1185 figurata
1367 1148 1458 1186 pro-

136 1193 324 1232 nuntiatio
348 1193 537 1231 videatur.
588 1191 667 1231 Sed
693 1200 733 1230 et
757 1194 963 1243 virginem,
990 1193 1131 1244 inquit,
1157 1205 1297 1243 parere
1323 1199 1459 1230 natura

136 1263 214 1289 non
232 1251 388 1302 patitur,
414 1257 454 1289 et
475 1257 600 1288 tamen
622 1249 796 1288 creditur
814 1250 1041 1301 prophetae.
1089 1248 1141 1287 Et
1160 1250 1318 1300 merit03
1345 1262 1459 1301 prae-

137 1309 279 1353 struxit
302 1308 403 1346 enim
436 1306 549 1346 fidem
580 1306 800 1346 incredibili
831 1308 908 1353 rei,
935 1307 1123 1345 rationem
1150 1305 1322 1352 edendo,
1356 1306 1459 1358 quod

136 1365 176 1402 in
206 1365 319 1416 signo
350 1371 455 1403 esset
483 1365 624 1402 futura.
673 1364 904 1416 Propterea,
938 1365 1078 1415 inquit,
1112 1362 1218 1401 dabit
1247 1364 1358 1401 vobis
1389 1363 1458 1400 do-

135 1422 259 1461 minus
287 1422 455 1472 signum:
487 1433 583 1460 ecce
612 1421 724 1472 virgo
757 1421 954 1472 concipiet
983 1421 1021 1458 in
1046 1427 1160 1472 utero
1191 1426 1233 1458 et
1262 1421 1390 1472 pariet
1415 1420 1458 1457 fi-

135 1477 291 1526 lium⁴).
347 1477 505 1529 Signum
536 1484 664 1516 autem
700 1491 723 1516 a
760 1477 853 1523 deo,
892 1478 964 1516 nisi
1001 1478 1150 1515 novitas
1186 1477 1314 1528 aliqua
1350 1491 1458 1515 mon—

133 1541 314 1582 struosa‚‘
342 1542 419 1574 tam
445 1534 598 1586 dignum
612 1537 649 1583 5)
688 1549 764 1573 11011
801 1536 950 1573 fuisset.
1002 1532 1176 1586 Denique
1203 1541 1243 1572 et
1267 1533 1400 1573 Iudaei
1426 1537 1459 1572 si

135 1591 288 1646 quando
319 1591 367 1631 ad
400 1606 471 1630 nos
496 1591 737 1631 deiiciendos
765 1593 921 1631 mentiri
947 1591 1108 1638 audent,
1142 1593 1248 1644 quasi
1279 1606 1355 1631 non
1379 1594 1457 1631 w'r-

135 1651 284 1702 ginem‚
309 1649 379 1689 sed
404 1651 643 1705 iuvenculam
669 1657 942 1702 concepturam
968 1657 1009 1688 ct
1031 1650 1239 1701 parituram
1265 1651 1457 1702 scriptura

135 1708 346 1754 contineat,
391 1708 480 1745 hinc
495 1708 783 1753 *revincuntum
828 1706 930 1759 quod
963 1707 1055 1745 nihil
1088 1708 1187 1757 signi
1218 1706 1341 1744 videri
1367 1720 1457 1758 pos-

134 1764 187 1802 sit
225 1777 289 1802 res
314 1763 554 1815 quotidiana,
592 1764 818 1802 iuvenculae
843 1765 996 1802 scilicet
1032 1771 1265 1815 praegnatus
1297 1771 1337 1801 et
1367 1777 1456 1815 par-

135 1828 209 1859 tus.
259 1820 301 1859 ln
331 1822 478 1872 signum
504 1833 600 1871 ergo
627 1819 813 1871 disposita
844 1822 954 1871 virgo
987 1827 1027 1858 et
1051 1828 1175 1859 mater
1205 1822 1342 1859 merito
1370 1834 1456 1859 cre-

135 1876 256 1924 ditur,
287 1878 413 1916 infans
443 1890 537 1915 vero
569 1877 743 1924 bellator,
766 1891 842 1915 non
874 1890 1009 1929 aeque.
1065 1877 1155 1915 Non
1187 1879 1287 1916 enim
1320 1885 1360 1916 et
1390 1877 1455 1916 hic

132 1936 235 1986 signi
264 1936 366 1973 ratio
391 1942 585 1980 versatur,
618 1934 686 1973 sed
717 1935 827 1985 signo
859 1936 1069 1973 nativitatis
1095 1948 1217 1973 novae
1242 1932 1453 1987 adscripto,

133 1991 275 2031 exinde
300 1999 388 2044 post
413 1994 561 2042 signum
586 1992 682 2030 alius
709 1991 805 2031 ordo
829 1993 903 2030 iam
930 1993 1085 2030 infantis
1110 1991 1288 2039 edicitur,
1315 1993 1390 2031 mel
1416 2000 1455 2031 et

131 2049 311 2102 butyrum
344 2049 621 2088 manducaturi.
669 2048 756 2088 Nec
787 2050 861 2088 boc
892 2051 1023 2102 utique
1054 2050 1092 2087 in
1116 2050 1265 2101 signum
1291 2057 1350 2089 est
1375 2064 1454 2088 ma-

133 2107 252 2154 litiae.
265 2121 343 2145 non
367 2107 619 2153 assentaturi,
660 2110 722 2155 (et
745 2107 819 2145 hoc
852 2108 952 2145 enim
985 2107 1169 2145 infantiae
1201 2111 1297 2155 est,)
1312 2107 1351 2155 6)
1383 2107 1454 2146 sed

133 2165 335 2216 accepturi
370 2165 549 2203 virtutem
581 2163 759 2202 Damasci
795 2171 836 2202 et
871 2165 995 2216 spolia
1032 2163 1231 2203 Samariae
1269 2164 1453 2203 adversus

132 2233 266 2272 regem
286 2219 546 2274 Assyriorum.
597 2220 888 2259 Serva-modum
914 2223 1053 2261 aetatis
1079 2229 1118 2260 et
1138 2235 1280 2273 quaere
1302 2234 1453 2260 sensum

131 2277 452 2330 praedicationis,
485 2280 561 2316 imo
586 2277 706 2317 redde
733 2280 935 2330 evangelio
966 2280 1160 2324 veritatis,
1200 2291 1296 2329 quae
1322 2285 1452 2330 poste-

131 2336 216 2374 rior
239 2334 461 2382 detraxisti,
495 2342 536 2374 et
565 2342 639 2374 tam
665 2337 896 2387 intelligitur
918 2336 1141 2388 prophetia,
1176 2347 1285 2386 quam
1311 2348 1452 2373 renun-

223 2439 260 2479 1)
286 2439 348 2469 Ed.
367 2439 470 2471 Fran.
490 2442 523 2470 et
544 2439 616 2480 Rig.
637 2440 898 2478 praemittat.
1004 2438 1042 2477 2)
1070 2438 1174 2468 Iidem
1199 2438 1310 2470 addid.
1335 2448 1451 2478 puer.

131 2486 183 2517 Cf.
196 2485 273 2516 adv.
287 2485 357 2516 tud.
373 2495 402 2517 c.
417 2487 449 2515 9.
543 2484 577 2524 3)
602 2487 664 2516 len.
679 2487 710 2524 8,
726 2487 759 2518 4.
852 2486 890 2524 4)
915 2486 979 2515 len.
994 2486 1026 2521 7,
1042 2486 1095 2514 14.
1192 2484 1227 2523 5)
1252 2484 1410 2515 Latinius
1432 2494 1451 2515 e

129 2531 284 2611 Ιῖίὶιῃπίιν.
304 2531 375 2562 Iud.
395 2541 424 2562 c.
445 2533 477 2562 9.
501 2531 580 2563 inm
606 2532 782 2572 signum.
877 2530 914 2569 6)
940 2531 1009 2561 Sic.
1031 2531 1209 2563 R'ouwer.
1229 2530 1360 2597 Ceteri:
1386 2533 1450 2561 in-
