1604 2800
161 152 270 191 29ss
618 145 1054 180 Anv.1unA1‹:os.

156 246 357 300 praecepti
383 241 552 282 condere
581 244 635 292 [in
661 244 853 290 salutem]
896 240 995 279 Nam
1021 237 1227 291 providens
1252 236 1358 287 «leus,
1386 237 1487 292 quod

155 306 255 343 hanc
283 303 613 341 circumcisionem
640 301 678 338 in
704 300 871 350 signum,
909 312 985 336 non
1011 298 1048 335 in
1074 297 1253 344 salutem,
1293 303 1396 335 esset
1419 295 1488 336 da-

155 369 262 399 turus
287 359 429 412 populo
451 358 584 406 Israel,
611 356 760 396 idcirco
787 357 904 395 filium
922 355 1063 407 Moysi,
1090 353 1198 394 ducis
1223 354 1353 402 futuri,
1379 354 1487 394 iusti-

154 425 221 470 gat
242 416 479 464 circumcidi,
506 424 558 463 ut,
587 429 671 454 cum
693 416 886 467 coepisset
903 426 975 466 per
995 426 1079 452 eum
1099 411 1241 465 populo
1262 410 1355 451 dare
1375 423 1488 464 prae-

155 483 306 528 ceptum
346 474 673 521 circumcisionis,
713 486 790 511 non
828 477 1100 524 aspernaretur
1136 469 1316 522 populuS,
1353 467 1488 508 videns

153 533 368 584 exemplum
400 531 501 570 istud
526 532 564 570 in
591 530 698 569 ducis
731 530 809 568 filio
842 531 915 568 iam
947 528 1198 567 celebratum.
1262 526 1355 566 Dari
1387 527 1487 566 enim

152 590 322 629 habebat
342 590 599 635 circumcisio,
627 587 694 627 sed
714 589 752 627 in
773 588 933 639 signum,
960 585 1061 625 unde
1083 585 1202 624 lsrael
1221 585 1260 624 in
1280 585 1486 624 novissimo

152 655 327 700 tempore
355 647 530 699 dignosci
556 647 737 693 haberet,
772 644 921 698 qnando
954 643 1162 683 secundum
1194 656 1261 682 sua
1287 643 1424 681 merita
1449 643 1487 680 in

152 713 324 744 sanctam
363 706 555 743 civitatem
592 703 745 756 ingredi
782 702 1079 755 prohiberetur,
1123 699 1332 740 secundum
1369 698 1488 739 verba

150 763 426 815 prophetarum
453 762 680 800 dicentium:
720 769 824 799 terra
851 767 978 799 vestra
1005 759 1178 806 deserta,
1220 758 1396 797 civitates
1421 769 1488 797 ve-

151 826 256 858 strae
288 820 368 869 igni
401 826 578 865 exustae,
619 819 818 869 regionem
851 825 1015 855 vestram
1047 818 1085 854 in
1119 823 1330 868 conspectu
1355 821 1486 854 vestro

152 877 269 915 alieni
297 875 513 922 comedent,
541 882 581 913 et
605 874 759 913 deserta
786 881 825 912 et
850 874 1031 912 subversa
1051 887 1074 911 a
1093 873 1244 924 populis
1271 873 1485 920 extraneis3

152 933 443 985 derelinquetur
466 933 543 971 filia
571 930 678 979 Sion,
706 933 804 970 sicut
830 944 920 969 casa
945 932 982 968 in
1009 931 1133 976 vinea,
1169 936 1209 968 et
1233 931 1333 968 sicut
1357 936 1487 968 custo-

152 990 312 1028 diarium
333 991 371 1028 in
393 991 673 1035 cucumerario,
701 997 740 1027 ct
760 989 866 1040 quasi
888 988 1036 1034 civitas,
1064 999 1161 1038 quae
1183 987 1485 1038 expugnatur.¹)

149 1047 202 1086 Et
226 1046 315 1086 ideo
342 1047 577 1099 subsequens
602 1059 728 1085 sermo
755 1045 968 1098 prophetae
994 1043 1205 1096 exprobrat
1229 1043 1299 1091 eis,
1333 1041 1484 1082 dicens:

150 1106 250 1144 filios
277 1106 461 1157 generavi
487 1112 527 1143 et
552 1105 731 1150 exaltavi,
759 1104 830 1155 ipsi
855 1109 981 1141 autem
1007 1107 1236 1154 spreverunt
1259 1113 1333 1140 me.
1347 1101 1387 1151 2)
1435 1099 1488 1139 Et

147 1164 307 1201 iterum:
346 1164 419 1201 etsi
457 1161 710 1201 extenderitis
747 1174 897 1208 manus,
936 1166 1106 1198 avertam
1143 1159 1282 1198 faciem
1315 1171 1437 1197 meam
1463 1170 1486 1196 a

148 1220 279 1268 vobis3
307 1221 378 1258 etsi
399 1220 746 1271 multiplicaveritis
759 1231 911 1270 preces,
927 1231 1002 1256 non
1018 1215 1219 1256 exaudiam
1238 1229 1327 1264 vos,
1354 1228 1486 1254 manus

151 1279 251 1315 enim
275 1285 431 1316 vestrae
457 1278 642 1328 sanguine
668 1277 806 1329 plenae
834 1283 932 1314 sunt.
948 1276 985 1325 ³)
1024 1274 1075 1313 Et
1099 1274 1259 1312 iterum:
1293 1285 1364 1312 vae
1390 1285 1486 1324 gens

148 1336 371 1386 peccatrix,
412 1335 573 1386 populus
612 1335 745 1386 plenus
782 1335 974 1386 peccatiS,
1015 1333 1081 1371 filii
1113 1331 1315 1377 scelerati,
1342 1329 1486 1373 dereli-

151 1393 285 1442 quistis
311 1391 436 1438 deum,
465 1399 504 1429 et
530 1393 566 1429 in
594 1391 896 1442 indignationem
923 1390 1079 1428 misistis
1104 1396 1276 1428 sanctum
1304 1386 1482 1436 Israel.⁴)

151 1446 258 1485 Haec
279 1449 397 1497 igitur
422 1447 485 1485 dei
510 1440 754 1499 providentia
779 1448 850 1485 fuit
870 1447 986 1485 dandi
1007 1446 1343 1486 circumcisionem
1363 1444 1485 1484 Israel

151 1504 189 1541 in
211 1505 373 1554 signum,
395 1502 496 1541 unde
517 1503 694 1554 dignosci
715 1511 862 1555 posset,
887 1517 971 1541 cum
986 1503 1187 1542 adveniret
1200 1510 1360 1555 tempuS,
1383 1499 1485 1554 quod

148 1561 296 1599 meritis
322 1561 398 1598 suis
424 1559 654 1611 supradictis
680 1561 718 1599 in
745 1559 983 1598 Hierusalem
1018 1559 1166 1597 admitti
1198 1560 1483 1610 prohiberetur,

150 1616 252 1668 quod
278 1623 317 1655 et
343 1618 431 1668 quia
461 1617 627 1655 futurum
660 1624 745 1655 erat
775 1616 1038 1662 nuntiabatur,
1072 1623 1112 1654 et
1143 1616 1231 1667 quia
1262 1615 1403 1653 factum
1428 1616 1484 1653 vi-

149 1674 306 1721 demus„
337 1675 668 1724 recognoscimus.
743 1671 854 1711 Sicut
891 1685 986 1723 ergo
1026 1672 1270 1710 circumcisio
1303 1672 1482 1719 carnalis,

150 1744 246 1783 quae
285 1731 508 1782 temporalis
545 1737 648 1778 crat,
687 1730 831 1769 tributa
857 1736 916 1768 est
940 1730 979 1767 in
1004 1730 1152 1780 signum
1179 1728 1321 1781 populo
1348 1735 1484 1768 contu-

147 1789 266 1835 maci,
299 1789 352 1826 ita
385 1788 568 1840 spiritalis
600 1787 691 1826 data
722 1795 781 1826 est
812 1789 849 1826 in
882 1787 1042 1825 salutem
1076 1786 1218 1838 populo
1245 1784 1482 1834 obaudienti,

111 1873 117 1878 -
148 1845 303 1884 dicente
341 1845 531 1897 propheta
557 1845 773 1886 Hieremia:
813 1846 993 1883 innovate
1031 1844 1140 1883 vobis
1177 1843 1404 1890 novitatem,
1443 1850 1483 1882 et

147 1904 267 1941 nolite
294 1903 484 1941 seminare
511 1904 550 1941 in
575 1904 759 1955 spinis35)
793 1900 1111 1941 circumcidimini
1137 1899 1225 1948 deo,
1252 1907 1292 1939 et
1318 1901 1482 1940 circum-

148 1959 264 1998 cidite
291 1962 531 2012 praeputium
558 1960 687 1999 cordis
711 1960 895 2007 vestri.⁴⁵)
951 1958 1003 1997 Et
1026 1959 1102 1997 alio
1129 1958 1217 1997 loco
1244 1957 1358 1996 dicit:
1385 1971 1480 2003 ecce
1538 1975 1540 1977 ·

147 2019 247 2055 enim
274 2016 356 2055 dies
379 2019 549 2065 veniunt,
583 2017 677 2056 dicit
702 2016 888 2064 dominus,
921 2023 960 2055 et
986 2015 1182 2068 disponam
1209 2014 1336 2054 domui
1361 2013 1479 2054 Iudae

147 2081 187 2112 et
212 2073 339 2112 domui
365 2074 481 2114 Iacob
520 2082 789 2114 testamentum
829 2087 994 2121 novum„
1024 2087 1100 2111 non
1131 2072 1227 2120 tale,
1246 2103 1249 2105 —
1267 2071 1378 2124 quale
1403 2072 1478 2111 iam

147 2130 238 2170 dedi
257 2132 430 2183 patribus
451 2146 584 2171 eorum
599 2134 637 2171 in
658 2132 733 2179 die,
762 2145 836 2184 quo
852 2144 919 2170 eos
934 2129 1049 2170 eduxi
1064 2129 1111 2169 de
1127 2137 1230 2168 terra
1243 2128 1476 2181 Aegyptist)

145 2186 254 2227 Unde
280 2189 548 2240 intelligimus,
588 2197 628 2229 et
658 2190 826 2241 priorem
860 2188 1192 2228 circumcisionem
1225 2194 1316 2228 tunc
1349 2186 1476 2225 datam

147 2253 393 2294 cessaturam,
421 2255 461 2285 et
485 2260 621 2286 novam
647 2248 773 2298 legem
798 2260 874 2285 non
895 2246 1023 2293 talem,
1051 2245 1198 2297 qualem
1220 2245 1293 2283 iam
1315 2242 1476 2290 dederat

144 2303 333 2353 patribus,
371 2317 639 2355 processuram
678 2303 912 2351 adnuntiari,
950 2304 1050 2342 sicut
1074 2302 1210 2341 Esaias
1235 2300 1476 2354 praedicavit

237 2452 398 2493 1)1es.1,
414 2456 497 2493 qu.
593 2455 629 2494 2)
644 2455 685 2486 ib.
700 2464 731 2486 v.
747 2455 777 2485 2.
874 2453 1011 2493 3)ib.v.
1027 2454 1080 2483 15.
1177 2450 1214 2494 4)
1230 2451 1363 2482 ib.v.4.
1435 2450 1472 2487 5)

145 2497 349 2530 Cod.Fuld.:
376 2500 578 2531 innovate
604 2500 741 2539 vohis,
768 2501 808 2530 et
834 2509 883 2531 ne
909 2497 1234 2531 seminaveritis
1260 2497 1300 2527 in
1320 2494 1469 2535 spinis.

145 2542 258 2581 6)1e1·.
274 2545 305 2584 4,
322 2546 340 2575 3
356 2554 404 2583 sq.
499 2544 613 2589 7)1er.
630 2547 684 2586 31,
702 2547 739 2576 31
755 2554 804 2583 sq.
