1604 2800
162 188 275 225 104
386 186 459 218 DE
495 183 1010 216 RESURRECTIONE
1047 185 1274 217 CARNIS.

166 292 327 322 censere
353 277 554 324 debemus,
587 290 636 315 an
662 282 788 314 tantus
813 277 880 323 sit,
913 277 975 328 qui
999 276 1128 315 valeat
1153 275 1338 328 dilapsum
1363 282 1404 315 et
1427 275 1496 316 de-

162 345 340 378 voratum
368 343 408 375 et
433 336 721 388 quibuscunque
747 332 870 372 modis
895 341 1068 386 ereptum
1095 332 1384 372 tabernaculum
1410 346 1497 373 car-

164 393 495 435 nis'reaedificare
516 400 630 444 atquc
656 392 876 439 restituere,
903 405 950 430 an
977 398 1016 430 et
1041 392 1169 443 aliqua
1189 390 1301 430 nobis
1321 391 1498 444 exempla

165 453 275 492 huius
301 453 359 491 sui
386 452 478 489 iuris
505 451 541 488 in
569 449 723 502 publico
751 456 912 488 naturae
939 449 1205 501 promulgarit,
1233 461 1280 487 ne
1308 449 1370 500 qui
1396 449 1498 488 forte

165 509 290 549 adhue
322 510 506 558 sitiant1)
534 502 646 546 deum
678 519 811 554 nosse,
851 508 914 559 qui
946 520 1023 545 non
1055 507 1131 545 alia
1162 506 1250 558 lege
1283 504 1500 545 credendus

165 575 243 614 est,
283 580 394 619 quam
426 573 468 605 ut
493 566 620 604 omnia
645 578 759 617 posse
787 563 993 603 credatur?
1052 563 1170 603 Plane
1203 562 1303 616 apud
1330 564 1500 616 philoso-

162 625 262 676 phos
288 625 427 671 hahes,
466 624 529 675 qui
555 621 732 661 mundum
758 622 857 661 hunc
883 624 1052 661 innatum
1078 622 1338 673 infectumque
1365 620 1501 660 defen-

166 682 277 728 dant,
316 681 384 720 sed
411 682 528 720 multo
555 681 708 728 melius,
737 679 839 732 quod
865 693 998 719 omnes
1028 680 1112 719 fere
1139 680 1340 726 haereses,
1373 685 1501 717 natum

167 746 207 778 et
230 740 374 777 factum
400 737 577 777 mundum
603 737 835 785 adnuentes,
875 736 1136 776 conditionem
1169 736 1242 776 deo
1275 743 1409 775 nostro
1433 734 1503 774 ad·

164 796 355 834 scribunt.
420 795 542 846 lgitur
568 794 738 842 confide,
772 796 876 833 illum
902 802 1022 834 totum
1049 796 1124 835 hoc
1150 808 1199 834 ex
1224 794 1343 832 nihilo
1370 800 1503 846 prom--

165 854 272 899 lisse,
299 860 339 891 et
365 851 477 890 deum
503 853 604 890 nosti
630 850 798 898 fidendo,
826 851 927 903 quod
952 859 1098 890 tantum
1118 851 1212 890 deus
1231 852 1371 890 valeat.
1403 850 1503 890 Nam

167 917 208 949 et
245 909 397 962 quidam
434 909 666 947 infirmiores
704 909 778 947 hoc
816 910 922 960 prius
960 908 1123 947 credere
1155 908 1203 946 de
1235 908 1398 946 materia
1433 920 1504 960 po-

166 969 242 1006 tius
254 968 292 1013 2)
320 967 534 1005 subiacenti
560 967 693 1004 volunt
717 966 764 1003 ab
791 965 858 1003 illo
884 967 1172 1003 universitatem
1199 964 1417 1003 dedicatam
1442 977 1505 1003 se-

172 1023 334 1064 cundum
371 1024 636 1076 philosophos.
709 1022 833 1060 Porro
871 1022 945 1059 etsi
982 1023 1037 1059 ita
1074 1023 1112 1058 in
1147 1034 1243 1059 vero
1281 1021 1504 1068 haberetur,

171 1095 254 1120 cum
286 1089 414 1119 tamen
446 1082 561 1130 longe
594 1081 690 1118 alias
721 1079 953 1117 substantias
991 1078 1183 1130 longeque
1221 1078 1317 1116 alias
1353 1078 1506 1130 species

168 1152 219 1177 ex
250 1138 527 1178 reformatione
561 1136 747 1174 materiae
780 1134 980 1174 diceretur
1009 1135 1236 1187 protulisse,
1275 1148 1387 1187 quam
1411 1136 1506 1175 fuis-

169 1202 230 1234 set
254 1196 336 1247 ipsa
362 1195 538 1240 materia,
566 1207 642 1232 non
668 1194 791 1232 minus
817 1191 1068 1232 defenderem
1094 1206 1144 1232 ex
1168 1193 1288 1231 nihilo
1308 1205 1394 1232 eum
1413 1206 1506 1246 pro-

168 1253 322 1300 tulisse,
362 1253 392 1290 si
420 1265 467 1291 ea
492 1252 727 1304 protulerat,
767 1263 864 1303 quae
897 1252 1051 1289 omnino
1084 1264 1161 1289 non
1192 1251 1359 1289 fuerant.
1421 1250 1505 1299 Quo

170 1312 271 1349 enim
296 1311 460 1348 interest
491 1323 541 1348 ex
571 1310 690 1347 nihilo
725 1307 814 1360 quid
845 1308 1033 1360 proferri,
1071 1321 1119 1347 an
1151 1320 1200 1347 ex
1231 1308 1379 1360 aliquo,
1418 1306 1507 1346 dum

171 1366 275 1419 quod
301 1380 377 1405 non
402 1367 491 1413 fuit,
520 1366 603 1413 fiat,
631 1366 783 1418 quando
811 1367 926 1405 etiam
951 1379 1028 1404 non
1054 1366 1191 1413 fuisse,
1218 1365 1314 1404 nihil
1339 1366 1390 1404 sit
1412 1365 1507 1404 fuis-

172 1425 239 1462 se?
300 1421 366 1460 Sic
393 1429 432 1460 et
462 1424 580 1461 fuisse
607 1436 628 1461 e
655 1425 874 1471 contrario,
907 1423 1079 1462 nonnihil
1111 1430 1171 1462 est
1200 1423 1332 1462 fuisse.
1392 1421 1507 1462 Nunc

173 1481 247 1518 etsi
272 1480 453 1525 interest,
493 1486 620 1518 tamen
651 1486 852 1531 utrumque
885 1481 976 1519 mihi
1007 1479 1219 1532 applaudit.
1281 1478 1372 1519 Sive
1405 1480 1507 1519 enim

173 1549 224 1575 ex
248 1536 367 1574 nihilo
394 1534 489 1574 deus
514 1537 668 1574 molitus
694 1543 753 1574 est
780 1543 937 1582 cuncta,
969 1539 1115 1587 poterit
1140 1545 1179 1575 ct
1205 1550 1360 1575 carnem
1386 1538 1425 1576 in
1450 1538 1508 1576 ni-

173 1593 290 1632 hilum
315 1592 540 1645 perductam
567 1593 784 1645 exprimere
812 1592 859 1631 de
886 1593 1026 1640 nihilo;
1058 1594 1139 1631 sive
1167 1592 1214 1631 de
1239 1594 1402 1631 materia
1425 1606 1508 1632 mo·

175 1650 383 1700 deratusss)
411 1657 471 1689 est
495 1651 584 1697 alia,
611 1647 757 1702 poterit
782 1656 821 1688 et
848 1662 1001 1689 carnem
1028 1662 1255 1702 quocunque
1282 1649 1507 1689 dehaustam

175 1721 342 1747 evocare
369 1707 417 1746 de
444 1708 534 1746 alio.
576 1707 646 1745 .Et
670 1708 800 1759 utique
828 1706 990 1746 idoneus
1016 1714 1076 1745 est
1100 1707 1279 1753 reficere,
1307 1708 1370 1759 qui
1394 1707 1504 1746 fecit.

177 1766 328 1814 Quanto
359 1766 443 1817 plus
475 1772 536 1803 est
564 1765 726 1812 fecisse,
767 1777 876 1816 quam
914 1765 1121 1812 refecisse,
1159 1765 1308 1803 initium
1339 1762 1507 1812 dedisse,

176 1837 286 1875 quam
312 1821 554 1862 reddidisse?
613 1821 671 1861 Ita
698 1823 980 1861 restitutionem
1013 1823 1141 1861 carnis
1174 1821 1390 1861 faciliorem
1421 1834 1508 1861 cre-

176 1880 244 1919 das
270 1881 522 1919 institutione.
1138 1925 1144 1931 ‚

295 1941 363 1979 12.
421 1936 567 1989 Aspice
604 1951 703 1976 nunc
740 1936 789 1977 ad
826 1939 908 1990 ipsa
945 1950 1096 1990 quoque
1133 1938 1309 1989 exempla
1352 1935 1506 1976 divinae

177 1995 394 2045 potestatis.
455 1994 547 2033 Dies
579 1996 740 2034 moritur
770 1996 808 2034 in
840 2002 995 2034 noctem
1027 2002 1068 2034 et
1097 1994 1269 2034 tenebris
1292 2007 1507 2046 usquequa-

175 2063 252 2102 que
278 2051 476 2102 sepelitur.
538 2051 767 2091 Funestatur
796 2051 925 2091 mundi
957 2053 1098 2100 honor,
1138 2052 1259 2090 omnis
1296 2051 1509 2090 substantia

179 2107 417 2159 denigratur.
480 2106 668 2157 Sordent,
705 2111 839 2159 silent,
871 2117 1027 2162 stupent
1051 2116 1208 2155 cuncta,
1236 2108 1374 2160 ubique
1400 2109 1509 2147 iusti-

179 2165 271 2203 tium
296 2172 373 2212 est,
407 2166 515 2216 quies
541 2179 680 2206 rerum.
742 2167 800 2209 Ita
826 2168 891 2206 lux
915 2168 1053 2207 amissa
1078 2167 1244 2218 lugetur.
1305 2165 1357 2204 Et
1382 2173 1509 2205 tamen

178 2235 310 2261 rursus
335 2235 420 2261 cum
445 2236 514 2261 suo
542 2225 663 2272 cultu,
702 2238 787 2264 cum
819 2224 929 2273 dote,
969 2238 1053 2264 cum
1084 2225 1186 2271 sole,
1225 2222 1361 2263 eadem
1387 2230 1427 2262 et
1449 2223 1509 2262 in-

179 2286 291 2330 tegra
316 2286 357 2319 et
386 2287 468 2319 tota
493 2281 672 2320 universo
706 2282 791 2322 orbi
822 2284 1037 2329 reviviscit,
1075 2281 1319 2321 interficiens
1345 2286 1506 2320 mortem

180 2349 303 2385 suam,
330 2345 503 2386 noctem,
530 2338 755 2378 rescindens
781 2341 1014 2393 sepulturam
1039 2352 1162 2387 suam,
1189 2338 1389 2385 tenebras,
1415 2337 1508 2377 hae-

274 2487 310 2525 1)
336 2487 442 2518 Rhen.
465 2487 517 2519 ed.
545 2489 569 2519 1.
597 2487 769 2528 sitiant3
795 2490 868 2520 cod.
890 2490 1007 2521 Gora:
1032 2489 1192 2528 sciant,
1217 2489 1355 2519 WonW.
1380 2464 1415 2516 et
1435 2484 1508 2524 mg.

181 2532 389 2563 nesciant.
485 2532 524 2574 2)
551 2534 632 2565 cod.
654 2535 790 2565 Wouw.
811 2535 959 2567 totius.
1056 2535 1093 2574 3)
1119 2533 1295 2573 Gelenim,
1322 2532 1374 2563 ed.
1392 2531 1507 2571 Fran„

182 2575 256 2615 Rig.
273 2578 525 2608 modulatus.
