1604 2800
450 153 1127 189 auv.vm.EN·r1N1.-tNos.
1383 149 1452 186 41

126 247 195 288 sed
221 250 258 286 iu
286 248 397 287 lineis
422 247 589 301 desuper
614 248 865 293 notabuntur,
904 254 944 284 ut
970 248 1117 298 signum
1142 246 1218 284 hoe
1243 247 1294 284 sit
1318 260 1454 299 perso-

126 307 264 345 nalium
301 307 494 345 nominum
532 313 693 358 propter
727 306 998 357 ambiguitates
1035 317 1186 350 eorum,
1232 317 1330 356 quae
1368 318 1453 344 eum

125 365 201 403 alia
227 364 523 415 significatione·
545 365 839 402 communicant.
903 363 1135 414 Quamquam
1172 369 1299 401 autem
1330 361 1454 401 distu-

126 423 235 460 lerim
261 423 597 473 congressionem,
629 422 749 460 solam
777 422 929 459 interim
956 421 1152 472 professus
1179 421 1452 467 narrationem,

124 478 247 519 sicubi
274 486 400 518 tamen
431 478 639 531 indignitas
670 480 855 518 meruerit
886 478 1104 529 suggillari3
1144 491 1219 515 non
1250 479 1326 516 erit
1357 477 1454 517 deli-

125 537 281 576 batione
318 538 631 589 transpunctoria
668 537 915 589 expugnatio.
1001 536 1298 587 Congressionis
1336 536 1454 574 lusio-

124 608 212 634 nem
236 594 391 647 deputa,
419 596 556 642 lector,
584 602 673 634 ante
700 609 876 647 pugnam.
939 592 1160 640 Ostendam,
1187 592 1256 631 sed
1282 606 1357 631 non
1383 595 1455 632 im-

124 654 282 705 primam
306 653 479 692 vulnera.
542 652 584 692 Si
612 659 652 692 et
675 652 866 692 ridebitur
889 651 1050 697 alicubi,
1078 652 1249 689 materiis
1274 652 1366 702 ipsis
1391 665 1454 689 sa-

124 710 254 749 tisfiet.
309 710 431 749 Multa
457 718 544 749 sunt
567 712 624 750 sie
650 710 767 761 digna
792 710 960 755 revinci,
993 722 1040 747 ne
1066 709 1258 759 gravitate
1284 707 1453 747 adoren-

123 775 197 807 tur.
256 766 431 806 Vanitati
447 769 615 819 proprie
638 768 827 806 festivitas
853 765 969 805 cedit.
1027 765 1217 816 Congruit
1234 772 1276 803 et
1297 766 1452 804 veritati

121 824 270 870 ridere,
308 825 397 876 quia
428 825 593 871 laetans,
626 824 674 863 de
706 825 865 863 aemulis
896 824 973 861 suis
1004 821 1157 868 ludere,
1196 823 1285 874 quia
1314 836 1453 862 secura

121 889 196 922 est.
256 880 472 920 Curandum
499 883 631 934 plane,
664 895 712 920 ne
738 883 836 921 risus
862 882 943 919 eius
970 879 1159 926 rideatur,
1193 880 1225 918 si
1252 881 1369 919 fuerit
1394 882 1452 919 in-

121 938 274 991 dignus.
305 939 503 983 ,Ceterum
529 940 747 992 ubieunque
773 939 910 991 dignus
936 939 1046 984 risus,
1076 939 1239 977 officium
1265 945 1336 976 est.
1374 938 1452 976 De-

121 997 236 1050 nique
261 998 336 1037 hoe
361 997 477 1036 modo
503 999 697 1050 incipiam.

235 1058 275 1097 7.
325 1051 670 1094 Pfimus‘omnium
702 1055 865 1100 Ennius,
904 1061 1020 1106 poeta
1057 1053 1267 1100 Romanus,
1308 1066 1450 1092 coena—

121 1113 209 1152 cula
233 1114 396 1151 maxima
422 1114 524 1151 coeli
555 1114 783 1164 simpliciter
811 1112 1092 1163 pronuntiavit,
1132 1111 1222 1149 elati
1255 1111 1348 1148 situs
1381 1124 1450 1148 no-

121 1171 242 1216 mine,
279 1170 340 1208 vel
373 1171 459 1221 quia
491 1169 620 1208 Iovem
652 1170 731 1208 illie
764 1169 981 1220 epulantem
1008 1169 1159 1219 legerat
1184 1166 1280 1220 apud
1310 1167 1450 1206 Home-

120 1240 216 1267 rum.
237 1229 275 1277 ¹)
337 1225 416 1265 Sed
453 1227 642 1266 haeretici
680 1233 840 1278 quantas
871 1226 1128 1278 supernitates
1158 1226 1448 1277 supernitatum,

120 1291 162 1324 et
203 1291 363 1337 quantas
405 1284 657 1323 sublimitates
693 1284 966 1322 sublimitatum
1010 1284 1047 1321 in
1091 1281 1349 1320 habitaculum
1387 1281 1450 1321 dei

120 1343 178 1381 sni
203 1343 387 1395 cuiusque
412 1340 699 1394 suspenderint,
738 1341 965 1386 extulerint,
1003 1339 1277 1391 expanderint,
1315 1340 1449 1377 mirum

119 1406 192 1438 est.
251 1399 378 1439 Etiam
405 1401 574 1438 creatori
599 1406 732 1438 nostro
752 1398 926 1436 Enniana
953 1397 1165 1436 coenacula
1190 1397 1229 1434 in
1254 1396 1451 1435 aedicula-

118 1470 202 1496 rum
226 1456 412 1510 disposita
437 1464 524 1495 sunt
553 1457 696 1501 forma,
734 1456 820 1495 aliis
851 1463 965 1507 atque
998 1455 1083 1493 aliis
1112 1454 1285 1506 pergulis
1316 1467 1450 1506 super-

118 1516 275 1554 structis
311 1521 353 1554 et
389 1515 595 1567 unicuique
632 1513 708 1553 deo
744 1526 816 1566 per
852 1511 1013 1551 totidem
1050 1513 1176 1551 scalas
1220 1511 1447 1558 distributis,

118 1579 213 1625 quot
234 1571 419 1611 haereses
444 1573 600 1616 fuerint.
661 1571 902 1610 Meritorium
929 1569 1054 1609 factus
1081 1577 1140 1608 est
1165 1568 1337 1608 mundus.
1388 1569 1450 1607 ln-

117 1630 237 1668 sulam
274 1630 481 1669 Feliculam
521 1629 660 1668 eredas
694 1636 802 1667 tanta
839 1628 1009 1666 tabulata
1049 1627 1265 1673 coelorum,
1315 1628 1448 1665 nescio

115 1687 195 1725 ubi.
257 1687 341 1726 lllic
366 1689 482 1726 etiam
507 1686 865 1725 Valentinianorum
898 1684 992 1723 deus
1024 1683 1074 1722 ad
1105 1697 1267 1722 summas
1299 1684 1450 1735 tegulas

88 1743 339 1794 .hahitat.·2)
400 1744 509 1782 Hunc
541 1743 847 1781 substantialiter
877 1740 1029 1793 quidem
1060 1738 1183 1780 ἀιῶνα
1212 1742 1358 1780 τέλειον
1382 1754 1450 1792 ap—

118 1801 275 1853 pellant,
301 1801 560 1852 personaliter
583 1813 678 1838 vero
703 1795 899 1851 προαρχὴν
924 1805 963 1836 et
987 1796 1055 1850 τὴν
1078 1794 1208 1851 ἀρχὴν,
1234 1798 1348 1836 etiam
1371 1797 1450 1850 By-

118 1858 245 1904 thion,
265 1858 302 1905 ³)
330 1857 430 1910 quod
464 1859 501 1895 in
532 1856 754 1895 sublimibus
784 1856 970 1894 habitanti
1002 1856 1154 1894 minime
1193 1855 1448 1906 congruebat.

117 1915 311 1962 Innatum,
368 1916 607 1960 immensum,
656 1914 854 1960 inlinitum,
910 1913 1137 1952 invisibilem
1175 1919 1448 1965 aeternumque

118 1973 323 2021 definiunt,
369 1974 474 2025 quasi
517 1973 642 2010 statim
680 1971 846 2023 probent
883 1983 988 2016 esse,
1026 1971 1058 2009 si
1095 1970 1212 2009 talem
1248 1969 1446 2017 deliniant,

117 2031 269 2083 qualem
294 2031 434 2069 scimus
460 2043 545 2068 esse
572 2028 735 2075 debere,
768 2035 811 2067 ut
833 2029 890 2067 sic
916 2035 956 2066 et
980 2035 1069 2066 ante
1095 2029 1223 2066 omnia
1246 2028 1364 2066 fuisse
1391 2027 1448 2066 di-

120 2094 244 2126 catur.
306 2087 384 2126 Sed
412 2095 452 2125 ut
477 2088 526 2125 sit
551 2087 767 2139 expostulo,
794 2099 867 2125 nec
893 2085 996 2124 aliud
1022 2086 1143 2136 magis
1168 2086 1206 2123 iu
1231 2084 1445 2124 huiusmodi

118 2143 275 2190 denoto,
302 2158 411 2196 quam
439 2144 539 2197 quod
565 2151 654 2196 post
678 2145 804 2182 omnia
833 2144 1088 2190 inveniuntur,
1116 2143 1178 2194 qui
1205 2150 1294 2181 ante
1321 2144 1446 2181 omnia

83 2254 87 2257 ι
118 2203 236 2240 fuisse
274 2201 470 2249 dicuntur,
509 2209 550 2240 et
585 2200 736 2254 quidem
776 2215 850 2239 nou
887 2214 969 2239 sua.
1034 2199 1093 2238 Sit
1124 2201 1251 2251 itaque
1284 2200 1446 2251 Bythios

207 2327 245 2369 1)
267 2330 370 2363 Hom.
384 2330 422 2361 ΙΙ.
436 2331 468 2367 1,
485 2330 550 2360 533
565 2338 637 2367 sqq.
729 2330 772 2367 2)
795 2329 845 2360 Ab
858 2329 911 2359 bis
924 2328 1037 2359 verbis
1057 2336 1166 2365 usque
1186 2326 1227 2356 ad
1246 2326 1346 2356 finem
1367 2325 1444 2357 libri

115 2375 370 2407 Tertullianum
387 2379 421 2407 et
434 2377 612 2406 Irenaeum
628 2378 676 2412 (e.
685 2374 778 2406 liner.
791 2377 823 2412 1,
837 2376 855 2404 1
868 2392 909 2397 —
919 2373 982 2417 12)
995 2375 1087 2405 inter
1099 2382 1136 2403 ae
1154 2372 1295 2402 mirifice
1315 2381 1443 2402 conve·

114 2421 208 2462 nire,
230 2422 436 2462 Rhenanus,
457 2422 593 2459 lunius,
613 2421 783 2460 Rigamus
803 2424 837 2450 et
857 2424 994 2459 praeter
1008 2423 1142 2450 cetero·
1156 2418 1289 2449 Semler
1302 2417 1444 2449 demon-

115 2470 280 2499 atr-runt.
330 2469 397 2500 Sed
411 2471 593 2507 propterea
608 2467 720 2506 ipsum
734 2467 856 2498 litu-nm
872 2476 941 2497 non
955 2465 1100 2496 dixerim
1113 2463 1329 2495 Tertulliano
1344 2463 1445 2495 abiu·

116 2513 296 2545 dicandum
317 2524 404 2546 esse.
500 2515 537 2551 3)
568 2513 672 2543 Rhen.
693 2513 744 2543 ed.
766 2514 790 2543 Ι.
810 2512 864 2542 bic
885 2516 919 2542 et
938 2511 1076 2542 deinde:
1104 2509 1287 2550 Bythion
1306 2513 1339 2540 et
1363 2510 1442 2549 ny·

115 2559 248 2598 thien
274 2560 324 2591 ed.
337 2561 438 2592 Fran.
454 2563 487 2591 et
505 2560 574 2599 mg.
588 2560 609 2589 B
621 2559 748 2598 ython
764 2563 797 2588 et
812 2558 981 2597 Bython.
