1604 2800
150 180 255 218 28⁰
292 195 299 203 ·
592 178 719 211 ADV.
754 178 1048 212 PRAXEAN.

153 270 483 326 cognoscendum,
523 271 674 324 quando
713 279 892 324 oporteat
927 272 1060 311 dicere
1098 283 1334 320 sermonem,
1372 285 1482 326 quem

150 345 224 382 ego
263 331 466 383 loquor.¹)
541 328 652 369 Sicut
688 330 779 368 mihi
816 337 928 382 pater
964 329 1072 376 dixit,
1096 328 1163 368 vita
1203 337 1242 369 et
1278 330 1482 383 loquor.²)

149 388 256 427 Haec
283 386 474 440 quomodo
502 386 606 426 dicta
632 389 720 434 sint,
749 388 1040 439 evangelizator
1058 394 1098 426 et
1117 388 1247 440 utique
1269 395 1345 427 tam
1371 401 1485 428 carus

149 445 357 498 discipulus
390 445 553 484 loannes
590 446 711 496 magis
749 458 859 498 quam
891 445 1061 484 Praxeas
1098 453 1278 493 noverat,
1316 444 1484 498 ideoque

147 505 229 555 ipse
251 502 298 542 de
320 517 388 541 suo
409 516 540 542 sensu:
568 511 656 542 ante
677 510 803 541 autem
823 503 1119 542 sollemnitatem
1139 503 1321 555 paschae,
1347 505 1484 556 inquit,

147 563 275 599 sciens
302 561 408 600 Iesus
442 561 569 598 omnia
601 561 674 599 sibi
705 559 847 599 tradita
872 574 895 599 a
919 568 1029 613 patre
1062 573 1167 608 esse,
1201 567 1242 600 et
1266 574 1306 600 se
1333 573 1384 600 ex
1408 559 1484 599 deo

147 619 292 665 exisse,
332 626 372 657 et
408 617 457 656 ad
496 617 607 657 deum
644 617 854 669 vadere.³)
930 617 1008 657 Sed
1042 617 1211 657 Praxeas
1248 619 1370 671 ipsum
1406 618 1486 658 vult

146 683 296 728 patrem
322 675 370 714 de
397 683 519 715 semet
543 677 627 728 ipso
654 677 799 722 exisse,
833 683 872 714 et
897 675 946 714 ad
971 683 1094 714 semet
1119 677 1239 727 ipsum
1265 676 1410 723 abisse,
1442 682 1487 714 ut

147 732 323 771 diabolus
348 734 386 771 in
413 747 483 771 cor
508 732 624 771 Iudae
651 747 727 771 non
753 733 821 771 filii
847 733 1106 780 traditionem,
1134 732 1202 772 sed
1229 734 1349 786 patris
1367 733 1485 785 ipsius

146 791 362 828 immiserit.
431 789 516 828 Nec
544 789 699 828 diabolo
725 790 846 836 bene,
879 804 952 829 nec
978 791 1200 838 haeretico,
1234 792 1322 843 quia
1347 804 1420 830 nec
1447 791 1486 829 in

148 846 228 884 filio
266 847 369 884 bono
407 859 476 884 suo
515 845 691 884 diabolus
729 854 910 897 operatus
949 855 1008 885 est
1046 847 1305 886 traditionem.
1368 848 1486 887 Filius

149 906 249 942 enim
280 902 443 941 traditus
475 910 534 941 est
565 902 646 950 dei,
681 904 743 954 qui
770 910 855 941 crat
879 904 918 941 in
943 904 1022 941 filio
1050 904 1231 950 hominis,
1264 905 1364 942 sieut
1389 906 1486 943 scri-

146 967 260 1012 ptura
285 960 498 1011 subiungit:
526 974 625 998 nunc
651 960 891 1010 glorificatus
917 968 977 999 est
1002 960 1102 999 filins
1128 961 1304 1008 hominis,
1332 968 1372 1000 et
1392 960 1486 1000 deus

148 1017 388 1068 glorificatus
415 1024 475 1055 est
499 1018 537 1055 in
563 1018 698 1067 illo.⁴)
745 1017 836 1064 Quis
862 1016 982 1055 deus?
1007 1019 1137 1068 utique
1164 1031 1240 1055 non
1266 1024 1389 1070 pater,
1416 1017 1487 1057 sed

148 1087 274 1113 sermo
301 1075 440 1127 patris,
475 1075 536 1126 qui
563 1081 648 1112 erat
673 1075 712 1111 in
737 1074 816 1112 filio
842 1074 1026 1120 hominis,
1059 1073 1098 1112 id
1130 1081 1189 1112 est
1213 1075 1251 1113 in
1278 1087 1415 1123 carne,
1447 1076 1486 1114 in

149 1146 222 1183 qua
248 1139 287 1170 et
318 1131 556 1184 glorificatus
588 1132 681 1179 iam3
719 1133 860 1170 virtute
891 1144 985 1170 vero
1019 1138 1058 1169 et
1088 1144 1286 1180 sermone,
1325 1140 1365 1171 et
1395 1140 1491 1172 ante.

147 1189 294 1228 Iesum:
327 1197 368 1227 et
393 1188 506 1236 deus,
537 1190 678 1241 inquit,
711 1189 945 1240 glorificavit
969 1189 1072 1227 illum
1099 1190 1137 1227 in
1163 1197 1287 1228 semet
1310 1191 1415 1242 ipso,
1447 1189 1486 1229 id

148 1254 226 1293 est,
264 1253 376 1299 pater
406 1247 522 1285 filium
548 1248 585 1284 in
612 1254 734 1285 semet
758 1248 842 1298 ipso
875 1247 1040 1293 habens,
1079 1248 1152 1285 etsi
1188 1254 1410 1299 porrectum
1436 1246 1483 1286 ad

148 1310 304 1351 terram,
331 1317 420 1342 mox
440 1317 510 1355 per
529 1305 854 1343 resurrectionem
875 1304 1110 1356 glorificavit
1122 1311 1246 1343 morte
1262 1303 1428 1344 devicta.
1443 1306 1483 1356 ⁵)

265 1364 333 1403 24.
383 1361 505 1399 Erant
530 1357 656 1412 plane,
685 1363 748 1412 qui
774 1369 814 1399 et
838 1369 928 1400 tunc
954 1375 1032 1400 non
1057 1362 1336 1414 intelligerent,
1363 1375 1480 1414 quon·

148 1419 223 1455 iam
246 1424 285 1455 et
302 1418 468 1456 Thomas
489 1417 719 1469 aliquamdiu
745 1418 978 1458 incredulus.
1018 1419 1181 1458 Domine
1208 1421 1327 1467 enim,
1349 1420 1483 1472 inquit,

147 1486 226 1512 non
245 1475 397 1518 scimus,
425 1487 498 1525 quo
521 1486 599 1519 eas,
627 1482 667 1511 et
687 1475 877 1526 quomodo
899 1478 998 1514 viam
1019 1478 1216 1516 novimus?
1228 1477 1267 1528 6)
1293 1476 1345 1516 Et
1357 1476 1483 1516 Iesus:

149 1543 224 1581 ego
256 1544 335 1568 sum
366 1531 446 1577 via,
483 1531 626 1569 veritas
652 1538 692 1568 et
715 1532 813 1578 vita;
851 1544 963 1569 nemo
993 1534 1101 1571 venit
1131 1533 1180 1571 ad
1205 1541 1372 1584 patrem,
1409 1535 1485 1574 nisi

145 1600 219 1640 per
247 1600 326 1635 me3
359 1588 391 1626 si
423 1588 702 1638 cognovissetis
733 1600 811 1634 me,
845 1590 1126 1639 cognovissetis
1151 1596 1191 1627 et
1214 1597 1382 1641 patrem3
1415 1590 1485 1629 sed

146 1644 286 1683 abhinc
312 1645 432 1682 nostis
457 1645 574 1691 illum,
601 1651 642 1683 et
665 1644 812 1683 vidistis
838 1645 1011 1699 illum.⁷)
1065 1645 1117 1684 Et
1139 1648 1383 1697 pervenimus
1407 1649 1483 1686 iam

145 1700 195 1739 ad
219 1701 451 1753 Philippum,
485 1703 548 1753 qui
579 1714 646 1754 spe
672 1703 863 1740 excitatus
887 1701 1043 1741 videndi
1068 1704 1209 1755 patris,
1242 1716 1316 1743 nec
1341 1704 1485 1743 intelli-

144 1772 252 1810 gens,
281 1757 471 1811 quomodo
484 1760 605 1797 visum
625 1766 773 1811 patrem
794 1759 983 1798 audisset:
1011 1759 1186 1808 ostende,
1213 1761 1349 1813 inquit,
1371 1761 1483 1801 nobis
1519 1761 1521 1763 ’

143 1823 305 1868 patrem,
333 1823 372 1855 et
396 1816 534 1855 sufficit
558 1817 683 1855 nobis.
733 1817 785 1855 Et
810 1816 1003 1855 domiuus:
1035 1817 1224 1870 Philippe,
1250 1825 1358 1858 tanto
1385 1826 1482 1858 tem-

142 1886 239 1926 pore
263 1873 460 1912 vobiscum
487 1888 587 1921 sum,
621 1882 661 1913 et
685 1888 762 1913 non
788 1876 1026 1926 cognovistis
1051 1877 1186 1923 me?8)
1240 1875 1359 1924 Quem
1385 1875 1482 1915 dicit

144 1933 329 1982 cognosci
354 1931 401 1970 ab
422 1932 497 1971 illis
518 1931 709 1979 debuisse,
739 1932 830 1980 (hoc
857 1933 955 1971 enim
983 1933 1104 1971 solum
1130 1931 1270 1972 discuti
1290 1935 1478 1986 oportet,)

143 1989 250 2039 quasi
281 1996 448 2040 patrem,
487 2002 536 2028 an
574 1991 682 2041 quasi
714 1989 857 2028 filium?
917 1988 960 2027 Si
993 1990 1099 2042 quasi
1129 1997 1298 2042 patrem,
1337 1989 1480 2030 doceat

140 2043 311 2084 Praxeas
330 2053 437 2084 tanto
452 2054 627 2099 tempore
643 2047 835 2085 Christum
851 2048 1006 2086 cumeis
1021 2054 1301 2094 conversatum,
1328 2050 1478 2099 patrem

141 2102 347 2154 aliquando
373 2117 449 2141 non
475 2103 565 2143 dico
591 2104 776 2155 intelligi,
806 2117 939 2143 verum
970 2105 1031 2143 vel
1063 2105 1258 2143 aestimari
1289 2105 1475 2156 potuisse.

139 2158 264 2198 Nobis
296 2174 427 2199 omnes
458 2163 674 2213 scripturae
706 2169 747 2200 et
775 2168 931 2200 veteres
963 2161 1155 2200 Christum
1187 2160 1256 2200 ‹lei'
1282 2168 1323 2200 et
1352 2174 1476 2203 novae

140 2215 256 2254 filium
283 2216 345 2256 dei
371 2218 614 2269 praefiniunt.
676 2218 759 2257 Hoc
786 2226 826 2257 et
849 2225 956 2258 retro
987 2217 1303 2270 praedicabatur,
1334 2218 1410 2257 hoc
1435 2226 1476 2258 et

141 2272 188 2310 ab
214 2274 296 2324 ipso
324 2274 477 2314 Christo
514 2275 852 2328 pronuntiabatur,
890 2277 967 2314 imo
997 2276 1071 2315 iam
1103 2283 1145 2315 et
1175 2276 1223 2315 ab
1254 2277 1338 2328 ipso
1363 2282 1473 2328 patre

233 2430 271 2474 1)
285 2435 350 2467 1es.
368 2436 422 2473 50,
437 2437 469 2466 4.
564 2435 601 2473 2)
615 2437 663 2466 10.
677 2437 732 2475 12,
748 2434 802 2468 50.
886 2434 922 2478 3)
937 2439 984 2470 ιο.
1000 2439 1054 2479 13,
1071 2439 1101 2468 1.
1117 2438 1149 2468 3.
1234 2436 1470 2477 4)10.1a,31.

143 2474 180 2517 5)
201 2478 257 2508 Sic
277 2479 350 2511 cod.
371 2481 508 2513 WouW.
529 2483 564 2511 et
583 2481 676 2522 Rig.;
704 2482 811 2513 Rhen.
832 2483 884 2514 ed.
904 2485 929 2515 1.
954 2486 1077 2523 pater
1099 2482 1259 2523 filium,
1285 2491 1402 2521 quem
1427 2481 1469 2512 in

142 2526 272 2554 semet
308 2525 402 2564 ipso
439 2525 599 2558 habens
626 2544 665 2550 —
695 2536 787 2558 mox
825 2537 898 2566 per
932 2529 1299 2560 resurrectionem
1333 2528 1469 2558 morte

142 2566 320 2602 devicta.
415 2572 451 2612 6)
466 2574 512 2605 10.
530 2573 583 2614 14,
600 2574 631 2603 5.
726 2571 764 2615 7)
779 2574 825 2605 Io.
841 2575 896 2616 14,
909 2576 928 2604 6
940 2583 990 2613 aq.
1088 2575 1125 2615 8)
1138 2575 1186 2605 Io,
1202 2574 1256 2613 14,
1272 2573 1292 2601 8
1303 2580 1353 2610 sq.
