1624 2826
172 213 279 250 198
423 214 549 245 ADv.
585 213 946 244 MARCIONEM
981 212 1158 243 LIBER
1194 213 1250 242 lv.

290 311 358 349 22
419 305 519 345 Nam
558 312 598 343 et
635 305 709 343 hoc
746 305 807 343 vel
845 306 1006 343 maxime
1051 304 1284 346 erubescere
1323 302 1500 351 debuisti,

175 363 277 417 quod
302 365 406 403 illum
434 377 518 402 eum
542 363 681 415 Moyse
708 369 748 402 et
774 362 886 401 Helia
911 364 949 401 in
975 375 1133 401 secessu
1163 361 1301 400 montis
1328 361 1503 413 conspici

173 423 389 474 pateris,1)
429 434 588 473 quorum
621 419 843 459 destructor
873 418 1096 459 advenerat.
1159 419 1242 458 Hoc
1269 414 1455 458 scilicet
1444 432 1502 457 in-

173 480 315 532 telligi
321 479 443 518 voluit
466 492 542 517 vox
567 478 635 516 illa
660 477 707 517 de
735 478 868 517 coelo:
903 478 962 516 hic
990 485 1049 516 est
1075 477 1173 516 filius
1199 489 1304 515 meus
1324 464 1501 523 dilectus,

173 538 272 576 hune
299 536 496 585 audite,2)
536 535 573 574 id
601 543 676 582 est,
717 550 793 574 non
817 535 982 587 Moysen
1008 536 1082 573 iam
1108 542 1148 573 et
1172 534 1334 574 Heliam.
1379 533 1502 585 Ergo

173 595 388 634 sufficiebat
430 607 507 633 vox
549 594 633 632 sola
675 594 757 632 sine
803 594 1062 631 ostentatione
1105 585 1234 644 Moysi
1276 599 1316 631 et
1352 590 1502 630 Heliae.

173 651 403 691 Definiendo
430 653 532 690 enim
558 664 668 703 quem
695 650 891 697 audirent,
925 662 1171 702 quoscunque
1198 650 1296 688 alios
1319 649 1505 688 vetuisset

173 709 312 748 audiri.
372 708 452 747 Aut
489 708 668 760 numquid
700 708 852 747 Esaiam
891 715 931 746 et
968 707 1228 754 Hieremiam,
1259 697 1503 758 ceterosque,

175 780 270 819 quos
297 780 372 804 non
400 765 580 813 ostendit,
612 767 786 817 permisit
811 765 948 811 audiri,
975 766 1007 803 si
1032 766 1166 811 vetuit,
1193 777 1288 816 quos
1313 763 1505 802 ostendit?

174 824 287 863 Nunc
315 825 387 863 etsi
412 824 634 876 praesentia
660 824 810 861 illorum
839 823 908 861 fuit
934 823 1175 868 necessaria,
1203 821 1440 872 non-utique,
1463 822 1502 858 in

175 883 369 934 colloquio
409 880 724 927 ostenderentur,
765 879 866 932 quod
904 880 1175 918 familiaritatis
1211 877 1393 917 indicium
1431 885 1502 924 est,

174 953 246 978 nee
273 941 311 977 in
338 940 535 977 consortio
559 939 768 983 claritatis,
808 936 908 988 quod
935 937 1168 987 dignationis
1195 943 1235 974 et
1261 936 1410 986 gratiae
1437 948 1505 974 ex-

175 998 339 1048 emplum
365 1004 442 1043 est,
483 995 551 1034 sed
582 997 620 1034 in
646 994 823 1034 sordibus
849 995 1056 1046 aliquibus,
1097 992 1197 1045 quod
1230 992 1505 1032 destructionis

174 1061 440 1105 argumentum
467 1061 543 1099 est,
583 1054 674 1091 imo
685 1054 722 1090 in
749 1053 920 1091 tenebris
948 1052 1157 1097 creatoris,
1186 1048 1320 1103 quibus
1346 1047 1504 1089 discu'ti—

174 1111 284 1150 endis
310 1118 394 1150 erat
418 1112 571 1156 missus,
612 1111 727 1161 longe
760 1110 875 1148 etiam
909 1108 1066 1147 discreti
1094 1122 1116 1146 a
1142 1109 1320 1147 claritate
1347 1107 1503 1154 Christi,

175 1170 238 1221 qui
275 1181 392 1207 voces
431 1175 470 1206 et
508 1168 640 1206 literas
677 1168 780 1219 ipsas
817 1180 950 1206 corum
987 1166 1039 1205 ab·
1073 1167 1276 1217 evangelio
1314 1172 1507 1208 suoerat

174 1234 433 1278 separaturus.
479 1224 634 1264 Siccine
650 1226 686 1273 ³)
716 1226 864 1263 alienos
885 1224 1122 1263 demonstrat
1142 1225 1241 1271 illos,
1269 1222 1355 1262 dum
1375 1235 1505 1262 secum

175 1285 316 1322 habet?
365 1282 432 1321 Sic
458 1281 732 1335 relinquendos
758 1282 893 1329 docet,
933 1295 1027 1334 quos
1053 1282 1125 1320 sibi
1151 1282 1297 1333 iungit?
1345 1280 1411 1319 Sic
1438 1279 1506 1320 de-

175 1343 304 1387 struit,
351 1339 445 1392 quos
472 1340 518 1379 de
546 1340 664 1379 radiis
696 1342 772 1379 suis
805 1341 999 1379 exstruit?
1031 1338 1127 1387 Quid
1157 1339 1306 1378 faceret
1333 1338 1506 1381 Christus

175 1400 369 1450 ipsorum?
395 1397 536 1444 Credo,
565 1397 773 1436 secundum
798 1399 1093 1450 perversitatem
1120 1397 1217 1436 tales
1243 1409 1311 1435 eos
1336 1390 1527 1435 reims-s

175 1463 259 1502 set,
299 1455 430 1506 quales
457 1455 631 1492 Christus
662 1455 873 1492 Marcionis
905 1454 1123 1500 debuisset,
1162 1461 1227 1492 aut
1258 1465 1504 1505 quoscunque

175 1514 440 1559 aliossecum,
469 1525 578 1563 quam
605 1512 812 1562 prophetas
838 1524 941 1552 suos.
1003 1510 1082 1549 Sed
1109 1510 1198 1561 quid
1229 1517 1305 1548 tam
1332 1510 1505 1548 Christus

176 1571 384 1616 creatoris,
422 1583 533 1621 quam
561 1581 690 1607 secum
717 1568 923 1607 ostendere
951 1567 1243 1620 praedicatores
1269 1569 1383 1606 suos?
1419 1580 1505 1610 cum

175 1626 429 1674 illiswideri,
469 1626 603 1678 quibus
635 1627 672 1664 in
704 1626 1004 1664 revelationibus
1036 1632 1121 1664 erat
1150 1626 1277 1663 visus?
1314 1638 1398 1663 cum
1430 1625 1505 1663 illis

175 1686 299 1737 loqui,
328 1686 390 1736 qui
416 1698 501 1723 eum
527 1685 680 1722 fuerant
705 1684 850 1721 locuti?
888 1696 972 1721 cum
999 1684 1054 1721 eis
1081 1683 1244 1733 gloriam
1269 1695 1373 1720 suam
1400 1695 1506 1721 com-

175 1744 391 1788 municare,
430 1756 453 1780 a
485 1741 619 1793 quibus
651 1740 823 1779 dominus
862 1741 1013 1791 gloriae
1046 1739 1361 1791 nuncupabatur?
1421 1753 1505 1778 euin

174 1799 450 1852 principalibus
464 1801 502 1847 4)
536 1800 637 1845 suis,
677 1811 842 1850 quorum
873 1798 973 1836 alter
1004 1798 1135 1850 populi
1171 1798 1401 1835 informator
1435 1797 1509 1835 ali-⁴

176 1857 348 1909 quando,
375 1858 476 1895 alter
500 1857 736 1895 reformator
761 1854 1007 1907 quandoque,
1041 1856 1140 1897 alter
1164 1855 1338 1894 initiator
1361 1855 1506 1893 veteris

175 1916 408 1961 testamenti,
436 1915 536 1952 alter
561 1916 845 1953 consummator
865 1910 971 1952 hovi.
1011 1912 1134 1964 Igitur
1159 1919 1199 1951 et
1213 1911 1347 1951 Petrus
1367 1913 1504 1951 merito

176 1972 468 2010 contubernium
495 1972 638 2013 Christi
664 1972 720 2010 sui
747 1984 963 2021 agnoscens
988 1970 1255 2023 individuitate
1282 1971 1383 2016 eius,
1416 1982 1506 2020 sug-

175 2030 279 2080 gerit
305 2029 524 2069 consilium:
551 2029 691 2066 honum
718 2035 778 2066 est
803 2042 871 2066 nos
899 2029 959 2066 hic
987 2041 1085 2075 esse,
1115 2029 1271 2081 (bonum
1286 2027 1417 2079 plane,
1439 2027 1506 2065 ubi

174 2087 332 2139 Moyses
359 2086 510 2124 scilicet
535 2093 575 2124 et
601 2085 764 2136 Helias,)
791 2092 830 2123 et
854 2086 1120 2124 faciamus-hic
1147 2086 1220 2145 tria
1240 2084 1504 2131 tabernacula,

173 2158 288 2199 unum
328 2144 397 2182 tibi
434 2150 474 2181 et
501 2143 630 2194 Moysi
668 2156 779 2181 unum
812 2150 851 2181 et
883 2143 1017 2181 Heliae
1049 2156 1181 2190 unum·
1219 2141 1289 2180 sed
1327 2143 1505 2193 nesciens

176 2201 265 2254 quid
309 2201 471 2240 diceret.
493 2200 529 2249 5)
606 2199 806 2248 Quomodo
851 2202 1060 2239 nesciens?
1114 2198 1296 2238 Utrumne
1341 2190 1521 2261 simplici.

176 2272 312 2298 eirore
346 2272 394 2297 an
425 2259 596 2304 ratione,
636 2271 746 2309 quam
773 2257 1013 2296 defendimus
1038 2258 1076 2297 in
1103 2271 1238 2297 caussa
1264 2271 1387 2297 novae
1412 2271 1505 2310 pro-

174 2317 348 2368 phetiae,
389 2316 537 2368 gratiae
564 2316 750 2362 ecstasin,
790 2314 828 2354 id
860 2322 919 2354 est
950 2315 1172 2364 amentiam,
1213 2317 1447 2355 convenire?
1463 2315 1502 2364 ⁶)

175 2375 217 2413 ln
243 2376 379 2427 spiritu
410 2375 508 2413 enim
540 2373 654 2412 homo
687 2374 932 2421 constitutus,
965 2375 1197 2426 praesertim
1230 2382 1315 2414 eum
1340 2373 1502 2425 gloriam

269 2479 304 2517 1)
332 2480 413 2509 Luc.
427 2480 456 2518 9,
471 2478 643 2511 28-36.
704 2477 739 2516 2)
766 2478 843 2510 ibid.
857 2488 887 2510 v.
903 2478 956 2510 35.
1018 2477 1056 2522 3)
1082 2478 1186 2510 Seml.
1208 2477 1371 2516 Sicein3
1399 2481 1499 2510 cett-t

176 2524 244 2554 Sic
266 2524 316 2556 in.
376 2523 411 2564 4)
437 2525 517 2554 Cod.
534 2525 610 2556 Vat.
632 2524 915 2564 principibus.
979 2526 1014 2565 5)
1041 2527 1125 2557 Luc.
1141 2526 1171 2565 9,
1187 2525 1241 2556 33.
1309 2526 1346 2563 6)
1372 2525 1500 2564 „Vide-

175 2574 233 2599 tur
254 2570 462 2601 mentionem
488 2573 603 2601 facere
624 2573 754 2611 septem
773 2571 939 2602 librorum
957 2572 998 2602 de
1015 2571 1160 2611 ecstasi,
1187 2579 1330 2610 quorum
1346 2572 1501 2602 meminit

174 2614 443 2654 Hieronymus.“
474 2617 597 2656 Rhea„
626 2617 700 2656 Rig.
714 2620 747 2647 et
760 2618 901 2648 Semler.
