1604 2800
638 193 715 225 DE
747 192 948 226 ΑΝῙΜΑ.
1354 193 1462 232 180

130 297 200 325 vos
220 284 456 324 subvertunt.
471 284 509 334 ¹)
546 284 759 324 Rationalis
784 292 844 324 est
867 284 1093 336 indignatio,
1121 297 1219 337 quae
1244 298 1295 325 ex
1317 287 1461 328 affectu

131 341 359 395 disciplinae
390 349 462 382 est.
533 342 589 382 At
619 357 731 395 quum
762 342 877 381 dicit:
914 343 1052 381 fuimus
1087 342 1293 395 aliquando
1324 352 1462 394 natura

131 400 200 439 filii
223 401 320 447 irae,
333 401 373 448 ²)
405 401 632 440 irrationale
656 399 932 452 indignativum
958 400 1154 452 suggillat,
1184 400 1285 453 qnod
1310 415 1386 440 non
1411 404 1461 443 sit

130 470 180 496 ex
203 470 253 496 ea
276 464 431 505 natura,
464 471 560 511 quae
585 472 610 497 a
634 456 708 497 deo
735 465 812 505 est,
845 457 913 497 sed
946 470 996 496 ex
1025 458 1110 504 illa,
1143 471 1253 510 quam
1285 457 1461 499 diabolus

129 514 292 554 induxit:
357 515 542 555 Dominus
567 523 608 555 et
631 517 713 568 ipse
739 515 864 554 dictus
888 516 947 554 sui
978 514 1145 553 ordinis:
1183 528 1260 554 non
1297 518 1460 568 potestis

129 571 277 612 duobus
307 571 472 612 dominis
496 574 716 621 servii-est)
742 580 856 626 pater
880 580 919 612 et
942 573 1026 625 ipse
1053 574 1364 624 cognominatus:
1390 588 1460 612 vos

128 643 179 669 ex
203 629 359 669 diabolo
396 637 507 682 patre
545 631 651 670 estis.
664 631 702 678 4)
775 629 838 668 Ne
870 631 1005 669 timeas
1037 637 1078 669 et
1100 631 1157 668 illi
1181 632 1460 683 proprietatem

127 694 288 727 naturae
318 687 478 726 alterius
508 687 733 726 adscribere
763 688 994 739 posterioris
1024 694 1065 726 et
1093 686 1314 735 adulterae,
1347 701 1459 740 quem

126 744 226 796 legis
262 757 468 784 avenarum
505 746 894 796 superseminatorem
932 751 973 783 et
1002 744 1277 784 frumentariae
1314 747 1460 797 segetis

125 809 355 840 nocturnum
379 802 712 852 interpolatorem.
728 803 767 850 ⁵)

242 858 362 907 12⁶)
423 858 626 909 Contingit
655 871 726 897 nos
756 857 908 896 illorum
940 859 1055 896 etiam
1089 859 1255 910 quinque
1280 871 1458 898 sensuum

124 916 320 967 quaestio,
354 928 451 967 quos
481 916 521 953 in
551 916 684 967 primis
714 915 836 954 literis
867 914 1067 961 discimus,
1100 917 1278 967 quoniam
1305 923 1345 955 et
1368 917 1458 955 hinc

123 971 270 1025 aliquid
294 972 504 1012 haereticis
529 979 774 1024 procuratur.
829 971 946 1010 Visus
972 979 1032 1010 est
1056 979 1097 1010 et
1120 972 1272 1011 auditus
1297 980 1338 1012 et
1362 973 1458 1012 odo-

123 1036 232 1069 ratus
256 1037 299 1070 et
322 1037 456 1082 gustus
481 1037 522 1068 ct
546 1037 684 1068 tactus.
752 1029 896 1068 Horum
930 1028 1042 1067 fidem
1067 1028 1295 1068 Academici
1326 1029 1458 1069 durius

124 1085 324 1134 damnant,
362 1086 571 1126 secundum
609 1085 791 1138 quosdam
824 1093 865 1123 et
896 1085 1116 1124 Heraclitus
1153 1093 1193 1125 et
1223 1086 1382 1125 Diocles
1418 1094 1460 1126 et

123 1143 406 1196 Empedocles.
467 1144 586 1183 Certe
612 1143 724 1182 Plato
755 1145 793 1181 in
818 1143 976 1181 Timaeo
989 1143 1029 1190 ⁷)
1066 1143 1330 1182 irrationalem
1365 1157 1457 1196 pro-

123 1202 275 1240 nuntiat
297 1201 585 1240 sensualitatem
611 1208 652 1240 et
676 1201 850 1252 opinioni
876 1199 1146 1251 complicitam.
1191 1199 1324 1252 Itaque
1350 1214 1457 1240 men-

124 1257 276 1298 dacium
300 1260 399 1298 visui
424 1258 625 1304 obiicitur,
659 1257 760 1309 quod
785 1270 913 1296 remos
938 1258 977 1295 in
1001 1270 1101 1309 aqua
1125 1258 1288 1296 inflexos
1310 1259 1374 1297 vel
1398 1260 1457 1297 in-

122 1316 271 1355 fractos
301 1315 509 1355 adseverat
537 1315 721 1354 adversus
753 1315 1033 1354 conscientiam
1062 1316 1315 1365 integritatis,
1354 1315 1456 1368 quod

122 1381 268 1413 turrem
294 1373 634 1426 quadrangulatam
659 1372 708 1411 de
734 1373 943 1423 longinquo
970 1371 1176 1410 rotundam
1209 1372 1455 1423 persuadeat,

123 1430 228 1483 quod
251 1432 557 1484 aequalissimam
580 1431 771 1482 porticum
791 1430 1053 1479 angustiorem
1073 1429 1112 1466 in
1131 1430 1263 1467 ultimo
1284 1430 1455 1475 infamet,

124 1487 228 1541 qaod
251 1489 403 1528 coelum
429 1495 536 1526 tanta
562 1488 796 1527 sublimitate
821 1499 1044 1538 suspensum
1063 1487 1160 1524 mari
1178 1487 1323 1538 iungat.
1362 1486 1457 1526 Per-

122 1544 218 1585 inde
248 1545 401 1585 auditus
437 1546 616 1584 fallaciae
647 1558 756 1592 reus,
793 1551 835 1583 nt
865 1557 951 1582 cnm
983 1544 1154 1583 coeleste
1191 1557 1359 1583 murmur
1387 1558 1457 1597 pu-

119 1610 258 1651 tamus,
284 1610 326 1643 et
348 1604 556 1655 plaustrum
582 1610 654 1649 est,
679 1602 742 1641 vel
766 1602 913 1640 tonitru
937 1600 1148 1639 meditante
1172 1614 1244 1652 pro
1271 1608 1381 1640 certo
1407 1601 1455 1640 de

122 1660 293 1713 plaustro
325 1660 518 1699 credimus
548 1661 726 1698 sonitum.
794 1657 862 1695 Sic
892 1664 934 1695 et
963 1656 1148 1695 odoratus
1173 1665 1213 1695 et
1237 1665 1370 1709 gustus
1393 1671 1456 1697 ar-

122 1725 310 1768 guuntur,
340 1716 527 1768 siquidem
559 1715 693 1754 eadem
731 1720 927 1764 unguenta
963 1712 1176 1765 eademque
1205 1715 1296 1752 vina
1324 1721 1456 1766 poste-

121 1775 229 1812 riore
251 1786 406 1825 quoque
431 1786 500 1810 usu
526 1771 803 1823 depretiantur.
843 1769 910 1808 Sic
934 1776 976 1808 et
999 1777 1125 1808 tactus
1143 1770 1453 1822 reprehenditur,

121 1829 310 1882 siquidem
340 1828 476 1868 eadem
506 1830 725 1880 paximenta
755 1826 928 1866 manibus
957 1828 1176 1878 asperiora,
1208 1827 1369 1879 pedibus
1399 1829 1456 1867 le-

122 1889 234 1926 viora
264 1886 492 1932 creduntur,
525 1892 566 1924 et
596 1886 635 1923 in
667 1884 834 1923 lavacris
862 1882 965 1922 idem
997 1883 1145 1923 calidus
1169 1885 1277 1923 lacus
1299 1886 1455 1925 ferven-

123 1945 291 1984 tissimus
315 1945 452 1997 primo,
479 1942 620 1981 debinc
647 1942 987 1994 temperatissimus
1011 1943 1265 1980 renuntiatur.
1323 1941 1452 1989 Adeo,

123 2003 311 2055 inquiunt,
344 2003 401 2040 sic
427 2012 577 2053 quoque
602 2000 769 2038 fallimur
792 1998 985 2045 sensibus,
1017 1997 1105 2038 dum
1129 2001 1342 2039 sententias
1364 2013 1454 2039 ver-

124 2060 251 2099 timus.
310 2057 576 2098 Moderantius
601 2055 726 2095 Stoici
751 2069 827 2105 non
852 2068 1002 2100 omnem
1026 2069 1178 2096 sensum
1202 2070 1276 2111 nec
1300 2070 1455 2110 semper

125 2115 174 2156 de
199 2115 402 2155 mendacio
428 2121 603 2154 onerant.
652 2113 836 2166 Epicurei
861 2114 1100 2152 constantius
1123 2127 1255 2166 parem
1280 2115 1453 2153 omnibus

124 2179 240 2224 atque
271 2180 494 2224 perpetuam
527 2170 737 2210 defendunt
764 2172 987 2218 veritatem,
1022 2170 1092 2210 sed
1124 2173 1200 2210 alia
1228 2172 1303 2209 via.
1362 2170 1452 2209 Non

125 2231 226 2270 enim
251 2242 401 2268 sensum
427 2230 598 2276 mentiri,
630 2227 703 2267 sed
732 2229 967 2283 opinionem.
1037 2227 1198 2267 Sensum
1228 2229 1329 2266 enim
1357 2229 1451 2279 pati,

126 2301 203 2326 non
227 2288 399 2340 opinari3
424 2288 587 2325 animam
604 2286 712 2325 ‚enim
737 2285 899 2337 opinari.
953 2284 1214 2324 Absciderunt
1238 2291 1279 2322 et
1302 2285 1452 2336 opinio—

126 2357 212 2384 nem
237 2358 261 2383 a
286 2357 400 2383 sensu
426 2351 466 2383 et
489 2357 639 2382 sensum
665 2342 713 2382 ab
739 2344 877 2381 anima.
935 2341 988 2381 Et
1012 2342 1111 2381 unde
1138 2342 1288 2394 opinio,
1318 2342 1351 2380 si
1375 2355 1452 2380 non

221 2474 256 2535 1)
270 2495 347 2526 Gal.
363 2498 393 2533 5,
408 2496 461 2525 ιι».
557 2491 593 2535 2)
608 2482 694 2533 E'ph.
709 2494 741 2531 2,
757 2493 788 2524 3.
882 2492 919 2530 a)
933 2491 1054 2521 matth.
1069 2494 1100 2531 6,
1114 2491 1166 2521 24.
1243 2490 1383 2531 4)10.s,
1396 2491 1451 2522 44.

127 2539 163 2580 8)
174 2541 296 2572 nutui.
310 2542 365 2577 13,
380 2542 431 2571 25.
528 2539 565 2581 6)
586 2540 658 2570 Hoc
685 2542 789 2577 caput
813 2538 847 2567 in
876 2537 981 2568 Rhen.
1001 2540 1035 2567 et
1053 2537 1126 2568 Gel.
1145 2536 1221 2568 edd.
1236 2537 1449 2568 inscribitur:

126 2587 186 2618 De
210 2588 395 2626 quinque
421 2586 629 2617 sensibus.
723 2586 759 2623 Ἰ)
775 2585 861 2614 Plat.
877 2583 964 2614 Tim.
979 2592 1010 2621 p.
1026 2584 1125 2621 27sq.
