1604 2800
148 225 219 263 94
510 221 580 251 DE
618 219 818 252 CARNE
855 220 1112 253 csnnisrr.

149 325 297 359 cantem
324 328 347 354 a
372 313 446 354 deo
474 321 533 352 est
558 313 743 365 prolatus.
794 311 846 351 Et
869 319 997 352 tamen
1023 325 1071 352 ne
1097 312 1187 351 mihi
1211 319 1328 352 vacet
1351 302 1481 354 incur-

147 389 209 415 sus
242 373 406 412 nominis
436 370 568 419 Adae,
605 369 707 410 unde
742 369 969 423 Christusfl)
994 368 1119 409 Adam
1145 370 1191 409 ab
1217 371 1397 423 apostolo
1424 370 1483 411 di-

148 440 231 472 ctus
264 438 341 479 est,
380 431 411 469 si
449 430 596 468 terreni
634 442 710 467 non
748 428 822 467 fuit
853 441 991 468 census
1022 428 1136 467 homo
1170 429 1278 468 eius?
1338 427 1418 468 Sed
1444 436 1484 469 et

146 491 208 529 hic
247 490 347 528 ratio
387 487 579 534 defendit,
619 485 720 539 quod
759 485 854 526 deus
885 484 1093 538 imaginem
1125 493 1166 526 et
1196 485 1483 527 similitudinem

147 561 250 587 suam
277 560 298 585 a
326 546 481 585 diabolo
509 552 659 597 captam
686 545 836 584 aemula
862 545 1091 598 operatione
1118 545 1383 597 recuperavit.
1440 543 1484 584 In

147 607 333 657 virginem
372 605 473 643 enim
511 602 637 642 adhuc
669 601 789 642 Evam
820 603 1034 656 irrepserat
1064 602 1223 642 verbum
1255 601 1486 642 aedificato-

147 665 242 702 rium
280 663 427 702 mortis.
490 661 532 700 In
569 661 757 713 virginem
795 674 918 713 aeque
950 659 1272 700 introducendum
1305 667 1391 700 erat
1423 658 1485 700 dei

147 721 304 760 verbum
331 720 629 758 exstructorium
660 719 782 766 vitae,
822 726 866 757 ut
897 717 998 770 quod
1029 731 1101 771 per
1132 716 1323 758 eiusmodi
1353 731 1486 758 sexum

147 779 299 817 abierat
324 779 362 815 in
387 775 664 829 perditionem,
708 789 779 828 per
811 774 975 815 eundem
1006 788 1138 814 sexum
1169 774 1418 827 redigeretur
1447 777 1487 815 in

148 836 323 875 salutem.
387 832 619 873 Crediderat
643 833 725 872 Eva
751 834 942 886 serpenti,
976 832 1145 872 credidit
1169 833 1295 872 Maria
1322 832 1487 873 Gabrie-
1510 830 1513 833 ⁴

149 894 195 941 li3
223 891 325 945 quod
351 892 415 931 illa
443 889 640 930 credendo
668 889 840 943 deliquit,
868 891 964 930 haec
988 888 1186 929 credendo
1207 889 1365 931 delevit.
1406 889 1487 930 Sed

148 951 230 990 Eva
262 951 355 989 nihil
388 957 478 988 tunc
513 949 695 1000 concepit
726 950 763 987 in
797 956 908 987 utero
941 961 991 987 ex
1023 947 1166 988 diaboli
1198 949 1346 988 verbo?
1407 947 1486 987 lmo

151 1010 343 1060 concepit.
406 1006 504 1046 Nam
531 1005 671 1045 exinde
697 1014 739 1044 ut
763 1006 918 1045 abiecta
943 1013 1118 1057 pareret,
1158 1013 1198 1044 et
1222 1006 1261 1044 in
1288 1005 1488 1045 doloribus

148 1073 320 1119 pareret,
347 1065 505 1104 verbum
532 1063 676 1103 diaboli
703 1077 833 1103 semen
860 1064 916 1102 illi
941 1064 1027 1102 fuit.
1086 1062 1210 1102 Enixa
1237 1070 1297 1103 est
1322 1062 1488 1116 denique

151 1124 346 1163 diabolum
372 1121 626 1161 fratricidam.
690 1120 837 1161 Contra
861 1121 986 1160 Maria
1012 1134 1098 1160 eum
1125 1119 1265 1169 edidit,
1305 1122 1368 1174 qui
1401 1134 1488 1161 car-

149 1183 274 1221 nalem
301 1182 460 1220 fratrem
493 1180 614 1219 Israel
647 1180 965 1232 interemptorem
998 1192 1105 1218 suum
1137 1179 1281 1218 salvum
1314 1177 1489 1232 quando-

151 1253 223 1291 que
251 1245 481 1292 praestaret.
543 1237 586 1276 In
612 1237 760 1276 vulvam
793 1250 890 1289 ergo
922 1236 1017 1276 deus
1048 1236 1207 1276 verbum
1239 1250 1345 1276 suum
1377 1236 1489 1277 detu-

152 1297 214 1343 lit,
252 1297 392 1335 bonum
425 1297 604 1342 fratrem,
643 1302 685 1334 ut
714 1296 938 1334 memoriam
965 1294 1054 1333 mali
1083 1295 1216 1334 fratris
1242 1293 1487 1344 eraderet.²)

153 1352 246 1392 lnde
272 1352 537 1404 prodeundum
563 1353 635 1390 fuit
661 1352 815 1391 Christo
842 1351 891 1391 ad
917 1352 1084 1392 salutem.
1104 1353 1288 1400 hominis,
1316 1365 1391 1406 quo
1417 1352 1488 1392 ho-

154 1424 214 1448 mo
241 1411 315 1448 iam
341 1409 541 1447 damnatus
567 1410 790 1447 intraverat.

273 1470 341 1508 18.
390 1465 503 1503 Nunc
530 1472 571 1503 ut
596 1466 805 1517 simplicius
830 1465 1152 1517 respondeamus,
1184 1481 1261 1506 non
1288 1475 1488 1521 compete-

154 1525 221 1563 bat
247 1537 295 1562 ex
321 1524 465 1562 semine
491 1523 655 1561 humano
683 1521 746 1561 dei
773 1523 889 1561 filium
915 1525 1040 1570 nasci,
1080 1536 1148 1571 ne,
1186 1525 1218 1562 si
1249 1531 1354 1563 totus
1385 1532 1491 1565 esset

155 1582 255 1620 filius
279 1581 462 1628 hominis,
500 1594 576 1618 non
603 1587 707 1619 essct
732 1587 771 1618 et
797 1579 860 1619 dei
886 1580 998 1628 filius,
1025 1581 1196 1633 nihilque
1222 1581 1386 1621 haberet
1411 1595 1490 1621 am-

154 1639 252 1692 plius
285 1637 512 1685 Salomone,
553 1644 592 1676 et
622 1638 782 1690 amplius
816 1637 928 1685 lona,
967 1645 1007 1677 et
1038 1637 1086 1678 de
1118 1638 1279 1678 Ebionis
1306 1639 1490 1691 opinione

156 1695 373 1736 credendus
399 1702 496 1734 erat.
559 1693 665 1746 Ergo
698 1696 772 1733 iam
799 1693 862 1734 dei
889 1695 988 1734 filius
1013 1708 1064 1734 ex
1087 1697 1209 1747 patris
1241 1695 1304 1735 dei
1330 1697 1490 1745 semine,

154 1753 192 1793 id
225 1761 285 1792 est
316 1754 472 1806 spiritu,
510 1759 551 1790 ut
583 1759 687 1791 esset
710 1753 875 1791 hominis
902 1752 1019 1800 filius,
1058 1766 1151 1792 caro
1179 1766 1224 1792 ea
1251 1753 1354 1802 sola,
1391 1766 1492 1806 quae

154 1812 288 1859 erat3)
317 1824 366 1850 ex
391 1811 556 1849 hominis
582 1823 699 1849 carne
726 1809 910 1849 sumenda
935 1811 1018 1849 sine
1043 1811 1115 1850 viri
1142 1812 1300 1852 semine.
1362 1810 1491 1852 Vaca-

154 1870 221 1908 bat
259 1870 359 1908 enim
396 1870 469 1907 viri
509 1881 639 1907 semen
677 1867 777 1920 apud
816 1868 1022 1907 habentem
1054 1867 1117 1907 dei
1149 1882 1293 1908 semen.
1356 1868 1491 1923 ltaque

156 1928 255 1965 sicut
280 1925 443 1965 nondum
472 1933 581 1964 natus
608 1939 657 1965 cx
681 1927 850 1978 virgine,
878 1933 1027 1978 patrem
1053 1925 1165 1965 deum
1192 1926 1338 1966 habere
1362 1928 1490 1980 potuit

157 1986 238 2023 sine
265 1983 418 2022 homine
445 1991 585 2030 matre,
625 1997 748 2036 aeque
776 1997 861 2022 cum
887 1982 935 2022 de
962 1985 1112 2036 virgine
1138 1991 1387 2032 nasceretur,
1420 1998 1488 2037 po-

156 2043 228 2079 tuit
253 2048 412 2079 matrem
438 2041 582 2080 habere
609 2041 820 2089 hominem,
852 2042 934 2080 sine
961 2041 1115 2081 homine
1141 2049 1265 2095 patre.
1329 2040 1396 2080 Sic
1422 2040 1492 2082 de-

157 2100 271 2150 nique
298 2099 411 2137 homo
440 2112 523 2137 cum
550 2098 645 2146 deo,
685 2098 772 2137 dum
805 2112 896 2138 caro
929 2099 1093 2139 hominis
1126 2113 1211 2139 eum
1242 2100 1379 2152 spiritu
1404 2097 1489 2148 dei;

159 2170 250 2195 caro
277 2158 359 2195 sine
385 2157 530 2195 semine
557 2170 607 2195 ex
631 2157 805 2204 homine,
845 2157 1001 2209 spiritus
1034 2170 1118 2196 cum
1150 2158 1296 2197 semine
1323 2170 1373 2197 ex
1398 2155 1487 2196 deo.

157 2214 279 2266 Igitur
304 2215 335 2252 si
361 2215 433 2252 fuit
459 2213 663 2266 dispositio
690 2215 852 2253 rationis
877 2227 994 2266 super
1018 2215 1136 2254 filium
1162 2214 1225 2254 dei
1256 2227 1307 2255 ex
1337 2215 1490 2267 virgine

156 2270 447 2323 pr6ferendum‚
488 2284 557 2311 cur
587 2285 664 2310 non
696 2284 745 2311 ex
776 2273 924 2324 virgine
956 2273 1158 2325 acceperit
1188 2286 1349 2326 corpus,
1388 2270 1490 2324 quod

251 2445 286 2484 1)
312 2445 368 2476 Sic
391 2445 485 2486 Rig.;
515 2445 606 2477 Gel.:
644 2446 848 2477 incursus
882 2447 1009 2488 Adae,
1046 2446 1156 2478 unde
1189 2444 1394 2476 Christus
1420 2447 1488 2476 etc.

159 2489 266 2521 Rhen.
293 2491 344 2522 ed.
367 2491 391 2522 1.
419 2491 498 2522 inc.
532 2491 718 2522 nominis
749 2493 796 2522 ad
828 2493 1004 2524 eundem
1024 2492 1258 2530 Christum,
1291 2489 1416 2522 Adam
1441 2491 1491 2520 ab

160 2543 219 2572 ap.
246 2536 310 2567 etc.
418 2535 452 2576 2)
481 2537 588 2569 Rhen.
616 2547 703 2569 corr.
729 2539 944 2580 eraderet,
971 2538 1006 2569 in
1026 2538 1078 2570 erl.
1102 2536 1129 2569 l.
1151 2536 1361 2569 redderet.
1456 2534 1490 2575 3)

158 2579 306 2656 Praettert
330 2581 435 2614 Rhen.
468 2584 519 2616 ed.
552 2585 577 2614 1.
610 2586 643 2615 et
674 2584 866 2616 semlerum
893 2585 988 2616 editt.
1014 2592 1149 2615 omnes:
1189 2591 1292 2615 earo
1326 2581 1365 2613 ei
1397 2581 1490 2613 nola

162 2634 228 2656 era
274 2636 290 2656 e
311 2636 338 2658 c.
