1604 2800
163 200 229 237 ὅθ
486 197 611 229 ADV.
654 196 1164 229 VALENTINIANOS.

163 293 346 344 Alioquin
374 290 603 341 Demiurgus
629 287 728 328 adeo
755 301 882 327 rerum
908 303 984 327 non
1012 296 1096 327 erat
1123 301 1300 340 compos,
1339 287 1388 327 de
1414 290 1496 328 ani-

164 350 324 390 malibus
357 349 509 387 scilicet
541 360 658 386 censu
690 345 950 386 invalitudinis
983 347 1172 399 spiritalia
1205 344 1418 394 accedere,
1457 353 1499 385 ut

165 422 205 448 se
233 408 353 446 solum
381 413 486 444 ratus
514 406 833 444 concionaretur:
879 417 954 456 ego
981 404 1076 443 deus
1102 411 1141 442 et
1167 404 1311 456 absque
1337 416 1396 443 me
1423 416 1500 442 non

166 474 237 505 est.
260 467 295 512 ¹)
359 464 476 503 Certe
504 471 630 502 tamen
657 476 731 501 non
760 463 876 501 fuisse
903 475 944 501 se
971 470 1077 501 retro
1105 461 1266 500 sciebat.
1329 461 1435 513 Ergo
1462 468 1503 500 et

166 526 308 563 factum
341 522 584 573 intelligebat
616 528 655 560 ct
685 521 946 560 factitatorem
978 521 1071 559 facti
1104 533 1190 559 esse
1223 531 1499 572 quemcunque.

168 579 369 630 Quomodo
397 593 492 631 ergo
520 580 623 617 solus
649 579 720 618 sibi
748 577 969 624 videbatur,
1009 585 1049 616 et
1080 579 1111 616 si
1139 591 1214 616 non
1242 585 1390 624 certus,
1427 577 1503 615 sal-

170 642 231 678 tim
260 646 460 690 suspectus
487 636 535 675 de
562 638 689 688 aliquo
716 637 967 675 factitatore?
1414 637 1421 643 '

285 700 352 738 22.
401 695 662 734 Tolerabilior
692 695 849 733 infamia
880 701 940 733 est
969 692 1070 746 apud
1108 693 1194 732 illos
1226 694 1263 732 in
1296 691 1502 739 diabolum,

170 755 232 792 vel
259 754 347 804 quia
374 754 485 803 origo
512 751 710 790 sordidior
741 753 863 803 capit;
903 764 952 790 ex
983 752 1153 803 nequitia
1185 752 1285 789 enim
1317 751 1506 789 moeroris

171 812 271 849 illius
299 809 517 861 deputatur,
546 821 595 847 ex
620 812 693 860 qua
719 809 944 859 angelorum
971 815 1011 846 et
1031 807 1258 846 daemonum
1281 815 1320 847 et
1341 808 1506 846 omnium

173 868 399 919 spiritalium
432 866 660 904 malitiarum
694 867 891 916 genituras
922 872 1069 903 notant.
1132 864 1182 902 Et
1213 872 1340 903 tamen
1373 864 1508 904 diaho-

175 927 248 964 lum
277 937 426 976 quoque
455 936 549 975 opus
575 922 774 974 Demiurgi
801 922 1006 969 affirmant,
1046 930 1086 961 et
1116 921 1447 961 Munditenentem
1467 923 1507 970 2)

174 983 371 1035 appellant
397 989 435 1019 et
461 982 699 1032 superiorum
727 982 848 1032 magis
874 993 1033 1032 gnarum
1061 979 1291 1025 defendunt,
1333 986 1371 1017 ut
1397 980 1509 1031 spiri-

175 1041 289 1079 talem
318 1046 465 1085 natura,
494 1052 602 1090 quam
631 1037 892 1089 Demiurgum,
919 1045 960 1076 ut
985 1038 1200 1075 animalem.
1262 1036 1437 1076 Meretur
1462 1037 1508 1075 ab

178 1099 251 1136 illis
278 1097 580 1149 praelationem,
609 1097 669 1134 cui
697 1109 829 1134 omnes
855 1096 1039 1134 haereses
1065 1101 1334 1146 procurantur.

291 1158 359 1196 23.
412 1152 668 1205 Singularium
702 1161 827 1192 autem
860 1159 1092 1205 potestatum
1124 1165 1237 1191 arces
1274 1152 1336 1191 his‘
1372 1152 1509 1191 finibus

180 1213 389 1252 collocant.
452 1211 493 1250 In
520 1213 672 1250 summis
699 1211 975 1250 summitatibus
1001 1209 1216 1263 praesidet,
1249 1210 1510 1257 Tricenarius,

177 1270 373 1316 Pleroma,
414 1268 520 1307 Horo
559 1270 735 1320 signante
775 1269 913 1308 lineam
951 1276 1182 1316 extremam,
1222 1268 1382 1307 inferius
1408 1268 1511 1307 illum

179 1335 345 1367 metatur
370 1326 616 1365 medietatem
632 1326 862 1374 Achamoth,
891 1326 1007 1365 filium
1035 1326 1203 1365 calcans.
1250 1324 1393 1365 Subest
1411 1327 1510 1365 enim

179 1386 411 1436 Demiurgus
438 1385 475 1422 in
504 1383 752 1422 Hebdomade
780 1398 866 1430 sua,
894 1385 1014 1435 magis
1041 1383 1236 1431 diabolus,
1277 1385 1314 1422 in
1340 1385 1416 1422 isto
1443 1397 1512 1422 no-

179 1444 326 1482 biscum
355 1443 543 1480 communi
570 1440 729 1487 mundo,
769 1442 1052 1479 coelementato
1080 1448 1119 1479 et
1145 1441 1513 1494 concorporificato,

181 1508 224 1539 ut
262 1512 376 1551 supra
414 1497 557 1537 editum
595 1506 672 1545 est,
712 1511 761 1536 ex
788 1497 957 1550 Sophiae
990 1499 1200 1536 utilissimis
1234 1499 1403 1546 casibus,
1443 1513 1513 1552 qua

183 1571 257 1596 nec
284 1559 413 1595 ae'rem
441 1556 605 1594 haberet
630 1554 903 1608 reciprocandi
935 1556 1091 1607 spiritus
1123 1557 1303 1607 spatium,
1342 1563 1515 1594 teneram

185 1616 350 1654 omnium
378 1626 581 1666 corporum
610 1621 765 1660 vestem,
795 1614 967 1652 colorum
995 1614 1158 1651 omnium
1187 1611 1367 1660 indicem,
1402 1626 1517 1665 orga-

185 1687 271 1712 num
299 1680 526 1723 temporum,
554 1672 584 1709 si
612 1685 687 1709 non
714 1678 754 1709 et
780 1672 890 1710 istum
918 1670 1087 1722 Sophiae
1115 1671 1307 1709 moestitia
1336 1671 1516 1716 colasset,

185 1733 286 1770 sicut
317 1730 496 1768 animalia
534 1736 675 1776 metus,
715 1730 815 1768 sicut
846 1729 1050 1767 conversio
1083 1729 1166 1767 eius
1192 1729 1314 1780 ipsum
1341 1727 1519 1768 Demiur-

187 1803 287 1841 gum.
351 1787 418 1825 His
451 1787 623 1825 omnihus
656 1787 857 1825 elementis
888 1793 1002 1838 atque
1029 1785 1259 1838 corporibus
1284 1786 1384 1838 ignis
1410 1787 1520 1825 infla-

186 1847 351 1885 bellatus
378 1851 448 1891 est,
478 1846 584 1884 cuius
611 1844 839 1895 originalem
855 1842 1025 1896 Sophiae
1051 1845 1282 1896 passionem,
1311 1844 1399 1896 quia
1425 1857 1519 1883 non·-

190 1904 275 1942 dum
303 1901 525 1950 ediderunt,
565 1915 639 1954 ego
666 1903 816 1941 interim
844 1902 1146 1954 argumentabor
1170 1902 1413 1940 motiunculis
1439 1903 1521 1941 eius

191 1974 404 2001 excussum.
468 1959 615 1998 Credas
647 1961 745 1998 enim
779 1961 879 1998 illam
908 1961 945 1998 in
971 1960 1088 1999 tantis
1112 1959 1380 1999 vexationibus
1407 1960 1519 1998 etiam

191 2019 448 2058 febricitasse.

309 2079 376 2117 24.
429 2074 520 2113 Cum
547 2075 637 2113 talia
665 2074 712 2114 de
740 2075 813 2114 deo
839 2077 900 2115 vel
927 2075 975 2115 de
1002 2075 1094 2123 diis,
1134 2075 1260 2127 qualia
1292 2073 1340 2113 de
1367 2074 1521 2112 homine

196 2135 400 2187 figmenta?
459 2132 615 2171 Molitus
648 2134 748 2172 enim
782 2133 956 2172 mundum
989 2134 1219 2184 Demiurgus
1250 2131 1297 2171 ad
1332 2132 1520 2171 hominem

195 2206 326 2232 manus
365 2192 536 2237 confert,
575 2198 615 2229 et
651 2190 898 2230 substantiam
932 2193 968 2231 ei
1001 2192 1105 2244 capit
1142 2204 1218 2229 non
1251 2203 1299 2230 ex
1336 2191 1427 2240 ista,
1466 2190 1523 2227 in-

196 2252 345 2302 quiunt,
385 2248 511 2295 arida,
552 2261 660 2301 qua-m
699 2262 767 2287 nos
805 2250 956 2288 unicam
994 2250 1166 2288 novimus
1203 2255 1359 2294 terram,
1400 2248 1521 2299 (quasi

196 2322 290 2354 non,
331 2308 401 2346 etsi
435 2305 542 2344 arida
577 2305 835 2358 postmodum,
875 2307 999 2346 adhuc
1032 2314 1158 2347 tamen
1183 2313 1274 2344 tunc
1300 2306 1408 2357 aquis
1434 2311 1523 2343 ante

197 2366 413 2417 segregatis
440 2365 644 2416 superstite
673 2365 761 2402 limo
789 2366 1032 2413 siccaverit,)
1060 2363 1128 2403 sed
1155 2377 1203 2404 ex
1228 2362 1409 2402 invisibili
1437 2374 1524 2400 cor-

199 2436 291 2473 pore
319 2422 504 2461 materiae
532 2422 645 2469 illius,
669 2423 826 2460 scilicet
850 2423 1156 2475 philosophicae,
1184 2420 1231 2460 de
1257 2421 1377 2473 fluxili
1402 2425 1443 2458 et
1466 2418 1525 2457 fu-

200 2481 259 2516 sili
287 2481 385 2525 eius,
414 2478 514 2531 quod
542 2479 639 2518 unde
667 2480 800 2527 fuerit,
830 2479 927 2519 haud
956 2493 1053 2532 queo
1080 2481 1297 2524 aestimare,
1325 2478 1412 2528 quia
1438 2489 1526 2515 nus-

296 2603 332 2645 1)
362 2607 421 2635 les.
438 2608 492 2644 45,
508 2609 537 2637 5.
635 2608 671 2647 2)
698 2607 783 2646 Eph.
795 2610 826 2644 ὃ,
841 2609 895 2638 12,
