1566 2808
145 174 211 213 18
294 175 368 207 DE
402 175 1033 208 PBAESCRIPTIONIRUS
1069 174 1322 208 HAERET.

148 282 260 308 unum
294 268 452 307 verbum
492 269 593 315 eius,
631 268 712 307 sine
750 268 878 307 fructu
917 270 955 306 in
988 267 1120 306 abdito
1158 269 1471 318 reservarent¹).

149 327 234 378 lpse
261 325 429 364 docebat
462 326 658 364 lucernam
684 339 759 363 non
785 326 853 365 sub
881 326 1045 364 modium
1072 324 1294 375 abstrudi2)
1329 325 1471 373 solere,

148 383 217 423 sed
248 384 286 421 in
331 382 603 422 candelabrum
636 384 837 430 constitui,
888 390 930 422 ut
962 384 1090 422 luceat
1122 383 1294 421 omnibus
1334 384 1396 435 qui
1434 384 1474 421 in

149 440 262 479 domo
294 447 393 479 sunt.
455 440 561 479 Haec
587 441 751 492 apostoli
777 448 843 478 aut
868 441 1123 492 neglexerunt
1147 447 1212 478 aut
1237 441 1388 479 minime
1415 442 1472 479 in-

151 498 398 544 tellexerunt,
432 498 463 535 si
489 511 565 535 non
597 497 918 549 adimpleverunt,
945 497 1229 536 abscondentes
1255 497 1399 550 aliquid
1425 497 1473 537 de

148 557 308 602 lumine,
346 554 386 593 id
412 562 470 593 est
508 554 569 593 dei
594 555 734 601 verbo,
768 554 815 594 de
849 555 991 594 Christi
1023 562 1279 593 sacramento.
1340 554 1474 594 Nemi-

148 626 253 660 nem,
281 611 382 664 quod
409 613 510 659 scio,
536 613 789 659 verebantur,
817 626 892 650 non
920 611 1148 651 Iudaeorum
1172 613 1260 659 vim,
1287 626 1363 650 non
1389 612 1474 652 eth-

148 671 341 718 nicorum3
369 683 442 722 quo
470 671 590 721 magis
615 671 744 721 utique
771 671 809 708 in
835 671 1004 709 eeclesia
1031 670 1152 708 libere
1179 668 1472 722 praedicabant,

148 728 212 779 qui
248 728 287 766 in
325 728 535 779 synagogis
573 734 612 765 et
649 728 687 765 in
725 728 822 766 locis
859 727 1023 779 publicis
1060 741 1136 765 non
1170 727 1370 775 tacebant3
1397 728 1474 766 imo

148 797 272 837 neque
311 783 475 823 Iudaeos
526 791 754 823 convertere
799 798 922 836 neque
960 785 1136 823 ethnicos
1179 783 1364 827 inducere
1401 797 1475 835 po-

147 843 321 889 tuissent,
347 843 419 880 nisi
446 841 547 893 quod
573 841 681 880 credi
706 842 753 880 ab
774 844 829 880 eis
843 842 1036 889 volebant,
1064 841 1198 880 ordine
1214 849 1473 894 exponerent3

147 900 265 946 multo
302 900 423 950 magis
456 900 531 937 iam
570 898 817 938 credentibus
851 900 1030 938 ecclesiis
1062 900 1154 938 nihil
1181 899 1473 946 subtraxissent,

148 956 249 1009 quod
286 957 370 995 aliis
407 957 540 1008 paucis
578 970 750 995 seorsum
788 956 1084 1005 demandarent3
1125 970 1361 1008 quamquam,
1401 957 1475 995 etsi

148 1012 334 1061 quaedam
359 1015 462 1047 inter
487 1013 740 1054 domesticos,
767 1021 808 1048 ut
834 1015 882 1049 ita
912 1014 1086 1052 dixerim,
1115 1013 1370 1054 disserebant,
1397 1025 1475 1046 non

147 1073 273 1104 tamen
306 1078 353 1100 ea
384 1066 500 1100 fnisse
528 1064 761 1100 credendum
794 1069 869 1109 est,
904 1076 1000 1114 quae
1033 1064 1144 1102 aliam
1177 1064 1350 1114 regulam
1383 1063 1476 1104 fidei

147 1118 471 1171 superducerent,
510 1118 699 1157 diversam
739 1126 778 1158 et
815 1121 1047 1158 contrariam
1080 1121 1155 1167 illi,
1196 1134 1305 1172 quam
1338 1121 1475 1160 catho-

147 1177 222 1215 lice
237 1177 274 1225 3)
307 1177 347 1214 in
372 1175 537 1213 medium
563 1176 831 1227 proferebant,
871 1184 911 1215 ut
942 1178 1055 1215 alium
1091 1177 1201 1216 deum
1233 1179 1272 1216 in
1304 1179 1474 1218 ecelesia

147 1233 344 1280 dicerent,
389 1233 503 1271 alium
535 1234 574 1271 in
605 1233 790 1284 hospitio,
835 1241 875 1272 et
905 1235 1018 1273 aliam
1051 1235 1194 1273 Christi
1225 1235 1474 1275 substantiam

147 1291 397 1342 designarent
421 1291 459 1327 in
485 1297 640 1342 aperto,
669 1292 781 1329 aliam
807 1292 846 1329 in
872 1299 1046 1340 secreto,
1074 1300 1114 1331 et
1138 1293 1252 1331 aliam
1279 1306 1384 1346 spem
1410 1306 1474 1334 re—
1536 1290 1539 1291 ⁷

147 1349 398 1387 surrectionis
424 1347 524 1398 apud
557 1361 688 1386 omnes
714 1348 1003 1396 adnuntiarent,
1036 1350 1149 1388 aliam
1182 1349 1281 1401 apud
1311 1364 1472 1402 paucos,

147 1418 231 1444 cum
269 1405 341 1456 ipsi
380 1404 681 1454 observarent4)
720 1406 758 1443 in
784 1407 958 1457 epistolis
996 1408 1084 1454 suis,
1122 1414 1164 1445 ut
1200 1407 1238 1445 id
1276 1408 1396 1459 ipsum
1433 1415 1474 1448 et

146 1476 259 1501 unum
292 1462 542 1513 loquerentur
567 1475 716 1510 omnes,
751 1469 791 1501 et
823 1476 899 1500 non
931 1471 1062 1502 essent
1093 1465 1299 1503 schismata
1331 1472 1371 1504 et
1396 1464 1473 1505 disf-

146 1520 347 1558 sensiones
370 1520 416 1557 ‘in
449 1519 616 1558 ecclesia
631 1521 689 1568 ⁵),
723 1521 811 1571 quia
843 1521 922 1559 sive
955 1521 1093 1560 Paulus
1126 1523 1206 1560 sive
1237 1522 1303 1561 alii
1335 1522 1472 1564 eadem

145 1575 431 1629 praedicarent.
481 1576 663 1628 Alioquin
691 1578 960 1616 meminerant:
995 1581 1045 1617 sit
1070 1593 1195 1618 sermo
1223 1587 1370 1619 vester:
1398 1588 1470 1628 est,

146 1642 223 1681 est,
250 1647 346 1681 non,
373 1647 467 1681 non,
496 1634 597 1686 quod
629 1635 807 1686 amplius,
842 1635 916 1674 hoc
942 1650 964 1674 a
989 1637 1090 1675 malo
1124 1644 1183 1676 est
1195 1637 1253 1683 ⁶),
1291 1651 1340 1677 ne
1367 1633 1472 1677 scili-

146 1698 211 1730 cet
235 1692 475 1742 evangelium
501 1693 539 1729 in
566 1691 787 1730 diversitate
814 1699 1041 1732 tractarent.

260 1751 328 1790 27.
380 1747 422 1787 Si
454 1762 549 1799 ergo
576 1749 804 1788 incredibile
837 1757 913 1797 est,
947 1752 1008 1790 vel
1040 1752 1241 1803 ignorasse
1273 1752 1472 1804 apostolos

144 1805 418 1858 plenitudinem
433 1806 735 1858 praedicationis
759 1808 821 1845 vel
846 1821 922 1845 non
948 1821 1098 1847 omnem
1124 1808 1296 1848 ordinem
1309 1810 1472 1861 regulae

146 1863 318 1914 omnibus
344 1863 530 1911 edidisse,
566 1864 774 1912 videamus,
808 1878 855 1904 ne
882 1866 983 1904 forte
1015 1868 1180 1918 apostoli
1207 1866 1365 1918 quidem
1383 1868 1472 1906 sim-

143 1921 300 1972 pliciter
330 1927 370 1958 et
394 1922 526 1972 plene,
561 1923 753 1961 ecclesiae
786 1930 911 1961 autem
945 1937 1013 1962 suo
1038 1925 1133 1962 vitio
1165 1925 1279 1962 aliter
1303 1937 1471 1976 accepe-

143 1978 233 2024 rint,
261 1991 370 2029 quam
396 1979 562 2030 apostoli
588 1980 849 2031 proferebant.
907 1980 1040 2019 Omnia
1066 1983 1138 2020 ista
1164 1981 1471 2033 scrupulositatis

143 2036 392 2073 incitamenta
417 2037 588 2075 invenias
619 2037 821 2089 praetendi
847 2038 894 2076 ab
921 2039 1142 2077 haereticis.
1182 2038 1355 2077 'Tenent
1381 2052 1470 2078 cor-

143 2099 275 2145 reptas
300 2092 347 2131 ab
375 2095 551 2145 apostolo
579 2096 787 2134 ecclesias:
827 2110 849 2133 o
876 2097 1062 2135 insensati
1091 2096 1264 2143 Galatae,
1293 2097 1375 2148 quis
1399 2090 1471 2136 vos·

143 2150 423 2200 fascinavit⁷)?
448 2159 505 2189 et:
533 2159 609 2190 tam
636 2153 733 2191 bene
762 2153 989 2201 currebatis,
1019 2155 1100 2205 quis
1125 2167 1194 2193 vos
1219 2153 1472 2206 impedimur
1506 2174 1518 2185 ·

143 2208 340 2260 ipsumque
372 2210 619 2261 principium:
652 2212 792 2257 miror,
821 2210 921 2262 quod
953 2213 1008 2249 sic
1045 2219 1119 2249 tam
1155 2212 1234 2250 cito
1269 2211 1471 2250 transferi-

143 2265 234 2302 mini
266 2265 313 2304 ab
340 2278 407 2313 e0,
441 2268 504 2319 qui
533 2281 601 2306 vos
617 2268 653 2316 ⁹)
686 2269 841 2306 vocavit
873 2269 910 2306 in
944 2270 1089 2320 gratia,
1123 2268 1172 2307 ad
1211 2267 1315 2308 aliud
1353 2281 1468 2308 evan-

236 2424 272 2463 1)
287 2429 372 2460 Luc.
387 2429 442 2467 19,
459 2430 514 2460 20,
563 2430 601 2469 2)
617 2429 723 2460 Rhen.
737 2430 788 2460 ed.
803 2431 826 2459 ¹.
850 2433 925 2462 sub
951 2430 1091 2474 modio
1115 2429 1296 2461 obstrui.
1346 2426 1380 2468 3)
1393 2429 1467 2470 Rig.

143 2481 162 2501 e
188 2482 267 2504 mss.
295 2475 552 2506 catholicae.
601 2475 639 2518 4)
666 2476 792 2510 Pamel.
808 2479 841 2507 et
856 2477 928 2516 Rig.
955 2478 1248 2508 obsecrarent.
1299 2474 1466 2514 5)1cor.

145 2519 176 2554 1,
204 2519 259 2547 10.
378 2521 414 2560 e)
442 2522 566 2553 niatth.
595 2524 630 2563 5,
660 2524 711 2553 37.
831 2522 869 2565 τ)
895 2523 968 2553 Gal.
995 2523 1031 2563 3,
1058 2524 1090 2554 1.
1207 2519 1245 2563 8)
1271 2519 1344 2552 eal.
1371 2522 1408 2561 5,
1436 2522 1455 2551 τ

145 2562 179 2600 9)
203 2564 276 2604 Rig.
302 2574 412 2596 suos.
1040 2574 1043 2575 ⁷
