1604 2800
629 217 702 248 DE
737 217 933 247 AN1MA.
1355 218 1450 256 ,ις

124 322 252 350 merus
270 310 308 348 in
327 322 475 361 pavum,
502 322 578 347 non
597 309 821 348 honoratus.
836 311 875 362 ¹)
911 309 999 348 Plus
1019 308 1066 348 de
1086 309 1207 348 seculi
1226 322 1449 351 remunera-

124 369 230 406 tione
244 366 438 418 gaudebit,
452 373 564 419 pater
576 366 726 405 habitus
741 367 953 406 liberalium
969 366 1266 420 disciplinarum,
1289 376 1329 407 ut
1343 370 1450 408 malit

115 425 248 464 *famae
262 437 353 464 suae
368 431 603 472 ornamenta,
630 438 739 476 quam
761 423 973 475 caudae.2)
1010 423 1096 476 Age
1116 437 1229 472 nunc,
1255 433 1296 464 ut
1307 429 1448 478 poe'tae

123 483 162 520 in
198 495 317 535 pavos
353 482 414 521 vel
450 483 489 520 in
527 495 671 534 cycnos
708 489 923 529 transeant,
968 483 999 520 si
1035 482 1096 521 vel
1134 483 1267 534 cycnis
1305 482 1449 523 decora

122 553 200 578 vox
235 546 319 587 est,
358 538 459 591 quod
495 540 633 578 animal
670 538 806 578 indues
842 541 924 578 viro
956 540 1054 578 iusto
1086 537 1295 590 Aeaeow)
1339 554 1450 592 quam

121 596 282 636 bestiam
319 598 495 648 integrae
526 597 691 635 feminae
723 596 890 635 Didoni?
933 610 1040 649 quam
1073 596 1268 636 volucrem
1299 598 1450 649 patien-

122 655 195 701 tia,
233 667 343 706 quam
369 653 556 707 pecudem
588 655 859 701 sanctimonia,
898 667 1007 706 quem
1045 654 1190 706 piscem
1227 656 1451 693 innocentia

122 712 357 750 sortientur?
405 711 538 750 Omnia
576 712 716 750 famula
753 718 840 749 sunt
874 712 1060 759 hominis,
1099 712 1225 749 omnia
1261 711 1448 759 subiecta,

124 769 252 807 omnia
276 769 506 820 mancipata.
557 766 599 806 Si
625 767 714 820 quid
739 768 873 806 horum
899 769 1047 806 futurus
1072 775 1150 815 est,
1189 767 1452 807 deminoratur

121 825 203 864 illic
233 825 318 872 ille,
357 826 418 863 cui
450 825 498 863 ob
525 826 661 863 merita
695 826 797 863 vitae
835 826 1040 875 imagines,
1078 831 1227 863 statuae
1265 832 1305 863 et
1336 826 1449 872 tituli,

121 876 291 920 honores
333 881 500 934 publici,
545 882 749 933 privilegia
790 881 1075 933 rependuntur,
1120 883 1181 920 cui
1219 883 1350 930 curia,
1389 883 1452 921 cui

121 939 284 992 populus
320 938 512 989 suffragiis
537 939 718 977 immolat.
771 938 800 976 Ο
827 938 971 977 iudicia
1008 938 1132 976 divina
1171 947 1258 990 post
1289 947 1451 977 mortem

121 996 295 1036 humanis
319 995 615 1044 mendiciora,4)
644 995 947 1047 contemptibilia
972 995 1019 1033 de
1045 996 1194 1046 poenis,
1226 995 1451 1034 fastidibilia

123 1052 172 1092 de
203 1054 357 1105 gratiiS,
396 1065 492 1103 quae
523 1065 595 1090 nec
627 1049 779 1103 pessimi
811 1049 983 1089 metuant
1012 1064 1085 1089 nee
1117 1049 1249 1102 optimi
1282 1054 1449 1103 cupiant,

123 1108 173 1149 ad
202 1122 301 1162 quae
332 1109 454 1160 magis
484 1109 658 1155 scelesti,
696 1121 805 1160 quam
842 1109 962 1146 sancti
1002 1108 1139 1159 quique
1177 1108 1449 1159 properabunt,

124 1167 198 1214 illi,
229 1174 272 1205 ut
301 1167 482 1205 iustitiam
509 1166 628 1204 seculi
656 1167 766 1203 citius
792 1163 974 1210 evadant,
1005 1165 1091 1211 isti,
1124 1171 1166 1202 ut
1197 1163 1341 1202 tardius
1366 1177 1450 1203 eam

125 1225 294 1276 capiant.
357 1222 463 1262 Bene
488 1222 705 1274 philosophi
731 1221 894 1267 docetis,
923 1221 1070 1260 utiliter
1094 1220 1275 1268 suadetis,
1303 1221 1451 1260 leviora

122 1288 213 1334 post
235 1287 396 1319 mortem
422 1280 608 1332 supplicia
638 1279 699 1318 vel
730 1280 918 1331 praemia,
951 1292 1054 1325 cum,
1086 1279 1117 1316 si
1144 1278 1242 1331 quod
1269 1278 1450 1316 iudicium

124 1339 269 1377 animas
298 1345 444 1384 manet,
482 1338 634 1388 gravius
666 1335 806 1375 debeat
837 1335 942 1375 credi
969 1337 1006 1374 in
1038 1335 1303 1387 dispunctione
1322 1336 1449 1382 ‘vitae,

124 1409 233 1448 quam
259 1396 297 1434 in
323 1394 665 1440 administratione,
699 1395 786 1445 quia
810 1394 902 1431 nihil
927 1393 1088 1445 plenius,
1121 1406 1229 1444 quam
1257 1391 1356 1444 quod
1383 1405 1452 1430 ex-

123 1453 300 1500 tremius,
338 1452 430 1490 nihil
462 1458 587 1490 autem
619 1451 785 1502 plenius,
825 1463 934 1502 quam
967 1449 1067 1501 quod
1099 1448 1274 1488 divinius.
1347 1449 1451 1487 Deus

122 1512 252 1563 itaque
293 1508 479 1548 iudicabit
513 1509 687 1561 plenius,
738 1508 826 1560 quia
868 1508 1075 1546 extremius
1109 1519 1181 1559 per
1222 1507 1452 1545 sententiam

122 1568 319 1607 aeternam
345 1573 420 1605 tam
446 1566 622 1618 supplicii
648 1578 757 1618 quam
781 1565 996 1616 iefrigerii,
1027 1576 1101 1602 nec
1125 1564 1164 1602 in
1188 1564 1349 1610 bestias,
1382 1562 1451 1601 sed

121 1626 161 1664 in
185 1622 452 1676 sua‘corpora
483 1623 766 1662 revertentibus
797 1621 1007 1660 animabus,
1081 1620 1132 1658 Et
1161 1620 1235 1658 hoc
1268 1620 1385 1658 semel
1411 1627 1452 1657 et

121 1683 162 1721 in
186 1695 272 1721 eum
297 1677 417 1726 diem,
457 1693 566 1731 quem
603 1680 706 1717 solus
736 1685 849 1729 pater
877 1677 1002 1722 novit,
1041 1683 1082 1714 ut
1110 1675 1276 1727 pendula
1312 1688 1451 1727 exspe-

124 1739 294 1777 ctatione
321 1735 539 1774 sollicitudo
567 1734 657 1773 fidei
681 1735 884 1786 probetur,
917 1745 1070 1784 semper
1100 1731 1198 1770 diem
1226 1732 1447 1778 observans,

124 1794 210 1834 dum
235 1805 388 1845 semper
412 1794 578 1843 ignorat,
607 1789 776 1842 quotidie
803 1791 952 1835 timens,
979 1787 1078 1840 quod
1104 1787 1274 1840 quotidie
1299 1795 1444 1840 sperat.

237 1853 306 1892 34.
321 1850 360 1901 ⁵)
418 1848 532 1887 Nulla
565 1846 714 1899 quidem
741 1846 788 1885 ad
814 1845 1038 1884 hodiernum
1071 1844 1287 1884 dementiae
1319 1845 1448 1883 huius-

123 1907 226 1948 modi
251 1907 441 1946 sententia
466 1905 592 1956 erupit
616 1903 684 1942 sub
709 1902 862 1942 nomine
888 1903 1106 1949 haeretico,
1139 1915 1235 1954 quae
1266 1902 1448 1940 humanas

123 1967 269 2004 animas
299 1964 464 2015 refingat
494 1963 532 2001 in
564 1961 719 2000 bestias.
793 1959 870 1999 Sed
903 1961 1122 1999 necessarie
1159 1959 1257 1998 hanc
1297 1971 1446 2011 quoque

123 2023 290 2076 speciem
305 2022 496 2060 intulimus
516 2026 555 2057 et
575 2018 802 2057 exclusimus
820 2024 862 2055 ut
880 2017 1141 2070 superioribus
1157 2015 1446 2063 cohaerentem,

124 2093 198 2132 quo
223 2077 383 2131 perinde
409 2079 447 2116 in
472 2089 569 2128 pavo
594 2074 819 2114 tunderetur
832 2074 1032 2122 Homerus,
1058 2074 1157 2112 sicut
1175 2074 1212 2111 in
1227 2073 1448 2125 Pythagora

123 2135 369 2188 Euphorbus,
413 2141 526 2186 atque
557 2134 611 2172 ita
639 2132 711 2171 hac
742 2133 855 2171 etiam
885 2128 1173 2186 μετἐμᾳωχοόσει
1209 2132 1288 2169 sive
1324 2144 1446 2182 μετεν·

218 2333 254 2372 1)
270 2333 320 2363 Cf.
335 2331 393 2361 lib.
409 2331 449 2360 de
462 2338 589 2360 resurr.
605 2328 718 2360 carnis
733 2338 760 2359 c.
774 2330 806 2359 1.
877 2326 911 2368 2)
924 2328 999 2360 Gel.
1014 2328 1047 2357 et
1060 2326 1171 2357 Pam.:
1198 2332 1314 2363 quam
1339 2332 1416 2364 gau
1427 2341 1445 2348 -

125 2380 240 2417 deat;
266 2378 447 2408 cod.Urs.:
474 2383 590 2414 quam
612 2374 785 2414 gaudia3
811 2374 1022 2414 cod.Agob.:
1043 2381 1159 2410 quam
1180 2370 1332 2410 gaude3
1357 2370 1445 2408 Lat„

127 2426 219 2456 Ciac.
240 2425 274 2454 et
293 2424 366 2462 Rig.
389 2430 508 2460 quam
534 2421 703 2451 caudae.
806 2420 842 2457 3)
862 2421 913 2449 lta
938 2419 1103 2456 scriptum
1128 2419 1179 2446 est
1200 2416 1235 2445 in
1256 2415 1330 2445 cod.
1349 2415 1444 2451 Urn.;

127 2471 202 2502 cod.
216 2471 337 2510 Agolm
358 2468 404 2499 de
428 2467 542 2504 loco;
568 2467 618 2497 ed.
639 2465 952 2506 Gelen.»Deloco;
978 2464 1029 2495 ed.
1042 2463 1144 2493 Fran.
1163 2461 1359 2491 Deiocae.
1379 2460 1444 2498 (Cf.

125 2516 252 2547 Herod.
276 2518 308 2553 1,
329 2512 401 2557 96.)
496 2514 533 2550 4)
552 2513 643 2542 Pam.
664 2514 698 2542 et
717 2511 836 2541 SemL:
862 2508 1142 2544 mendiciora;
1173 2506 1295 2536 ceteri:
1326 2514 1444 2535 men-

127 2562 312 2593 daciora.
408 2559 443 2598 5)
457 2560 493 2588 ln
509 2558 615 2588 Rhen.
630 2558 663 2587 et
677 2557 748 2587 Gel.
763 2556 835 2587 edd.
849 2555 914 2586 hoe
930 2556 1033 2593 caput
1046 2551 1260 2583 inscribitur:
1285 2551 1310 2581 A
1321 2551 1444 2581 dver-

127 2617 199 2639 sun
224 2606 464 2646 opinionem
492 2603 674 2635 Simonis
699 2601 919 2633 haeretici.
