1598 2794
252 212 329 246 DE
360 209 1000 246 PRAEscRu’TmNtBUs
1035 207 1433 244 HAERET.12

104 305 228 345 solun
257 303 523 358 disputandum
548 311 626 343 est·
671 304 805 356 quibus
838 309 1034 355 competat
1065 300 1195 340 fides
1183 315 1286 353 ipsa,
1325 301 1433 339 cuius

103 360 183 403 εἰιῑ
197 363 426 416 netipmrae,
452 375 475 400 a
496 375 583 414 quo,
611 368 652 400 et
675 375 748 414 per
772 374 879 413 quos,
907 368 947 399 et
971 359 1136 412 quando,
1164 366 1204 398 et
1224 356 1358 411 quibus
1383 359 1433 397 sit

102 418 247 460 hadita
271 418 487 472 disciplina,
514 432 587 471 qua
613 419 707 457 fiunt
722 419 944 457 Christiani.
997 417 1068 456 Ubi
1095 418 1194 455 enim
1210 417 1434 468 apparuerit

101 487 193 519 ute
214 477 416 517 veritatem
442 476 668 528 disciplinae
696 484 737 515 et
762 475 851 514 fidei
873 476 1135 520 Christianae,
1162 475 1240 513 illic
1268 475 1344 513 erit
1365 486 1433 512 ve-

102 532 199 574 fflns
221 535 500 587 scripturarum
525 541 565 573 et
590 535 893 587 expositionum,
927 540 968 571 et
993 534 1158 571 omnium
1183 531 1432 570 traditionum

92 590 421 638 Christianorum.

218 650 287 691 20.
334 649 509 690 Christus
535 648 660 696 Iesus,
698 648 873 687 dominus
898 655 1050 694 noster,
1077 648 1274 699 permittat
1299 623 1431 685 dicere

0 696 38 733 s?
99 706 275 754 interim,
309 708 480 759 quisquis
518 714 594 753 est,
635 711 894 772 cui-uscunque
921 705 983 744 dei
1010 706 1127 750 filius,
1172 706 1431 755 cuiuscunque

100 764 289 803 materiae
307 763 422 802 homo
448 771 487 802 et
506 762 613 810 deus,
642 765 900 815 cuiuscunque
922 762 1011 801 fidei
1030 769 1277 814 praeceptor,
1306 763 1432 800 cuius-

101 824 253 873 cunque
265 820 457 860 mercedis
471 822 740 872 repromissor,
768 820 857 872 quid
883 827 999 866 esset,
1027 819 1116 871 quid
1142 820 1290 865 fuisset,
1319 833 1430 871 quam

98 878 222 931 patris
245 878 482 929 voluntatem
507 878 813 925 administraret,
846 877 937 930 quid
968 877 1113 916 homini
1145 876 1335 928 agendum
1363 876 1431 915 de-

100 936 338 975 terminaret.
396 935 583 984 Quamdiu
619 937 657 973 in
695 937 810 974 terris
847 935 1007 987 agebat,
1046 936 1126 987 ipse
1159 934 1433 987 pronuntiabat

99 993 183 1032 §ive
206 994 350 1046 populo
363 994 488 1045 palam
514 995 595 1044 sive
623 993 860 1032 discentibus
886 1006 1072 1039 seorsum,
1100 1005 1150 1030 ex
1175 992 1309 1045 quibus
1336 991 1431 1030 duo-

37 1083 42 1106 3
87 1048 227 1090 *decim
245 1054 477 1103 praecipuos
503 1052 615 1090 lateri
642 1065 710 1089 suo
737 1052 939 1102 allegerat,
967 1050 1180 1089 destinatos
1213 1050 1431 1088 nationibus

58 1108 317 1160 ‘'magistros.
374 1109 508 1161 Itaque
540 1123 615 1147 uno
647 1122 780 1147 eorum
814 1108 997 1155 decusso,
1036 1109 1207 1164 reliquos
1237 1103 1429 1153 undecim,

92 1164 329 1217 >&egrediens
354 1165 403 1204 ad
427 1173 575 1219 patrem
601 1173 690 1217 post
714 1167 1053 1211 resurrectionem,
1080 1166 1189 1203 iussit
1210 1166 1267 1202 ire
1294 1171 1335 1202 et
1360 1163 1430 1201 do-

54 1262 59 1269 ,
99 1231 194 1262 uere
224 1224 402 1262 nationes
432 1223 637 1275 tingendas
669 1225 706 1261 in
741 1230 890 1274 patrem
922 1230 961 1261 et
992 1224 1029 1260 in
1062 1222 1178 1260 filium
1210 1228 1250 1259 ct
1280 1222 1319 1259 in
1353 1221 1432 1272 spi-

76 1280 213 1318 *ritum
245 1287 418 1319 sanctum
435 1282 485 1329 ¹).
542 1279 678 1319 Statim
705 1281 827 1331 igitur
848 1280 1026 1331 apostoli,
1054 1291 1149 1331 quos
1174 1279 1272 1317 haec
1298 1278 1431 1329 appel-

99 1336 197 1376 latio
219 1338 357 1376 missos
381 1339 673 1390 interpretatur,
706 1337 907 1389 adsumpto
933 1343 1171 1388 persortem
1199 1334 1430 1375 duodecimo

21 1391 36 1398 ”
97 1391 263 1433 Matthia
286 1396 325 1432 in
350 1395 475 1433 locum
502 1394 619 1433 Iudae
646 1407 695 1432 ex
720 1396 954 1433 auctoritate
980 1394 1221 1445 prophetiae,
1249 1405 1346 1444 quae
1372 1398 1432 1430 est

0 1535 16 1607 ἰΓ

0 1651 25 1731 ᾗ

0 1754 13 1780 ῗ

0 1826 14 1893 ἒ

38 1471 43 1474 -
88 1451 140 1493 i·-
161 1451 310 1504 psalmo
335 1451 458 1490 David
473 1452 525 1501 2),
553 1453 754 1490 consecuti
779 1453 1005 1503 promissam
1031 1452 1104 1489 vim
1131 1451 1286 1502 spiritns
1306 1450 1431 1488 sancti

69 1507 150 1550 „ad
173 1509 335 1548 virtutes
360 1516 401 1548 et
425 1510 630 1561 eloquium,
657 1510 780 1560 primo
807 1523 878 1561 per
903 1509 1083 1547 {udaeam
1110 1514 1329 1547 contestata
1355 1507 1430 1545 fide

97 1566 139 1605 in
162 1565 288 1609 Iesum
302 1565 495 1605 Christum
520 1568 700 1605 ecclesiis
726 1568 922 1613 institutis,
949 1565 1090 1605 dehinc
1116 1566 1155 1603 in
1181 1565 1314 1604 orbem
1339 1578 1431 1617 pro-

96 1623 195 1663 fecti
219 1623 382 1663 eandem
408 1623 622 1663 doctrinam
648 1624 819 1663 eiusdem
851 1623 941 1662 fidei
967 1624 1185 1662 nationibus
1211 1623 1431 1676 promulga-

93 1688 249 1721 verunt.
296 1681 349 1720 Et
371 1681 534 1734 proinde
561 1683 750 1721 ecclesias
776 1681 876 1734 apud
901 1694 1203 1734 unamquamque
1231 1681 1429 1719 civitatem

83 1737 376 1786 confiderunt,
414 1753 438 1777 a
475 1740 609 1791 quibus
635 1738 835 1778 traducem
861 1739 951 1777 fidei
989 1746 1029 1777 et
1053 1740 1199 1777 semina
1225 1737 1430 1776 doctrinae

101 1801 261 1835 ceterae
291 1795 431 1835 exinde
464 1797 657 1835 ecclesiae
689 1803 882 1834 mutuatae
914 1803 1001 1834 sunt
1032 1803 1071 1833 et
1103 1794 1275 1846 quotidie
1307 1801 1431 1832 mutu-

98 1859 226 1900 antur,
250 1859 294 1892 ut
317 1854 511 1892 ecclesiae
543 1854 648 1891 fiant.
697 1853 758 1892 Ae
789 1867 862 1905 per
885 1853 960 1892 hoc
992 1860 1032 1891 et
1058 1854 1164 1904 ipsae
1190 1852 1430 1904 apostolicae

0 1905 14 1946 ἰ)
97 1907 386 1964 &putabuntur
414 1917 458 1949 ut
481 1911 637 1949 soboles
668 1911 967 1962 apostolicarum
994 1910 1260 1948 ecclesiarum.
1310 1908 1430 1948 Omne

98 1974 224 2021 genus
248 1967 299 2009 ad
323 1969 512 2020 originem
538 1982 644 2007 suam
670 1975 878 2007 censeatur
901 1980 1063 2006 necesse
1089 1971 1166 2006 est}
1212 1966 1346 2018 Itaque
1371 1973 1431 2005 tot

20 2036 154 2070 ac
171 2032 304 2065 tantae
329 2027 526 2065 ecclesiae
550 2039 624 2064 una
650 2033 711 2064 est
735 2026 802 2064 illa
826 2025 874 2063 ab
900 2025 1087 2077 apostolis
1113 2026 1254 2077 prima,
1281 2037 1331 2063 ex
1356 2037 1430 2076 qua

30 2083 31 2086 ¹
58 2088 247 2126 '‘an-nes
297 2082 364 2123 Sic
403 2097 535 2122 omnes
572 2084 789 2136 primae-⁹⁶)
803 2090 843 2122 et
880 2095 1011 2121 omnes
1043 2083 1302 2135 apostolicae,
1342 2081 1429 2120 dum

0 2147 77 2202 5⁴⁶3ae
98 2148 189 2188 na,
214 2154 347 2180 omnes
377 2142 543 2193 probant
573 2142 771 2180 unitatem.
828 2140 1134 2180 Communicatio
1165 2141 1273 2192 pacis
1298 2146 1339 2178 et
1363 2153 1431 2191 ap-

22 2283 30 2368 ⁴*
39 2364 48 2369 „
101 2310 275 2352 traditio.

101 2197 260 2251 pellatia
290 2199 545 2238 fraternitatis
576 2206 618 2237 et
649 2200 931 2238 contesseratio
945 2200 984 2247 ⁴)
1011 2197 1303 2250 hospitalitatis,
1331 2209 1429 2249 quae

98 2256 190 2294 iun
211 2268 295 2294 non
324 2257 402 2296 alia
430 2258 531 2295 ratio
568 2258 715 2332 regit,
730 2270 840 2309 quam
877 2255 1048 2295 eiusdem
1086 2255 1318 2294 sacramenti
1354 2266 1430 2291 una

218 2373 287 2413 21.
337 2369 436 2423 Hinc
461 2372 580 2422 igitur
597 2371 795 2423 dirigimus
820 2372 1180 2424 praescriptionem,
1207 2383 1239 2407 si
1254 2368 1429 2407 dommus

59 2429 211 2471 103113
235 2427 411 2467 Christus
439 2429 638 2480 apostolos
669 2430 771 2467 misit
800 2428 849 2467 ad
874 2427 1193 2481 praedicandum,
1229 2427 1327 2465 alios
1351 2439 1430 2465 non

98 2479 152 2515 Ὶέέξι,

60 2544 96 2596 *ἶ
118 2546 120 2550 ’
148 2578 152 2579 ⁷
195 2568 234 2608 1)
257 2568 383 2600 Μιιιιι.
411 2569 465 2607 28,
489 2571 543 2600 ιιι.
674 2569 712 2610 2)
737 2568 792 2600 Ρι.
813 2569 891 2609 ιοο,
916 2569 947 2598 8.
996 2569 1071 2598 Act.
1090 2568 1208 2607 Apost.
1235 2569 1267 2607 ι,
1293 2569 1334 2598 15
1355 2577 1426 2607 sqq.

67 2659 69 2661 ι
68 2603 153 2677 Jlssi)
170 2614 252 2646 cod.
276 2615 465 2656 Agabardi:
489 2615 631 2654 prima.
725 2613 764 2658 4)
790 2615 897 2645 Rhen.
924 2614 977 2646 ed.
991 2616 1014 2646 1.
1042 2613 1323 2647 conten-tio.
