1566 2808
0 0 126 85 ἔν’-’,νγ
171 11 183 20 ,

0 149 8 157 >

356 248 480 281 Anv.
514 247 877 280 MARCIONEM
913 246 1089 279 LIBER
1120 247 1175 276 ΙΙΙ.
1328 243 1430 279 138

108 343 211 389 eius,
244 354 387 381 cornua
419 342 617 380 unicornis
650 355 796 380 cornua
822 342 922 386 eius,
955 340 992 378 in
1025 340 1080 378 eis
1106 339 1283 377 nationes
1306 338 1431 375 venti-

108 400 203 438 labit
231 400 378 452 pariter
402 398 450 437 ad
484 413 663 437 summum
690 411 808 451 nsque
835 405 964 436 terrae
980 398 1031 444 ¹).
1081 396 1169 434 Non
1196 396 1326 447 utique
1352 395 1430 432 rhi-

107 469 275 496 noeeros
288 455 552 495 destinabatur
571 458 767 494 unicornis
791 469 879 494 nec
889 457 1124 493 minotaurus
1150 454 1333 498 bicornis,
1361 451 1429 490 sed

109 513 281 553 Christus
313 514 351 552 in
383 514 449 552 illo
482 514 790 564 significabatur,
824 521 956 551 taurus
989 512 1036 550 ob
1068 518 1267 563 utramque
1301 509 1430 562 dispo-

102 571 304 617 sitionem,
330 571 415 609 aliis
440 571 544 609 ferus
575 579 615 609 ut
641 571 775 618 iudex,
808 572 893 609 aliis
925 576 1142 608 mansuetus
1169 576 1209 607 ut
1239 569 1428 614 salvator3

107 624 215 667 euius
248 641 395 667 cornua
426 636 556 667 essent
588 630 714 667 crucis
748 636 940 675 extrema3
981 640 1064 665 nam
1098 633 1138 664 et
1168 627 1205 664 in
1238 632 1428 670 antemna,

107 698 205 739 quae
237 686 363 724 crucis
393 699 483 738 pars
508 693 585 732 est,
624 687 891 724 extremitates
923 697 1069 722 cornua
1101 690 1306 729 vocantur3
1346 683 1429 719 uni-

106 744 235 782 cornis
271 749 398 781 autem
435 742 581 784 medius
618 744 756 794 stipitis
793 743 913 793 palus.
972 741 1053 778 Hac
1086 739 1250 791 denique
1287 740 1428 777 virtute

105 793 234 838 crucis
260 806 300 838 et
324 799 398 838 boe
424 797 531 838 more
559 807 740 837 cornutus
765 800 964 837 universas
990 805 1125 848 gentes
1152 804 1192 836 et
1216 810 1315 835 nunc
1337 809 1430 835 veu-

103 857 191 896 titat
219 869 291 909 per
315 855 446 902 fldem,
484 857 678 895 auferens·
696 870 718 895 a
750 864 854 895 terra
875 857 924 893 in
958 856 1126 902 coelum,
1165 862 1205 894 et
1236 862 1325 893 tunc
1357 867 1428 906 per

103 913 286 953 iudicium
321 914 541 960 ventilabit,
581 913 768 953 deiiciens
806 913 853 952 de
892 914 1003 951 coelo
1041 914 1078 951 in
1116 921 1271 952 terram.
1323 911 1427 950 Idem

105 972 181 1011 erit
205 969 255 1010 e't·
270 971 362 1017 alibi
387 978 518 1010 taurus
544 971 643 1023 apud
669 971 829 1010 eandem
856 972 1101 1022 scripturam,
1136 984 1220 1009 cum
1248 969 1363 1008 Iacob
1380 970 1427 1006 'in

106 1027 324 1068 Simeonem
357 1035 397 1067 et
422 1028 517 1068 Levi
543 1031 797 1081 exporrigens
822 1029 1133 1067 benedictionem
1146 1029 1205 1077 ²),
1241 1027 1279 1065 id
1305 1034 1364 1065 est
1389 1028 1427 1064 in

105 1087 253 1125 scribas
284 1093 325 1125 et
349 1086 592 1138 pharisaeos,
623 1092 688 1134 (cx
713 1088 787 1125 illis
814 1088 912 1125 enim
940 1085 1145 1129 deducitur
1171 1087 1308 1124 census
1334 1086 1428 1122 isto-

105 1147 226 1191 rum‚)
258 1144 485 1196 spiritaliter
515 1146 805 1196 interpretatur.
863 1143 1021 1183 Simeon
1054 1142 1217 1181 et-Levi
1250 1143 1429 1193 perfece-

105 1202 195 1240 runt
218 1201 456 1252 iniquitatem
488 1214 537 1239 ex
562 1215 629 1239 sua
655 1202 820 1247 haeresi,
849 1214 919 1252 qua
947 1201 1100 1238 scilicet
1125 1199 1316 1237 Christum
1343 1205 1429 1236 sunt

105 1259 316 1311 persecuti.
365 1257 407 1296 Iu
441 1259 644 1296 concilium
677 1271 808 1296 eornm
841 1271 888 1296 ne
914 1259 1066 1296 venerit
1097 1259 1221 1305 anima
1253 1269 1356 1301 mea,
1389 1262 1429 1293 et

106 1316 146 1354 in
171 1316 374 1354 stationem
401 1318 532 1354 eorum
550 1329 607 1363 *ne
635 1316 880 1358 incubuerint
899 1316 1038 1354 iecora
1065 1328 1167 1360 nien,
1194 1315 1281 1365 quia
1306 1315 1344 1351 in
1370 1313 1428 1350 in-

107 1371 331 1425 dignatione
362 1386 429 1411 sua
454 1373 734 1412 interfecerunt
765 1373 955 1418 homines,
988 1371 1027 1409 id
1053 1378 1111 1410 est
1135 1372 1361 1422 prophetas,
1389 1376 1429 1407 et

106 1430 145 1468 in
182 1429 497 1481 concupiscentia
534 1443 600 1467 sua
639 1429 866 1468 ceciderunt
901 1442 1040 1468 nervos
1078 1435 1188 1466 tauro
1203 1429 1254 1478 3),
1292 1426 1331 1464 id
1370 1433 1429 1464 est

107 1487 281 1533 Christo,
314 1493 423 1538 quem
456 1494 543 1538 post
568 1499 701 1527 necem
733 1487 1006 1539 prophetarum
1032 1483 1243 1536 suffigendo
1274 1486 1313 1522 in
1340 1497 1427 1522 ner-

104 1557 175 1583 vos
199 1545 330 1596 ntique
343 1545 381 1592 ⁴)
409 1544 491 1582 eius
517 1544 634 1582 olaus
661 1543 943 1583 desaevierunt.
997 1544 1176 1583 Ceterum
1207 1555 1363 1588 vanum,
1396 1542 1426 1579 si

104 1609 199 1655 post
223 1600 431 1640 homicidia
462 1602 623 1640 alicuius
651 1599 762 1640 bovis
794 1602 870 1640 illis
908 1602 1118 1653 exprobrat
1150 1594 1426 1639 carnificinam

107 1658 186 1698 Iam
209 1672 303 1699 vero
328 1659 504 1711 Moyses,
531 1658 620 1711 quid
647 1661 776 1711 utique
802 1666 893 1698 tunc
919 1666 1083 1705 tantum,
1118 1672 1201 1697 cum
1227 1658 1334 1696 Iesus
1359 1655 1427 1694 ad-

105 1729 239 1756 versus
262 1715 470 1755 Amalech
477 1717 759 1768 proeliabatur‚
792 1718 971 1768 expansis
1002 1716 1176 1754 manibus
1204 1715 1340 1753 orabat
1365 1726 1427 1751 re-

107 1772 255 1820 sidens‚-
278 1772 431 1824 quando
455 1774 502 1825 in.
520 1774 736 1811 rebus-tam
763 1775 936 1811 attonitis
961 1774 1082 1824 magis
1106 1774 1237 1822 utique
1264 1770 1426 1822 genibus

106 1830 294 1883 depositis
308 1827 366 1868 'et
396 1830 569 1867 manibus
595 1829 848 1868 caedentibus
873 1837 1007 1880 pectus
1040 1836 1080 1868 et
1104 1830 1206 1867 facie
1232 1828 1334 1866 humi
1357 1841 1426 1865 vo-

104 1888 252 1927 lutante
289 1888 503 1926 orationem
542 1886 812 1925 commendare
851 1887 1065 1926 debuisset:
1109 1887 1181 1924 nisi
1208 1887 1295 1937 quia
1331 1885 1424 1931 illic,

103 1945 169 1984 ubi
206 1957 345 1984 nomen
383 1943 525 1982 domini
563 1942 649 1982 Iesu
687 1943 911 1990 dimicabat,
950 1943 1165 1982 dimicaturi
1199 1941 1424 1994 quandoque

103 2001 289 2042 adversus
315 2001 526 2047 diabolum,
555 2002 680 2039 crucis
707 2015 856 2054 quoque
882 2008 967 2040 erat
992 2001 1142 2040 habitus
1168 2002 1423 2045 necessarius,

102 2074 193 2114 per
212 2073 322 2112 quam
360 2059 467 2098 Iesus
503 2059 705 2097 victoriam
741 2066 847 2098 esset
889 2059 1106 2098 relaturus?
1153 2057 1257 2096 Idem
1295 2071 1425 2096 rursus

102 2117 280 2178 Moyses,
323 2123 412 2169 post
454 2115 695 2155 interdictam
740 2117 861 2155 omnis
904 2117 962 2155 rei
1005 2115 1309 2162 similitudinem,
1356 2128 1426 2153 cur

103 2185 260 2214 aereum
302 2181 520 2226 serpentem
566 2174 670 2224 ligno
712 2175 927 2226 impositum
971 2166 1175 2225 pendentis
1217 2173 1349 2211 habitu
1386 2173 1424 2209 in

102 2230 363 2284 spectaculum
402 2232 569 2270 salutare
599 2232 805 2284 proposuit
819 2233 885 2279 ⁵)'.?
928 2230 993 2270 An
1029 2238 1071 2270 et
1105 2231 1168 2269 hic
1207 2229 1423 2268 dominicae

195 2371 232 2411 1)
257 2371 361 2401 Deut.
379 2371 432 2411 33,
447 2371 502 2401 17.
597 2368 631 2411 2)
650 2371 688 2400 In
703 2370 756 2401 ed.
772 2371 919 2402 LRhen.
935 2380 987 2402 vv.
1010 2379 1101 2409 exp.
1126 2368 1337 2399 benedict.
1363 2367 1422 2398 de·
1455 2370 1462 2375 ‘

101 2418 194 2448 sunt.
288 2418 325 2457 3)
351 2417 434 2447 Gen.
454 2418 509 2455 49,
525 2418 543 2446 5
559 2425 607 2454 sq.
701 2414 740 2459 4)
766 2417 828 2446 Ed.
848 2417 950 2448 Fran.
972 2419 1007 2447 et
1025 2417 1099 2454 Rig.
1120 2415 1267 2454 proph.
1287 2414 1376 2444 inte
1387 2423 1421 2444 r-

100 2464 302 2494 fecerunt
326 2466 369 2494 et
394 2462 647 2501 suffigendo
668 2472 822 2493 nervos
849 2463 941 2493 eius
964 2463 1129 2493 desaev.
1175 2461 1242 2492 Pro
1267 2468 1423 2491 nervos

99 2509 238 2540 Wouw.
259 2512 371 2540 reete:
398 2509 438 2539 in
463 2511 632 2540 ner'vos.
730 2509 774 2548 5),
791 2508 854 2540 Ed.
873 2508 975 2540 Fran.
993 2512 1027 2539 et
1044 2508 1117 2548 Rig.
1139 2515 1158 2536 e
1178 2507 1235 2538 lib.
1255 2507 1330 2538 adv.
1350 2507 1422 2536 lud.

100 2556 200 2587 e.1o.
221 2555 262 2591 in
289 2558 420 2595 spect.
447 2554 607 2585 Israeli
634 2554 706 2586 sal.
733 2563 851 2594 prop.
879 2563 926 2586 eo
950 2558 1159 2593 tempore,
1184 2561 1263 2592 quo
1289 2562 1310 2583 a
1334 2561 1422 2583 ser·-

100 2601 303 2640 pentibut
335 2600 620 2632 exterminati
648 2603 764 2640 sunt,
799 2600 886 2631 nisi
911 2600 1018 2639 quod
1044 2602 1086 2630 et
1110 2598 1304 2630 hic‘dom.
1355 2597 1423 2629 sed

101 2655 190 2684 quae
204 2646 312 2678 Rhen.
331 2647 448 2688 edidit,
474 2646 632 2678 videntur
650 2646 842 2677 retinenda.
