1624 2826
344 213 871 249 Anv.MAR01oNEM
903 215 1081 247 LIBER
1120 216 1159 246 v.
1315 213 1419 251 285

91 321 284 362 generans
314 309 353 346 in
378 310 615 356 servitutem,
641 307 744 347 aliud
770 322 886 360 super
912 321 1060 347 omnem
1082 309 1335 361 principatum
1352 321 1420 359 ge-

91 379 252 414 nerans,
276 367 372 413 vim,
400 365 712 413 dominationem,
740 374 780 405 et
805 379 915 404 omne
943 379 1094 413 nomen,
1122 365 1223 418 quod
1250 367 1422 404 nomina-

93 432 173 472 tur,
212 437 289 463 non
320 431 464 463 tantum
495 425 534 462 in
565 424 639 463 hoc
672 437 788 471 aevo,
827 422 895 462 sed
922 430 961 462 et
991 424 1028 461 in
1055 424 1201 470 futuro,
1240 435 1337 475 quae
1364 430 1424 461 est

94 489 217 521 mater
246 487 397 529 nostra,
440 483 478 520 in
516 495 625 534 quam
663 482 949 534 repromisimus
987 488 1157 519 sanctam
1195 481 1422 528 ecclesiam,

93 539 260 592 ideoque
284 537 438 578 adiicit:
476 546 638 591 propter
664 538 785 591 quod,
811 539 970 585 fratres,
1005 552 1080 577 non
1107 551 1232 577 sumus
1257 538 1423 576 ancillae

94 597 176 644 filii,
201 595 271 636 sed
296 596 510 645 liberae31)
537 598 667 648 utique
694 596 952 635 manifestavit
983 603 1023 634 et
1049 596 1329 635 Christianismi
1355 608 1425 646 ge-

94 655 343 695 nerositatem
375 655 413 692 in
447 654 525 692 filio
550 653 732 693 Abrahae
765 667 815 693 ex
847 654 968 692 libera
1000 661 1090 691 nato
1117 654 1331 704 allegoriae
1357 653 1425 691 ha-

94 712 188 752 bere
214 718 515 758 sacramentum,
549 713 649 750 sicut
674 719 714 750 et
739 711 919 750 Iudaismi
945 711 1168 749 servitutem
1196 711 1360 760 legalem
1386 711 1424 747 in

89 770 174 809 filio
199 769 377 808 ancillae.
437 767 566 819 Atque
593 771 646 806 ita
671 770 753 806 eius
778 768 841 806 dei
868 780 952 806 esse
978 774 1176 818 utramque
1203 766 1425 819 dispositio-

93 823 198 874 nem,
237 825 338 878 apud
365 838 475 877 quem
502 826 713 863 invenimus
739 825 935 876 utriusque
962 823 1227 876 dispositionis
1253 823 1425 862 delinea—

93 885 251 923 tionem.
309 882 434 935 Ipsum
462 881 563 934 quod
588 883 669 928 ait,
693 895 766 934 qua
792 882 972 920 libertate
1001 882 1175 920 Christus
1201 895 1269 920 nos
1295 895 1425 920 manu-

94 941 261 990 misit,²)
298 953 427 978 nonne
454 952 539 979 eum
566 941 765 978 constituit
789 940 1126 987 manumissorem,
1172 940 1235 992 qui
1259 940 1330 977 fuit
1356 938 1426 977 do-

94 999 242 1039 minus?
287 996 449 1036 Alienos
487 998 587 1036 enim
614 1010 749 1036 servos
781 1010 828 1036 ne
863 995 986 1036 Galba
1018 996 1171 1049 quidem
1196 998 1424 1043 manumisit,

95 1056 248 1096 facilius
273 1055 418 1094 liberos
443 1055 651 1094 soluturus.
698 1054 759 1092 Ab
786 1067 833 1093 eo
848 1055 967 1106 igitur
980 1055 1241 1107 praestabitur
1255 1055 1425 1100 libertas,

96 1112 197 1166 apud
233 1126 345 1165 quem
383 1113 455 1151 fuit
491 1114 654 1151 servitus
680 1113 790 1163 legis.
851 1112 901 1150 Et
937 1113 1088 1150 merito.
1136 1112 1228 1151 Non
1262 1111 1429 1151 decebat

95 1171 345 1211 manumissos
370 1183 500 1208 rursus
515 1171 605 1220 iugo
621 1171 828 1216 servitutis,
855 1168 894 1207 id
914 1177 973 1208 est
994 1170 1103 1220 legis,
1124 1169 1326 1219 adstringi,
1353 1170 1427 1206 iam

96 1227 244 1280 psalmo
275 1226 505 1278 adimpleto:
546 1226 821 1277 disrumpamus
853 1227 1004 1264 vincula
1037 1239 1170 1264 eorum
1197 1233 1237 1264 et
1268 1226 1429 1264 abiicia-

98 1298 180 1323 mus
205 1297 228 1323 a
253 1284 364 1322 nobis
389 1285 516 1334 iugum
544 1284 725 1334 ipsorum,
754 1290 951 1334 postquam
973 1283 1179 1322 archontes
1200 1284 1427 1334 congregati

97 1349 185 1381 sunt
208 1343 245 1381 in
270 1355 383 1380 uuum
415 1340 598 1379 adversus
624 1339 815 1378 domiuum
841 1347 880 1378 et
905 1339 1087 1379 adversus
1114 1340 1304 1379 Christum
1338 1341 1429 1392 ipsi-

97 1399 201 1448 us.³)
267 1398 326 1437 De
351 1398 535 1436 servitute
569 1399 686 1448 igitur
711 1404 910 1449 exemptos
936 1399 1054 1448 ipsam
1081 1398 1274 1436 servitutis
1300 1404 1428 1435 notam

98 1455 264 1496 eradere
300 1455 598 1508 perseverabat,
638 1455 996 1501 circumcisionem,
1041 1467 1089 1493 ex
1125 1454 1428 1507 praedicationis

95 1514 251 1554 scilicet
272 1514 526 1566 propheticae
553 1513 805 1558 auctoritate,
844 1525 990 1550 memor
1020 1510 1166 1553 dictum
1193 1525 1266 1565 per
1291 1512 1429 1551 Hiere-

96 1573 227 1611 miam:
266 1578 307 1610 et
338 1569 616 1610 circumcidimi
648 1571 848 1622 praeputia
882 1569 1012 1608 cordis
1042 1571 1237 1619 vestri34)
1276 1571 1364 1622 quia
1390 1577 1431 1608 et

97 1628 275 1682 Moyses:
314 1627 604 1667 circumcidetis
642 1627 902 1666 duricordiam
938 1624 1130 1675 vestram,
1180 1626 1219 1665 id
1256 1634 1317 1666 est
1353 1641 1429 1665 non

98 1687 324 1735 earnem.⁵)‚
363 1685 539 1738 Denique
571 1686 604 1724 si
631 1682 962 1735 circumcisionem
989 1685 1036 1723 ab
1063 1686 1139 1724 alio
1167 1683 1241 1724 deo
1270 1685 1429 1723 veniens

98 1743 356 1790 excludebat,
407 1756 477 1782 cur
518 1744 633 1781 etiam
675 1743 1023 1794 praeputiationem
1068 1750 1185 1793 negat
1229 1742 1427 1793 quicquam

99 1800 230 1839 valere
267 1802 307 1838 in
345 1799 526 1846 Christo,
564 1801 664 1838 sicut
700 1807 740 1837 et
778 1799 1135 1837 circumcisionem?
1151 1799 1189 1845 ¹⁵)
1229 1799 1429 1849 praeferre

101 1858 200 1896 enim
225 1854 394 1895 debebat
416 1855 604 1894 aemulam
630 1856 724 1902 eius,
751 1868 859 1906 quam
887 1855 1144 1906 expugnabat,
1171 1856 1202 1892 si
1216 1855 1264 1892 ab
1279 1855 1429 1893 aemulo

0 1942 11 1980 ἱ
101 1914 407 1954 circumcisionis
444 1911 518 1951 deo
558 1919 674 1953 esset.
746 1911 869 1949 Porro
908 1913 995 1963 quia
1032 1919 1073 1951 et
1109 1913 1353 1951 circumcisio
1391 1919 1431 1950 et

0 1981 7 2021 ξ
102 1971 360 2024 praeputiatio
386 1971 449 2008 uni
477 1969 551 2008 deo
579 1969 872 2021 deputabantur,
906 1968 995 2007 ideo
1020 1976 1182 2021 utraque
1208 1971 1246 2008 iu
1273 1969 1428 2008 Christo

0 2024 19 2084 {V
102 2029 267 2069 vacabat
288 2035 451 2081 propter
475 2026 565 2066 fidei
592 2027 882 2078 praelationem,
913 2027 1014 2065 illius
1040 2025 1143 2074 fidei,
1171 2026 1219 2066 de
1246 2040 1319 2078 qua
1345 2034 1431 2066 erat
1471 2042 1474 2046 ·

0 2089 12 2149 ᾗ
101 2087 305 2138 seriptum:
332 2092 373 2125 et
397 2086 436 2123 in
461 2085 614 2123 nomine
640 2085 723 2123 eius
747 2085 923 2123 nationes
949 2083 1172 2136 credent,⁷)
1196 2085 1300 2123 illius
1323 2082 1427 2131 fidei,

39 2176 48 2179 f
103 2157 214 2196 quam
239 2141 407 2182 dicendo
433 2155 504 2195 per
529 2141 774 2180 dilectionem
801 2142 960 2193 perfici,
980 2143 1018 2189 ⁸)
1056 2143 1112 2181 sic
1132 2155 1290 2195 vquoque
1317 2153 1428 2180 crea-

103 2202 201 2240 toris
225 2199 408 2239 ostendit.
465 2199 555 2238 Sive
582 2200 681 2238 enim
707 2197 953 2238 dilectionem
981 2197 1087 2247 dicit,
1115 2212 1211 2252 quae
1237 2201 1276 2238 iu
1302 2198 1428 2245 deum,

104 2265 145 2297 et
172 2258 249 2296 hoc
282 2257 471 2296 creatoris
502 2263 580 2296 est:
619 2255 758 2307 diliges
788 2255 899 2295 deum
931 2270 980 2296 ex
1010 2263 1094 2295 toto
1120 2256 1239 2295 corde
1267 2264 1352 2304 tuo,
1390 2262 1431 2294 et

104 2328 155 2354 ex
178 2321 262 2353 tota
285 2315 410 2353 anima
435 2321 518 2361 tua,
558 2320 599 2352 et
622 2326 672 2352 ex
697 2315 786 2352 totis
809 2314 953 2353 viribus
977 2315 1072 2362 tuis;
1091 2315 1128 2363 ⁹)
1162 2315 1242 2352 sive
1269 2325 1366 2364 quae
1390 2313 1428 2351 in

103 2373 336 2425 proximum:
363 2378 404 2410 et
427 2372 640 2423 proximum
666 2377 768 2410 tuum
794 2378 972 2424 tanquam
996 2372 1123 2421 te‚1⁰)
1150 2371 1341 2410 creatoris
1355 2375 1427 2409 est.

0 1760 9 1830 amr,
0 1720 3 1727 ν

198 2524 234 2559 1)
254 2522 327 2554 Gal.
343 2524 374 2562 4,
391 2524 432 2552 21
445 2523 553 2553 —26.
569 2522 623 2553 31.
720 2520 754 2560 2)
779 2521 853 2552 Gal.
868 2524 901 2561 5,
914 2523 944 2552 1.
1042 2519 1080 2563 3)
1106 2520 1160 2551 Ps.
1171 2521 1202 2560 2,
1217 2521 1231 2549 1
1245 2529 1296 2558 tq.
1391 2521 1429 2559 4)

108 2570 169 2600 ier.
183 2569 258 2608 4‚4.
352 2570 388 2608 5)
414 2569 587 2607 Deut.10‚
604 2569 659 2602 16.
755 2569 792 2607 6)
817 2568 976 2605 catam.
1071 2568 1109 2607 τ)
1135 2567 1200 2599 les.
1216 2566 1271 2607 42,
1286 2567 1318 2596 4.
1390 2563 1428 2607 ε)

108 2612 222 2654 δικ»,
238 2616 268 2644 6.
364 2615 400 2655 9)
426 2614 532 2646 Deut.
547 2616 578 2654 6,
595 2617 624 2645 5.
721 2613 781 2656 ιο)
807 2614 1025 2654 Lev.19‚18.
