1604 2800
147 188 249 229 214
505 173 527 197 ‘
659 183 731 213 DE
769 183 966 214 ΑΝῙΜΑ.

151 282 448 331 consequentem
487 273 666 313 ordinem
707 274 889 327 cuiusque
926 281 1099 313 naturae.
1171 272 1271 313 Nam
1302 273 1485 315 ‹at-sedes

148 341 243 378 alias
274 337 434 375 humana
472 333 595 372 anima
641 333 778 371 sortita
814 339 875 371 est
910 339 949 371 et
978 332 1102 370 victus
1133 338 1174 370 et
1203 332 1411 371 instructus
1446 339 1488 372 et

149 407 282 435 sensus
307 400 348 432 et
372 392 534 430 affectus
560 396 601 428 et
633 390 860 429 concubitus
887 397 927 429 et
952 390 1064 437 fctus,
1097 389 1188 428 item
1213 390 1383 441 ingenia,
1407 395 1487 429 tum

151 465 283 505 opera,
300 448 451 502 gaudia,
467 447 615 495 taedia,
635 449 741 495 vitia,
764 447 974 500 cupidines,
988 448 1217 499 voluptates,
1230 446 1488 495 valetudines,

150 508 381 555 medicinas,
413 520 502 546 suos
533 513 734 558 postremo
761 512 800 545 et
823 507 925 545 vitae
958 504 1092 544 modos
1118 512 1157 544 ct
1181 505 1307 544 exitus
1339 505 1489 543 mortis.

154 565 352 616 Quomodo
371 566 499 616 ‚igitur
523 564 595 603 illa
620 565 764 611 anima,
799 577 895 615 quae
931 564 1044 602 terris
1075 561 1319 611 inhaerebat,
1351 562 1492 606 nullius

153 624 412 670 sublimitatis,
451 622 595 661 nullius
627 620 900 674 profunditatis
931 619 1142 673 intrepida,
1181 633 1343 659 ascensu
1375 620 1517 659 etiam·

154 683 340 721 scalarum
356 680 583 731 fatigabilis,
602 679 799 718 submersu
814 680 927 718 etiam
943 680 1171 731 piscinarum
1192 677 1492 729 strangulabilis,

155 741 235 779 ae'ri
267 746 402 791 poste-a
433 737 635 776 insultabit
665 739 703 775 in
735 738 860 789 aquila
892 744 957 775 aut
987 737 1083 775 mari
1114 743 1250 789 postea
1285 733 1496 774 desultabit

157 799 196 836 in
222 797 415 847 anguilla?
475 793 680 842 Quomodo
707 795 796 833 item
823 795 972 846 pabulis
1003 794 1225 833 liberalibus
1250 800 1290 832 et
1316 791 1496 832 delicatis

159 861 273 906 atque
295 853 438 891 curatis
458 851 639 898 educata,
667 864 742 889 non
765 850 853 889 dico
869 852 1012 903 paleas,
1039 850 1107 889 sed
1121 852 1249 902 spinas
1264 857 1304 890 et
1318 855 1496 902 agrestes

159 909 434 950 amaritudines
466 908 660 947 frondium
693 915 733 946 et
763 908 908 947 bestias
932 909 1278 960 sterquiliniorum,
1311 907 1495 946 vermium

160 970 275 1008 etiam
299 980 448 1006 venena
478 966 701 1012 ruminabit,
734 967 764 1004 si
791 966 829 1004 in
856 979 1010 1017 capram
1035 966 1245 1012 transierit,
1277 965 1339 1003 vel
1364 965 1403 1003 in
1429 976 1497 1003 co-

159 1027 362 1071 turnicem,
390 1025 466 1062 imo
496 1031 536 1062 et
560 1022 843 1069 cadaverinam,
870 1024 945 1060 imo
972 1029 1012 1060 et
1037 1022 1250 1068 humanam,
1283 1022 1340 1060 sui
1365 1021 1498 1072 utique

162 1095 307 1122 memor
332 1083 368 1120 in
395 1093 487 1120 urso
514 1087 554 1119 ct
580 1082 718 1119 leone?
773 1078 838 1118 Sic
865 1086 905 1118 et
930 1086 1064 1118 cetera
1088 1078 1137 1117 ad
1161 1079 1496 1130 incongruentiam

161 1139 310 1191 redige,
338 1152 385 1177 ne
407 1139 568 1190 singulis
590 1136 818 1190 perorandis
833 1138 1089 1175 immoremur.
1128 1136 1251 1189 Ipsius
1265 1136 1414 1175 animae
1428 1135 1500 1174 hn-

161 1210 296 1237 manae
312 1197 481 1249 quisquis
496 1195 641 1242 modus,
658 1208 907 1247 quaecunque
922 1207 1112 1241 mensura,
1133 1193 1222 1246 quid
1235 1194 1356 1233 faciet
1368 1193 1406 1231 in
1419 1205 1500 1231 am-

162 1255 348 1308 plioribus
363 1255 479 1306 longe
493 1254 555 1292 vel
569 1252 836 1292 minutioribus
856 1253 1107 1292 animalibus?
1135 1251 1309 1292 Necesse
1325 1258 1385 1291 est
1398 1250 1499 1289 enim

165 1320 204 1352 et
223 1326 362 1364 corpus
383 1325 496 1350 omne
523 1312 646 1349 anima
674 1311 873 1362 compleri,
900 1317 941 1349 et
964 1311 1130 1349 animam
1156 1322 1305 1348 omnem
1332 1319 1499 1360 corpore

167 1369 322 1409 obduci.
362 1368 564 1417 Quomodo
585 1382 680 1420 ergo
695 1369 818 1407 anima
835 1369 997 1407 hominis
1012 1367 1221 1421 complebit
1233 1366 1503 1419 elephantum?

169 1426 360 1479 quomodo
400 1427 489 1464 item
529 1425 746 1464 obducetur
775 1427 813 1464 in
846 1426 996 1464 culice?
1032 1427 1062 1464 si
1095 1432 1240 1464 tantum
1272 1422 1504 1463 extendetur

169 1491 234 1522 aut
260 1483 531 1528 contrahetur,
566 1483 744 1534 profecto
778 1482 1074 1534 periclitabitur.
1139 1481 1190 1521 Et
1221 1481 1310 1521 ideo
1342 1479 1502 1527 adiicio,

171 1539 272 1593 quod
315 1540 419 1578 nulla
461 1540 612 1577 ratione
652 1552 775 1591 capax
812 1546 870 1577 est
907 1538 1122 1579 huiusmodi
1163 1539 1429 1580 translationis
1465 1538 1504 1576 in

170 1598 349 1636 animalia
386 1609 459 1635 nec
497 1596 658 1635 modulis
697 1609 901 1648 corporum
939 1608 1011 1635 nec
1046 1596 1188 1634 ceteris
1220 1602 1378 1633 naturae
1411 1602 1524 1632 suae'

171 1655 322 1707 legibus
347 1654 612 1706 adaequantia.
675 1653 867 1705 Numquid
893 1666 990 1704 ergo
1016 1652 1274 1693 demutabitur
1297 1650 1505 1691 secundum

173 1713 376 1765 qualitates
415 1724 599 1762 generum
637 1717 678 1749 et
713 1712 827 1749 vitam
865 1723 998 1748 eorum
1043 1710 1275 1749 contrariam
1317 1709 1505 1747 humanae

170 1772 293 1816 vitae,
326 1770 427 1807 facta
461 1776 499 1807 et
530 1770 612 1820 ipsa
639 1769 832 1807 contraria
864 1767 1052 1806 humanae
1084 1780 1154 1820 per
1184 1765 1508 1806 demutationem?

174 1828 379 1866 Enimvero
401 1826 431 1865 si
453 1825 750 1865 demutationem
772 1827 876 1877 capit
896 1826 1076 1864 amittens
1096 1823 1195 1876 quod
1222 1825 1305 1871 fuit,
1331 1836 1408 1862 non
1432 1823 1509 1862 erit

176 1898 272 1937 quae
298 1885 386 1932 fuit,
422 1892 462 1923 et
493 1885 525 1922 si
552 1897 649 1935 quae
674 1884 763 1931 fuit,
796 1896 872 1922 non
905 1883 999 1930 erit,
1031 1882 1155 1921 soluta
1181 1889 1240 1921 est
1263 1875 1506 1934 pteaeevomfw'z-

174 1957 307 1990 τωσις,
340 1955 416 1980 non
442 1940 697 1980 adscribenda
724 1941 877 1980 scilicet
902 1941 938 1979 ei
964 1941 1132 1987 animae,
1165 1952 1282 1991 quae,
1314 1937 1507 1977 si'demn-

177 1999 334 2045 tabitur,
361 2011 437 2037 non
463 1999 550 2037 erit.
589 1999 694 2037 Illius
719 1999 819 2037 enim
844 1994 1182 2051 μετενσωμάτωσις
1200 1996 1364 2043 dicetur,
1391 2007 1508 2048 quae-

181 2069 329 2108 cunque
355 2069 438 2094 cam
465 2057 502 2093 in
529 2069 596 2094 suo
628 2063 727 2095 statu
758 2054 1020 2108 permanendo
1051 2061 1262 2107 pateretur.
1329 2051 1452 2104 Igitur
1475 2052 1509 2091 si

180 2126 253 2152 nec
279 2114 414 2152 mutari
441 2120 580 2165 potest,
609 2127 655 2153 ne
681 2127 756 2152 non
783 2116 833 2153 sit
857 2114 952 2165 ipsa,
978 2125 1052 2151 nec
1076 2123 1304 2164 permanere
1330 2111 1367 2148 in
1392 2116 1506 2161 statu,

181 2172 269 2222 quia
301 2172 495 2209 contraria
528 2184 602 2208 non
635 2172 755 2223 capit,
795 2184 938 2223 quaero
975 2169 1100 2208 adhuc
1139 2181 1312 2207 caussam
1343 2167 1508 2219 aliquam

182 2227 257 2266 fide
283 2227 434 2280 dignam
461 2228 673 2266 huiusmodi
698 2229 972 2268 translationis.
1039 2226 1137 2265 Nam
1163 2227 1235 2266 etsi
1261 2223 1413 2278 quidam
1437 2223 1509 2262 bo·

181 2286 302 2324 mines
326 2286 460 2324 bestiis
485 2284 748 2337 adaequantur
767 2299 836 2338 pro
857 2284 1100 2338 qualitatibus
1121 2296 1266 2322 morum
1280 2281 1508 2333 etingenio-

183 2355 263 2380 rum
278 2349 318 2381 ct
330 2342 547 2389 affectuum,
576 2344 662 2394 quia
683 2350 722 2381 et
742 2343 853 2383 deus:
880 2342 1115 2382 adsimilatus
1135 2348 1207 2388 est,
1233 2340 1368 2393 inquit,
1393 2339 1507 2377 homo

183 2399 509 2437 irrationabilibus
546 2401 740 2439 iumentis:
762 2403 796 2448 1)
842 2414 919 2439 non
955 2399 1043 2438 ideo
1080 2400 1182 2439 milvi
1220 2411 1270 2436 ex
1304 2395 1507 2450 rapacibus

186 2455 280 2494 fient
305 2463 344 2495 et
369 2470 484 2496 canes
510 2469 558 2496 ex
583 2458 730 2511 spurcis
758 2465 796 2496 et
820 2457 1030 2510 pantherae
1056 2452 1108 2496 ex'
1129 2455 1294 2505 acerbis,
1327 2460 1393 2494 aut
1416 2463 1508 2491 oves

187 2539 326 2546 ---——

279 2582 314 2620 1)
339 2582 392 2613 rs-
421 2584 476 2623 49,
503 2585 555 2615 21.
