1604 2800
595 199 668 231 DE
703 199 902 231 Amaia.
1314 200 1418 238 101

88 300 130 334 et
153 293 357 344 integritas
386 291 561 331 sensibus
590 289 822 330 vindicanda
853 292 922 338 sit,
961 289 1063 343 quod
1099 302 1177 330 non
1206 292 1326 332 aliter
1353 306 1418 333 re·

71 352 276 397 nuntient,
304 363 414 402 quam
439 348 541 402 quod
566 349 632 388 illa
657 349 756 387 ratio
783 347 988 396 mandavit,
1015 361 1113 400 quae
1138 349 1281 388 efficiat
1304 350 1419 390 aliter

88 406 179 461 qnid
202 421 225 446 a
250 406 425 447 sensibus
455 407 689 454 renuntiari,
723 420 832 459 quam
864 407 914 444 sit
938 407 977 445 in
1002 406 1133 446 rebus.
1196 406 1294 455 Quid
1319 409 1416 459 agis,

86 463 324 504 Academice
359 465 711 517 procacissime'ffi)
783 463 920 502 Totum
956 465 1059 504 vitae
1090 470 1228 503 statum
1261 466 1417 511 evertis,

89 535 239 565 omnem
276 529 437 562 naturae
475 521 650 561 ordinem
687 521 838 567 turbas,
882 522 1001 573 ipsius
1038 521 1102 561 dei
1139 521 1419 574 providentiam

86 592 294 628 excaecas,
320 581 384 632 qui
408 580 558 619 cunctis
583 578 763 632 operibus
783 579 860 617 suis
887 578 1161 630 intelligendis,
1189 579 1418 626 incolendis,

87 635 354 690 dispensandis
379 635 628 688 fruendisque
647 636 807 675 fallaces
827 643 868 674 et
886 636 1092 675 mendaces
1113 636 1287 675 dominos
1306 650 1419 689 prae-

86 694 231 735 fecerit
253 708 399 734 sensus.
459 693 522 732 An
547 708 623 732 non
648 694 731 732 istis
755 694 934 733 universa
959 693 1132 732 conditio
1158 694 1421 733 subministra-

84 753 173 791 tur?
227 750 290 791 An
320 765 397 790 non
426 764 499 802 per
527 752 622 789 istos
652 750 821 789 secunda
859 763 1009 802 quoque
1046 750 1185 789 mundo
1216 752 1419 790 instructio

84 809 270 855 accessit,
302 815 362 846 tot
384 815 501 853 artes,
534 814 594 845 tot
617 809 784 857 ingenia,
818 814 875 845 tot
906 807 1044 854 studia,
1076 809 1254 858 negotia,
1281 807 1418 854 officia,

85 866 332 911 commercia,
364 863 549 910 remedia,
583 863 758 910 consilia,
791 864 949 910 solatia,
980 865 1125 910 victus,
1157 865 1282 903 cultus
1307 878 1420 903 orna-

83 923 247 974 tuisque?
306 921 442 960 Omnia
466 927 587 959 totum
610 921 715 959 vitae
740 933 918 972 saporem
951 920 1200 968 condierunt,
1233 921 1320 960 dum
1351 935 1422 974 per

84 978 158 1022 hos
181 991 317 1019 sensns
340 979 445 1017 solus
471 978 637 1016 omnium
663 978 777 1020 homo
802 978 942 1016 animal
967 979 1159 1016 rationale
1180 977 1421 1029 dignoscitur

83 1035 366 1088 intelligentiae
392 1043 433 1075 et
457 1036 643 1074 scientiae
670 1047 806 1085 capax,
833 1041 873 1072 et
896 1035 1015 1085 ipsius
1038 1034 1290 1074 Academiae.
1341 1034 1420 1074 Sed

76 1094 188 1133 -enim
207 1093 333 1140 Plato,
360 1106 408 1131 ne
434 1090 535 1144 quod
561 1091 820 1129 testimonium
844 1091 1019 1129 sensibus
1044 1093 1183 1143 signet,
1210 1099 1420 1144 propterea

86 1151 191 1189 etin
214 1148 446 1197 Phaedro2)
472 1162 523 1187 ex
548 1146 722 1187 Socratis
759 1160 926 1198 persona
955 1155 1074 1198 negat
1103 1162 1144 1187 se
1177 1162 1419 1199 cognoscere

87 1219 203 1259 posse
228 1213 351 1246 semet
375 1207 510 1258 ipsum,
536 1211 578 1243 ut
602 1211 732 1243 monet
750 1204 940 1256 Delphica
963 1206 1178 1257 inscriptio,
1205 1213 1245 1244 et
1269 1207 1307 1244 in
1319 1206 1420 1244 Tbe-

86 1270 220 1303 aeteto
233 1264 274 1314 ³)
307 1262 440 1302 adimit
470 1262 543 1301 sibi
573 1263 675 1300 scire
706 1269 820 1313 atque
851 1263 1015 1309 sentire,
1047 1269 1087 1301 et
1118 1264 1156 1300 in
1188 1262 1418 1311 Phaedr04)

88 1327 178 1373 post
203 1327 367 1360 mortem
391 1319 524 1359 differt
547 1320 776 1358 sententiam
800 1320 990 1365 veritatis,
1016 1322 1229 1371 postumam
1255 1320 1418 1366 scilicet,

87 1385 130 1417 et
149 1385 274 1418 tamen
301 1376 466 1416 nondum
491 1383 663 1416 mortuus
685 1376 1038 1428 philosophabatur.
1077 1376 1166 1414 Non
1194 1378 1287 1416 licet
1310 1378 1421 1416 nobis

86 1436 127 1475 in
153 1434 307 1475 dubium
337 1448 472 1474 sensns
501 1435 598 1473 istos
627 1446 836 1479 revocare,
869 1446 916 1472 ne
949 1440 988 1471 et
1018 1435 1057 1472 in
1083 1433 1238 1472 Christo
1271 1433 1319 1472 de
1345 1433 1420 1472 fide

86 1505 222 1532 eornm
259 1491 515 1538 deliberetur,
553 1503 602 1529 ne
633 1491 736 1529 forte
768 1489 936 1537 dicatur,
975 1489 1075 1542 quod
1113 1491 1211 1530 falso
1249 1498 1420 1530 satanam

86 1550 349 1602 prospectarit
360 1548 409 1588 de
424 1549 538 1587 coelo
557 1548 864 1599 praecipitatum,
879 1549 916 1598 ⁵)
938 1555 1006 1586 aut
1029 1548 1128 1586 falso
1146 1561 1282 1587 vocem
1301 1550 1421 1601 patris

86 1605 255 1646 audierit
277 1606 327 1646 de
353 1608 436 1658 ipso
468 1605 784 1653 testificatamfi)
815 1611 883 1642 aut
906 1603 1092 1655 deceptus
1117 1606 1179 1651 sit,
1206 1618 1290 1643 cum
1316 1605 1422 1644 Petri

87 1676 243 1704 socrum
266 1665 408 1714 tetigit,
423 1664 463 1711 ⁷)
488 1669 556 1701 aut
573 1662 688 1700 alium
708 1668 846 1712 postea
858 1662 1043 1711 unguenti
1057 1662 1222 1700 senserit
1233 1663 1420 1713 spiritum,

88 1720 193 1773 quod
222 1721 263 1759 in
291 1720 525 1771 sepulturam
561 1730 667 1756 suam
705 1717 935 1768 acceptavit,
951 1717 1141 1764 ⁸Palium
1172 1728 1309 1769 postea
1343 1720 1420 1756 vini

87 1789 287 1828 saporem,
325 1774 428 1827 quod
464 1777 503 1812 in
534 1774 731 1824 sanguinis
761 1772 818 1811 sui
850 1774 1072 1812 memoriam
1109 1775 1419 1825 consecravit-⁹)

90 1831 159 1872 Sic
182 1833 286 1872 enim
310 1839 351 1871 et
374 1831 552 1869 Marcion
577 1830 800 1881 phantasma
825 1841 910 1868 eum
935 1831 1069 1869 maluit
1093 1830 1271 1878 credere,
1303 1833 1420 1870 totius

91 1889 269 1941 eorporis
294 1889 333 1928 in
359 1889 424 1926 illo
451 1886 681 1938 dedignatus
705 1887 920 1925 veritatem.
958 1886 1103 1939 Atquin
1127 1901 1175 1927 ne
1200 1889 1239 1927 in
1264 1896 1418 1941 aposto-

91 1947 140 1986 lis
163 1945 317 1999 quidem
343 1946 425 1984 eius
451 1944 648 1983 ludificata
672 1950 809 1982 natura
833 1950 911 1991 est3
944 1943 1070 1984 fidelis
1093 1945 1167 1983 fuit
1190 1952 1231 1984 et
1253 1947 1356 1984 visus
1379 1953 1419 1985 et

90 2002 245 2043 auditus
262 2004 301 2042 in
320 2003 539 2049 monte,¹⁰)
566 1999 691 2040 fidelis
715 2008 756 2040 et
780 2008 911 2052 gustus
935 2002 1013 2040 vini
1037 2002 1152 2049 illius,
1178 2003 1273 2042 licet
1295 2016 1416 2055 aquae

91 2067 196 2108 ante,
221 2062 260 2100 in
278 2061 421 2112 nuptiis
437 2058 671 2105 Galilaeae,¹
684 2059 723 2108 ¹)
750 2058 874 2098 fidelis
891 2065 933 2100 et
951 2066 1089 2107 taetus,
1116 2059 1256 2100 exinde
1272 2059 1417 2099 creduli

89 2117 274 2157 Tbomae.
294 2119 360 2166 ¹²)
433 2116 569 2155 Recita
611 2115 765 2154 Ioannis
801 2117 1064 2156 testationem:
1106 2116 1209 2169 qnod
1244 2116 1416 2163 vidimus,

90 2175 234 2227 inquit,
270 2172 373 2226 quod
395 2172 637 2220 audivimus,
676 2173 798 2212 oculis
834 2175 976 2213 nostris
1005 2174 1186 2221 vidimus,
1218 2181 1418 2215 etfflmanus

93 2238 252 2271 nostrae
278 2237 631 2277 contrectaverunt,
659 2228 706 2269 de
731 2243 909 2271 sermone
933 2232 1052 2271 vitae.
1071 2233 1136 2276 ¹³)
1203 2231 1312 2269 Falsa
1344 2231 1418 2269 uti-

186 2355 222 2397 1)
237 2357 311 2398 mg.
328 2356 557 2389 Academia
579 2353 915 2395 procacissimi}
988 2355 1026 2399 2)
1040 2355 1279 2388 Platfflhaedr.
1294 2364 1324 2386 c.
1338 2357 1370 2387 4.
1385 2365 1416 2395 p.

93 2404 160 2434 229
175 2412 225 2442 tq.
296 2403 334 2442 3)
347 2402 436 2433 Plat.
450 2402 592 2433 Theaet-
606 2412 639 2441 ρ.
655 2403 721 2432 152
735 2410 807 2441 sqq.
877 2401 913 2442 4)
926 2403 1013 2434 Plat.
1026 2402 1171 2434 Phaedr.
1190 2411 1221 2434 c.
1240 2403 1282 2432 26
1297 2410 1369 2440 nqq.
1385 2411 1416 2440 p.

95 2451 161 2480 κατ
175 2459 247 2488 sqq.
319 2446 355 2490 5)
370 2449 453 2479 Luc.
468 2449 523 2484 10,
539 2449 592 2478 18.
664 2449 700 2487 e)
715 2448 838 2479 matth.
852 2449 885 2487 a,
898 2449 953 2480 1¹1.
1024 2448 1058 2486 τ)
1071 2447 1192 2480 statua.
1206 2449 1239 2486 ⁸,
1253 2448 1310 2478 1⁵.
1382 2447 1418 2485 8)

92 2495 216 2526 matth.
229 2496 285 2534 26,
298 2495 422 2525 7—12.
494 2494 627 2533 9)1,uc.
641 2494 696 2533 22,
711 2495 752 2524 19
767 2503 815 2532 sq.
842 2494 964 2526 matth.
979 2496 1034 2534 26,
1049 2495 1090 2523 27
1105 2503 1153 2532 aq.
1181 2493 1348 2534 κωκυ,
1362 2493 1416 2523 25.

94 2541 155 2580 ¹0)
174 2540 297 2572 unuh.
318 2541 373 2579 17,
393 2540 412 2570 3
428 2549 500 2578 sqq.
597 2539 657 2578 1¹)
678 2541 724 2571 lo.
745 2541 778 2578 2,
795 2541 812 2569 1
833 2548 903 2578 sqq.
998 2538 1058 2582 12)
1073 2541 1119 2571 10.
1132 2541 1188 2575 20,
1205 2540 1262 2571 27.
1357 2540 1417 2577 1³)

95 2586 173 2618 110.
191 2588 224 2628 1,
240 2588 272 2617 1.
