1566 2808
114 0 134 18 ‚'·
142 0 180 13 ‘'c'‘
197 0 202 6 ι
210 0 227 18 ‘⁷¹
238 0 297 18 *yw-
334 2 340 6 .

0 0 46 81 ,Ι
53 47 74 70 ί,
102 42 104 45 ,

18 79 20 81 Ι
187 69 201 76 -

0 84 13 95 *s

0 96 37 170 p,

0 209 23 230 *t

351 244 480 276 Anv,
515 243 878 275 MARCIONEM
912 245 1090 276 LIBER
1119 246 1175 277 111.
1329 245 1433 282 129

108 343 198 377 rent
227 335 304 376 deo
332 348 434 375 novo
464 343 505 375 et
535 337 749 388 incognito.
800 337 1000 386 Quomodo
1032 337 1197 390 denique
1224 337 1341 378 docet
1365 353 1435 379 no-

106 407 203 434 vam-
220 393 414 447 plagulam
447 407 524 432 non
555 393 665 433 adsui
690 396 815 433 veteri
845 396 1075 434 vestimento
1108 409 1180 434 nec
1211 397 1339 435 vinum
1364 411 1435 436 no-

105 455 203 491 vum·
216 451 414 492 veteribus
438 451 587 490 utribus
614 451 795 501 credi‘¹)‚
830 452 989 492 adsutus
1013 453 1094 505 ipse
1121 460 1163 491 et
1185 453 1338 493 indutus
1363 468 1435 494 no·-

106 510 248 548 ιιιίιιιιιιι
276 509 412 558 senio?
456 508 657 556 Quomodo
688 509 853 548 abscidit
885 511 1124 562 evangelium
1156 524 1181 549 a
1211 511 1319 563 lege,
1352 519 1435 551 tota

106 567 196 618 lege
226 567 415 605 vestitus?
452 566 492 604 in
519 567 671 605 nomine
703 568 856 606 scilieet
882 568 1038 607 Christi.
1091 568 1182 616 Quis
1208 569 1312 607 illum
1343 583 1435 621 pro-

105 612 231 663 Ιιῦιιιίῑι
253 623 358 662 aliud
382 624 528 669 vocari,
555 623 658 662 aliud
683 624 995 676 praedicantem,
1022 625 1175 664 aliunde
1200 627 1432 673 venientem,

106 694 193 720 cum
218 688 428 734 propterea
453 694 526 719 nee
554 683 731 734 corporis
757 684 973 734 susceperit
995 684 1218 729 veritatem,
1245 696 1294 721 ne
1321 683 1434 723 Chri-

105 745 186 778 stus
218 740 411 787 creatoris
428 735 698 776 crederetur?
737 739 847 777 Vane
879 746 1007 778 autem
1039 740 1162 777 noluit
1193 752 1278 778 eum
1310 753 1352 778 se
1376 742 1434 779 xi-

105 794 204 841 deri,
231 807 342 846 quem
361 795 483 833 voluit
496 796 641 841 vocari,
669 795 820 847 quando
841 797 913 834 etsi
938 809 1030 835 vere
1046 810 1259 848 corporeus
1284 798 1432 844 fuisset,

103 853 228 904 magis
253 851 428 890 Christus
461 853 651 890 creatoris
682 866 759 891 non
789 852 1006 900 videretur,
1045 855 1077 892 si
1109 855 1187 891 ιιοιι
1210 862 1432 894 vocaretur.

102 909 159 948 At
188 923 289 958 nunc
320 909 765 962 substantiambrespuit,
800 912 908 949 cuius
939 924 1077 963 nomen
1109 913 1282 963 accepit,
1317 913 1433 951 etiam
1467 910 1472 911 ⁷

103 967 352 1006 substantiam
364 966 604 1019 probaturus
624 980 674 1006 ex
694 969 859 1007 nomine.
910 967 952 1007 Si
973 961 1275 1016 e'nierhristus‚
1295 977 1433 1008 unctus

104 1032 185 1073 θεῖς
221 1026 339 1076 ungui
376 1025 507 1076 utique
533 1026 710 1077 corporis
741 1027 870 1077 passio
897 1033 968 1074 est3
1009 1028 1071 1078 qui
1098 1039 1238 1093 corpus
1263 1040 1339 1065 non
1365 1027 1432 1065 ha-

102 1082 204 1130 buit,
230 1083 347 1133 ungui
374 1082 529 1120 omnino
556 1096 632 1120 non
657 1084 800 1134 potuitg
840 1084 902 1135 qui
930 1085 1047 1135 ungui
1074 1085 1229 1122 omuino
1257 1098 1332 1122 non
1357 1098 1430 1150 po-

103 1140 194 1185 tuit,
233 1139 408 1178 Christus
437 1140 572 1177 vocari
604 1140 708 1178 nullo
740 1139 854 1178 modo
885 1142 1021 1193 potuit.
1075 1135 1194 1179 'Aliud
1226 1148 1302 1187 est,
1335 1143 1367 1179 si
1393 1149 1434 1179 et

105 1185 281 1234 nominis
301 1196 527 1248 phantasma
552 1196 761 1234 affectatit.
814 1196 892 1234 Sed
920 1197 1132 1249 quomodo,
1165 1198 1305 1250 inquit,
1333 1199 1432 1237 irre-

103 1260 218 1306 peret
247 1254 286 1292 in
317 1252 545 1291 Iudaeorum
578 1252 711 1300 fidem,
744 1254 815 1291 nisi
846 1267 918 1306 per
948 1254 1137 1299 sollemne
1165 1254 1267 1306 apud
1298 1268 1366 1293 eos
1392 1263 1433 1294 et

103 1311 295 1349 familiare
321 1312 487 1348 nomen?
512 1309 808 1353 ‘Inconstantem
834 1319 900 1349 aut
923 1311 1133 1350 subdolum-
1144 1310 1255 1350 deum
1276 1326 1429 1360 narras,

86 1375 171 1417 ‚aut
207 1367 456 1414 diffidentiae*
477 1374 544 1405 aut
579 1368 853 1409 malitiositatis
890 1369 1091 1407 consilium
1129 1375 1207 1415 est,
1257 1369 1430 1407 fallendo

104 1423 195 1477 quid
226 1436 470 1476 promovere.
526 1423 649 1462 Multo
682 1425 840 1463 liberius
871 1432 987 1477 atque
1024 1425 1234 1476 simplicius
1266 1433 1431 1476 egerunt

101 1481 467 1535 pseudoprophetae
493 1479 677 1520 adversus
703 1488 921 1521 creatorem
946 1484 986 1520 in
1011 1483 1069 1521 sui
1095 1481 1158 1520 dei
1185 1484 1337 1522 nomine
1362 1496 1430 1522 ve-

102 1541 267 1579 nientes.
319 1538 398 1578 Sed
428 1551 501 1577 uec
527 1538 707 1577 effectum
734 1540 886 1578 consilii
912 1540 1023 1578 huius
1047 1541 1222 1587 invenio,
1262 1554 1347 1579 cum
1371 1541 1430 1579 fa-

103 1597 215 1636 cilius
251 1603 319 1635 aut
353 1609 460 1635 suum
499 1595 740 1635 crediderint
765 1596 970 1649 Christum,
1009 1604 1075 1636 aut
1110 1597 1263 1649 planum
1301 1599 1429 1650 potius

102 1655 282 1707 aliquem,
309 1658 420 1707 quam
445 1654 605 1693 alterius
629 1653 697 1698 dei·
714 1654 919 1702 Christum,
945 1655 1046 1694 sieut
1070 1655 1313 1707 evangelium
1336 1669 1429 1708 pro·

102 1711 223 1753 babit.
296 1721 298 1724 ’

223 1772 290 1811 16.
338 1768 451 1807 Nunc
476 1770 509 1806 si
534 1776 674 1807 nomen
700 1769 862 1816 Christi,
888 1777 930 1808 ut
955 1770 1164 1822 sportulam
1190 1770 1426 1816 furunculus,

105 1826 287 1878 captavit,
315 1838 385 1863 cur
408 1825 523 1863 etiam
550 1825 801 1864 lesus-votuit
814 1827 1015 1878 appellari,
1042 1840 1118 1864 non
1133 1834 1208 1864 tam
1223 1834 1429 1879 exspecta-

102 1883 172 1922 bili
197 1881 298 1935 apud
323 1881 487 1920 ludaeos
511 1883 707 1920 nomine?
726 1882 814 1921 Nec
841 1884 960 1930 enim,
993 1884 1029 1921 st
1052 1897 1129 1923 nos
1152 1897 1225 1936 per
1249 1883 1313 1923 dei
1337 1897 1428 1936 gra-

102 1941 195 1980 tiam
226 1940 465 1979 intellectum
498 1940 698 1978 consecuti
729 1947 1057 1979 sacramentorum
1090 1942 1192 1988 eius,
1224 1941 1300 1980 hoe
1332 1955 1428 1994 quo-

103 2011 176 2050 que
203 2010 342 2037 nomen
366 1997 612 2048 agnoscimus
624 1996 778 2036 Christo
804 1996 1052 2046 destinatum,
1078 1997 1170 2037 ideo
1194 2005 1235 2037 et
1259 1997 1426 2045 Iudaeis,

102 2055 238 2108 quibus
274 2054 453 2106 adempta
489 2060 549 2092 est
582 2055 783 2106 sapientia,
822 2062 913 2094 nota
950 2057 1026 2094 erit
1050 2069 1127 2095 res.
1175 2055 1351 2108 Denique
1377 2056 1427 2095 ad

101 2112 332 2151 hodiernum
357 2111 550 2150 Christum
577 2119 736 2168 sperant
770 2126 848 2151 non
874 2113 1011 2160 Iesum,
1045 2120 1087 2152 et
1118 2113 1268 2152 Heliam
1297 2115 1427 2166 potius

102 2170 407 2222 interpretantur
438 2163 630 2207 Christum
661 2182 774 2221 quam
794 2168 940 2209 Tesum.
1003 2170 1079 2218 Qui
1107 2184 1206 2222 ergo
1236 2178 1277 2209 et
1306 2171 1344 2209 in
1377 2184 1425 2209 eo

102 2229 256 2271 nomine
280 2227 404 2273 venit,
442 2227 480 2264 in
507 2239 583 2277 quo
608 2226 782 2265 Christus
794 2228 835 2275 2)
860 2228 1197 2279 praesumebatur,
1235 2229 1362 2279 potuit
1386 2229 1426 2265 in

101 2297 151 2323 eo
176 2285 268 2323 solo
287 2285 443 2322 nomine
464 2283 630 2330 venisse,
657 2283 762 2336 quod
778 2286 904 2329 *solum
926 2285 1257 2337 praesumebatur,
1308 2284 1425 2323 Cete-

100 2354 183 2380 rum
210 2355 295 2380 cum
321 2340 396 2379 duo
421 2341 593 2387 miscuit,
619 2348 812 2393 speratum
839 2349 879 2380 et
903 2343 1155 2394 insperamm,
1182 2339 1426 2393 expugnatur

99 2406 303 2451 utrumque
324 2394 524 2437 consilium
538 2399 640 2446 eius3
666 2400 749 2437 sive
773 2400 873 2438 enim
898 2399 987 2438 ideo
1003 2399 1190 2445 Christus,
1216 2406 1260 2436 ut
1270 2399 1424 2437 interim

101 2458 210 2509 quasi
236 2457 425 2495 creatoris
450 2456 654 2508 irreperet,
681 2455 835 2508 obrepit
846 2457 884 2504 ³)
912 2456 1037 2503 lesus,
1076 2457 1165 2508 quia
1189 2469 1264 2494 non
1290 2469 1424 2508 spera-

192 2595 230 2635 1)
254 2595 378 2626 Matth.
398 2596 488 2634 9,16
503 2604 553 2633 sq.
602 2592 643 2637 2)
664 2595 792 2627 Pamel.
806 2597 841 2626 et
854 2595 927 2636 mg.
945 2604 1027 2626 nnn
1052 2597 1421 2635 praesumebatur.

99 2641 137 2681 3)
162 2641 327 2671 u'ouw.e
346 2651 408 2672 ms.
426 2644 460 2672 et
473 2642 546 2682 Rig.
560 2641 788 2680 obstrepit.

156 2699 358 2731 'rnna-um„
387 2701 445 2730 111.
1109 2691 1135 2730 9
