1604 2800
632 173 707 204 nn
739 174 938 205 ANIMA.
1358 174 1457 213 132

123 264 336 317 anguillae,
368 263 402 303 si
433 263 555 304 corda
585 263 823 314 detraxerim
858 267 988 319 itaque
1012 265 1227 319 principale
1253 279 1330 306 nou
1354 281 1454 316 esse,

124 321 240 375 quod,
265 323 299 361 si
323 321 460 362 fuisset
483 322 644 362 amissus
670 336 754 362 cum
779 324 856 362 suis
881 323 1037 362 sedibus
1060 325 1174 376 vigor
1190 325 1354 372 animae,
1379 339 1457 364 non

123 387 410 433 perseveraret.
482 378 561 419 Sed
597 380 728 433 plures
765 387 805 420 et
840 381 1060 435 philosophi
1096 380 1280 421 adversus
1316 381 1458 422 Dicae-

124 438 281 477 archum
306 436 436 485 Plato,
469 435 622 485 Strato,
654 437 864 491 Epicurus,
890 438 1155 486 Democritus,
1186 438 1457 491 Empedocles,

124 494 325 541 Socrates,
349 493 598 543 Aristoteles,
624 503 664 535 ct
683 495 824 536 medici
845 494 1033 538 adversus
1045 496 1242 536 Andream
1267 504 1307 535 et
1319 495 1459 536 Ascle-

123 551 277 605 piadem
307 551 560 605 Herophilus,
591 552 866 601 Erasistratus,
898 553 1076 600 Diocles,
1109 554 1387 607 Hippocrates,
1419 562 1461 593 et

124 611 208 662 ipse
235 608 426 657 Soranus,
458 610 609 663 iamque
641 611 815 650 omnibus
845 612 976 663 plures
1002 611 1229 659 Christiani,
1263 613 1326 664 qui
1357 611 1457 664 apud

126 666 242 707 deum
271 666 321 707 de
352 674 516 720 utroque
548 667 740 715 ducimur,
774 676 815 707 et
837 681 930 726 ‚esse
961 669 1174 722 principale
1207 670 1245 707 iu
1269 670 1395 707 anima
1421 676 1462 708 et

125 731 237 764 certo
265 725 306 764 in
337 726 514 777 corporis
550 738 706 764 recessu
746 733 1031 765 consecratum.
1106 726 1149 764 Si
1180 727 1280 765 enim
1312 733 1461 765 scruta-

124 789 252 824 torem
276 788 318 820 et
341 781 601 834 dispectorem
627 781 757 821 cordis
782 782 895 821 deum
921 783 1082 833 legimus
1097 784 1133 830 ¹)
1167 783 1200 821 si
1231 783 1345 821 etiam
1370 795 1462 834 pro·

123 839 262 891 phetes
293 839 376 877 eius
407 839 563 884 occulta
596 838 726 877 cordis
757 838 999 878 traducendo
1023 839 1275 891 probatur‚²)
1309 841 1341 877 si
1367 838 1462 878 deus

124 896 208 948 ipse
239 897 482 946 recogitatus
513 894 643 935 cordis
668 896 706 934 in
732 897 874 948 populo
898 898 1121 948 praevenit:
1158 895 1248 949 quid
1281 898 1462 948 cogitatis

124 953 167 993 in
190 950 374 992 cordibus
403 953 543 992 vestris
580 955 766 1005 nequam?
778 954 816 1002 ³)
854 955 887 992 si
918 961 958 993 et
989 953 1132 992 David:
1178 967 1249 992 cor
1284 953 1461 993 mundum

126 1008 253 1051 conde
266 1011 379 1050 inme
394 1009 502 1057 deus,
514 1012 553 1059 ⁴)
581 1018 623 1049 et
639 1010 778 1049 Paulus
799 1009 918 1049 corde
944 1012 1000 1049 ait
1024 1009 1132 1050 credi
1156 1011 1196 1049 in
1220 1011 1463 1062 iustitiam,⁵)

126 1074 168 1108 et
190 1067 357 1108 Ioannes
394 1066 516 1106 corde
552 1069 608 1106 ait
642 1081 711 1106 suo
750 1080 1052 1120 unumquemque
1089 1067 1397 1120 reprehendi‚⁶)
1430 1069 1463 1106 si

73 1133 78 1136 “
125 1132 343 1178 postremo:
388 1126 449 1176 qui
492 1123 636 1164 viderit
676 1125 855 1163 feminam
892 1123 941 1163 ad
979 1123 1348 1177 concupiscendum,
1387 1125 1461 1163 iam

127 1181 362 1222 adulteravit
373 1182 412 1219 in
426 1180 621 1232 corde:‘¹)
647 1182 757 1220 simul
782 1189 982 1234 utrumque
1002 1181 1159 1227 dilucet,
1187 1189 1227 1220 et
1251 1194 1336 1220 esse
1357 1182 1463 1234 prin-

130 1238 256 1291 cipale
281 1240 320 1277 iu
345 1239 483 1285 anima,
516 1238 620 1290 quod
644 1239 808 1277 intentio
835 1237 964 1278 diviua
989 1240 1205 1285 conveniat,
1239 1238 1279 1278 id
1305 1246 1364 1278 est
1387 1239 1462 1277 vim

129 1296 396 1348 sapientialem
421 1302 536 1347 atque
560 1296 728 1343 vitalem,
762 1295 882 1348 (quod
906 1297 1006 1335 enim
1032 1298 1150 1348 sapit,
1180 1295 1345 1334 vividum
1371 1302 1462 1347 est,)

130 1360 172 1392 et
195 1354 235 1392 iu
259 1365 308 1392 eo
334 1353 517 1392 thesauro
549 1354 727 1405 corporis
756 1353 912 1400 haberi,
946 1353 994 1391 ad
1027 1366 1137 1405 quem
1170 1352 1264 1391 deus
1289 1354 1463 1405 respicit,

130 1417 174 1450 ut
189 1423 315 1463 neque
334 1411 575 1452 extrinsecus
594 1411 735 1461 agitari
753 1417 864 1462 putes
888 1410 1103 1462 principale
1128 1409 1228 1448 istud
1254 1408 1463 1448 secundum

131 1466 392 1515 Heraclitum,
436 1479 560 1519 neque
597 1480 670 1519 per
705 1473 826 1505 totum
863 1480 1004 1519 eorpus
1040 1467 1218 1506 ventilari
1256 1465 1464 1506 secundum

109 1524 409 1570 -Muschionem,
436 1537 562 1576 neque
588 1524 627 1562 in
653 1525 782 1576 capite
808 1523 991 1563 concludi
1015 1523 1224 1564 secundum
1250 1523 1463 1570 Platonem,

130 1583 320 1634 neque-in
344 1582 493 1621 vertice
524 1582 653 1633 potius
683 1580 910 1634 praesidere
947 1581 1156 1621 secundum
1186 1581 1465 1627 Xenocratem,

131 1652 256 1691 neque
280 1640 321 1678 iu
346 1638 511 1678 cerebro
545 1638 688 1677 cubare
719 1638 928 1676 secuudum
960 1638 1253 1689 Hippocratem,
1291 1637 1362 1677 sed
1391 1650 1466 1677 nec

134 1698 240 1736 citca
265 1696 420 1736 cerebri
444 1693 743 1740 fundamentum,
769 1701 812 1732 ut
835 1694 1081 1746 Herophilus,
1113 1707 1185 1734 nec
1210 1696 1251 1733 in
1274 1694 1466 1733 membra·

134 1753 248 1799 nulis,
273 1759 315 1790 ut
340 1750 473 1789 Strato
499 1757 541 1789 et
563 1750 833 1796 Erasistratus,
865 1760 937 1788 nec
963 1751 1002 1789 in
1026 1751 1319 1802 superciliorum
1344 1749 1467 1789 medi-

134 1809 263 1856 tullio,
296 1815 338 1846 ut
362 1806 496 1845 Strato
528 1805 735 1857 PhysicuS,
773 1819 846 1844 uec
875 1807 915 1844 in
945 1813 1028 1845 tota
1052 1807 1176 1846 lorica
1200 1808 1392 1859 pectoris,
1425 1814 1468 1846 ut

134 1866 337 1918 Epicurus,
369 1862 438 1903 sed
465 1861 566 1914 quod
591 1869 632 1901 et
653 1861 839 1915 Aegyptii
864 1865 1180 1903 renuntiaverunt
1203 1865 1248 1911 ii,
1282 1865 1346 1916 qui
1369 1863 1467 1904 divi-

134 1936 269 1963 narum
295 1918 619 1960 commentatores
643 1918 890 1967 videbantur,
922 1928 962 1960 et
986 1921 1051 1960 ille
1076 1934 1209 1960 versus
1234 1920 1379 1973 Orphei
1403 1922 1466 1960 vel

135 1978 402 2032 Empedoclis:
446 1990 610 2029 namque
646 1977 812 2017 hominis
846 1979 1002 2030 sanguis
1040 1977 1369 2018 circumcordialis
1406 1986 1468 2018 est

136 2038 335 2084 sensus.⁸)
396 2035 522 2074 Etiam
547 2034 796 2086 Protagoras,
827 2037 943 2075 etiam
967 2035 1259 2089 Appollodorus
1283 2044 1326 2076 et
1338 2036 1466 2089 Chry-

136 2096 266 2147 sippus
289 2094 388 2133 haec
414 2093 584 2145 sapiunt,
615 2099 658 2130 ut
678 2093 741 2132 vel
765 2093 813 2131 ab
838 2094 923 2133 istis
946 2101 1097 2133 retusus
1118 2092 1374 2146 Asclepiades
1400 2106 1467 2132 ca-

136 2164 228 2204 pras
251 2164 338 2190 suas
364 2157 524 2202 quaerat
547 2150 630 2188 siue
657 2148 778 2189 eorde
803 2150 980 2190 halantes
998 2158 1040 2190 et
1057 2164 1208 2190 muscas
1227 2164 1315 2189 suas
1334 2151 1468 2200 abigat

137 2209 221 2247 sine
252 2209 379 2260 capite
409 2207 635 2254 volitantesr,
666 2213 708 2246 et
737 2220 869 2246 omnes
898 2209 973 2247 iam
1003 2210 1129 2248 sciant
1158 2221 1199 2246 se
1225 2208 1351 2259 potius
1382 2208 1465 2245 sine

139 2264 259 2305 corde
283 2272 325 2304 et
350 2264 514 2304 cerebro
538 2265 683 2310 vivere,
710 2265 772 2315 qui
797 2263 1085 2317 dispositionem
1111 2266 1260 2304 animae
1281 2264 1466 2302 humanae

138 2321 187 2362 de
210 2320 433 2362 conditione
458 2321 666 2360 bestiarum
691 2321 1005 2373 praeiudicarint.

232 2427 269 2467 1)
283 2427 365 2465 sap.
377 2425 446 2456 Sfll.
458 2426 488 2464 1,
504 2426 535 2456 6.
643 2425 679 2464 2)
693 2424 792 2455 prov.
809 2426 863 2465 24,
879 2427 932 2456 12.
969 2426 1025 2456 ΡΒ.
1039 2426 1116 2461 139,
1133 2425 1187 2455 23.
1294 2423 1328 2462 3)
1340 2424 1465 2455 Mflssh.

140 2475 173 2511 s,
187 2473 220 2503 4.
294 2472 331 2511 4)
345 2471 398 2501 ΡΒ.
414 2473 467 2507 51,
484 2471 537 2500 12.
610 2470 893 2510 5)Rom.1o,1o.
966 2470 1135 2509 6)110.3‚
1152 2471 1206 2500 ιτ.
1290 2468 1467 2512 ¹1)Matth.

140 2519 250 2596 Ξίτ128.1
290 2573 311 2604 P
328 2511 482 2594 Βέοκὲἐμα
507 2511 575 2560 γὰρ
601 2511 808 2559 ἀνθρώποις
832 2513 1058 2560 περικάρδιόν
1083 2512 1150 2547 ἐστι
1175 2511 1303 2557 νόημα.
1327 2515 1467 2548 sichaei

195 2587 204 2596 Ι
253 2585 264 2604 '
314 2587 322 2596 Ι
395 2584 411 2593 -
437 2586 445 2594 0
802 2590 806 2591 ⁷
