1566 2808
310 139 436 172 Anv.
470 140 833 172 MARCIONEM
867 141 1043 174 LIBER
1076 144 1135 175 tv,
1290 144 1391 182 129

69 227 136 270 S1'c
161 237 203 270 et
225 231 264 270 in
288 231 387 271 filias
411 229 540 271 Sionis
566 233 758 272 invehitur
782 246 854 285 per
877 232 1042 282 Esaiam,
1071 235 1173 274 cultu
1199 243 1238 275 et
1263 235 1390 280 diviti-

67 301 175 327 arnm
199 287 433 328 abundantia
457 289 672 339 inflatas;¹)
707 291 1043 330 comminabundus
1070 300 1108 335 et
1133 293 1222 332 alibi
1250 294 1391 333 nobili·
1435 337 1438 341 ,

68 345 138 384 bus
163 352 204 384 et
226 346 421 399 superbis:
447 345 622 386 dilatavit
648 361 762 386 orcus
787 350 949 387 animam
975 363 1078 388 suam
1106 358 1144 389 et
1170 345 1322 402 aperuit
1347 365 1390 390 os

68 404 194 450 suum,
222 410 273 442 ‘et
295 402 534 443 descendent
552 405 692 457 *inclyti
720 413 759 443 ct
786 407 910 456 magni
937 414 976 444 et
1001 406 1157 454 divites,
1198 409 1290 456 (hoc
1316 410 1393 447 erit

68 459 212 499 Christi
233 473 306 500 vae
331 474 447 513 super
471 461 642 511 divites,)
680 459 721 501 et
745 462 1003 501 humiliabitur
1027 464 1140 502 homo
1167 466 1296 518 utique
1323 478 1390 504 ex-

67 517 207 556 altatus
231 517 391 566 divitiis,
431 528 470 557 et
501 519 794 557 inhonorabitur
824 521 881 558 vir
910 522 1039 573 utique
1067 521 1115 559 ob
1142 522 1391 561 substantiam

67 573 317 614 honorabilis.
336 577 383 624 2)
436 575 494 614 De
527 577 660 628 quibus
686 584 726 615 et
756 590 902 615 rursus:
953 583 1048 616 ecce
1075 578 1248 618 dominus
1272 580 1391 618 virtu-

67 638 144 670 tum
170 629 414 672 conturbabit
439 633 632 684 gloriosos
658 647 741 672 cum
767 635 952 681 valentia,
992 642 1032 673 ct
1063 635 1154 673 elati
1182 632 1390 677 comminu-

65 696 191 736 entur,
217 697 258 728 et
279 697 392 728 ruent
416 689 547 740 gladio
573 690 816 738 sublimes.³)
851 691 922 738 Qui
948 692 1067 741 magis
1094 705 1203 742 quam
1229 691 1392 730 divites?

67 746 156 798 quia
179 748 402 798 receperint
426 747 579 784 scilicet
603 746 1039 794 aduocationemsuam,
1066 748 1227 798 gloriam
1255 756 1295 787 et
1320 749 1390 786 ho-

65 814 219 850 norem,
245 803 513 842 sublimitatem
539 817 589 842 ex
613 802 767 842 divitiis.
828 804 866 842 A
891 805 1024 856 quibus
1050 812 1228 843 avertens
1255 819 1323 843 nos
1350 813 1391 844 et

64 860 273 912 ili-psalmo
295 874 434 899 xnvm:
461 858 509 899 ne
534 862 723 908 timueris,
750 862 888 913 inquit,
917 875 1001 900 cum
1026 860 1133 900 dives
1158 863 1281 901 factus
1307 863 1390 901 fue-

64 917 115 955 rit
139 917 272 964 bomo,
310 924 351 956 et
375 930 459 956 cum
485 917 694 957 abundabit
718 918 843 969 gloria
868 919 968 965 eius,
996 920 1171 970 quoniam
1199 933 1281 958 cum
1309 933 1390 958 mo-

64 974 298 1014 rieturrndn
335 975 447 1014 tollet
483 976 634 1020 omnia,
678 988 749 1014 nec
788 974 1000 1015 descendet
1037 989 1120 1014 cum
1158 977 1225 1015 illo
1263 978 1391 1028 gloria

63 1040 144 1070 sua.
163 1032 203 1081 4)
263 1031 358 1071 Item
383 1033 423 1070 in
447 1046 531 1070 mu:
568 1045 616 1071 ne
643 1031 926 1071 desideraveris
957 1032 1126 1080 divitias,
1166 1041 1205 1072 et
1230 1035 1260 1072 si
1286 1034 1389 1072 relu-

65 1094 175 1134 cent,
207 1101 255 1138 ne
280 1088 472 1128 adieceris
499 1103 580 1128 cor.
600 1091 638 1137 5)
700 1089 744 1128 Id
769 1091 889 1142 ipsum
915 1097 1109 1141 postremo
1135 1091 1291 1128 verbum
1315 1103 1388 1129 vae

66 1144 155 1182 olim
180 1157 252 1197 per
274 1144 393 1184 Amos
419 1147 456 1184 in
489 1145 625 1184 divites
650 1146 848 1184 affluentes
880 1146 1022 1184 delitiis
1048 1146 1279 1194 destinatur3
1316 1160 1387 1185 vae

64 1199 190 1248 enim,
228 1203 372 1254 inquit,
412 1203 474 1254 qui
511 1201 702 1240 dormiunt
737 1204 774 1240 in
812 1203 922 1241 lectis
960 1199 1138 1242 eburneis
1170 1210 1210 1242 et
1246 1203 1388 1242 delitiis

63 1259 184 1297 fluunt
211 1259 251 1297 in
282 1261 377 1298 toris
407 1261 504 1306 suis,
543 1261 604 1311 qui
636 1259 754 1298 edunt
784 1259 931 1298 hoedos
962 1258 1010 1299 de
1042 1261 1225 1311 gregibus
1251 1274 1388 1312 capra-

64 1329 147 1354 rum
171 1323 213 1354 et
234 1317 373 1355 vitulos
399 1316 446 1355 de
472 1317 655 1367 gregibus
680 1317 792 1355 boum
826 1317 1032 1363 laetantes,
1072 1317 1386 1368 complaudentes

63 1372 271 1430 ad¹·sonum
297 1385 547 1424 organorum,
576 1380 752 1425 tanquam
777 1374 1065 1425 perseverantia
1091 1373 1384 1425 deputaverunt,

62 1437 104 1468 et
132 1443 209 1468 non
239 1437 415 1482 tanquam
447 1431 660 1482 fugientia,
700 1431 763 1482 qui
798 1430 933 1468 bibunt
956 1431 1082 1468 vinum
1109 1431 1307 1483 liquatum,
1346 1439 1388 1469 et

63 1487 264 1539 ungnentis
293 1487 485 1540 primariis
525 1494 728 1539 unguntur.
749 1487 787 1536 ⁶)
849 1487 971 1539 Igitur
1013 1489 1084 1526 etsi
1124 1487 1384 1530 tautummodo

61 1543 328 1584 dehortantem
365 1558 388 1583 a
425 1543 566 1583 divitiis
603 1543 847 1583 ostenderem
886 1551 1122 1592 creatorem,
1161 1559 1237 1583 non
1269 1546 1384 1584 etiam

59 1601 396 1655 praedamnantem
422 1600 578 1649 divites,
610 1603 724 1640 etiam
749 1601 870 1640 verbo
897 1603 993 1653 ipso,
1020 1615 1094 1654 quo
1121 1610 1160 1641 et
1186 1603 1383 1640 Christus:

60 1671 173 1698 nemo
187 1654 386 1700 'dubitaret
404 1659 451 1698 ab
473 1659 609 1698 eodem
623 1658 814 1698 adiectam
833 1660 870 1696 in
892 1658 1029 1697 divites
1050 1660 1383 1698 comminationem

60 1721 226 1768 per'‚vae
250 1715 412 1762 Christi,
450 1729 472 1754 a
499 1729 572 1767 quo
598 1717 763 1767 ipsarum
790 1717 1051 1761 materiarum,
1084 1715 1122 1753 id
1148 1723 1207 1754 est
1232 1715 1384 1753 divitia·

62 1784 156 1819 rum,
183 1771 402 1811 dehortatio
428 1773 770 1823 praecucurrisset.
833 1772 1084 1810 Comminatio
1111 1774 1210 1810 enim
1241 1771 1384 1810 dehor-

61 1830 218 1868 tationis
252 1830 427 1868 accessio
465 1835 536 1867 est.
598 1828 745 1879 Ingerit
781 1841 851 1866 vae
889 1829 1003 1867 etiam
1040 1830 1265 1875 saturatis,
1295 1830 1382 1881 quia

60 1888 244 1934 esurient,
269 1888 384 1925 etiam
410 1885 623 1924 ridentibus
647 1899 765 1932 nunc,
804 1886 889 1937 quia
917 1886 1112 1936 lugebunt.
1125 1887 1163 1932 7)
1226 1886 1294 1924 His
1318 1898 1382 1924 re-

59 1943 302 1996 spondebunt
325 1944 403 1990 illa,
430 1956 527 1995 quae
552 1944 710 1994 suprass)
736 1942 1069 1982 benedictionibus
1094 1944 1269 1994 opposita
1295 1950 1382 1981 sunt

58 2000 159 2053 apud
185 2008 421 2040 creatorem:
449 2013 557 2046 ecce,
585 2002 647 2052 qui
671 2000 761 2038 mibi
786 2001 972 2046 serviunt,
1004 2000 1285 2047 saturabuntur,
1311 2013 1380 2038 vos

38 2066 188 2098 ‘antem
223 2059 426 2104 esurietis,
464 2058 594 2110 utique
631 2058 719 2109 quia
754 2058 913 2096 saturati
950 2058 1060 2104 estis,
1099 2063 1140 2096 et
1164 2070 1277 2103 ecce,
1317 2059 1381 2109 qui

61 2114 152 2154 nihi
181 2117 372 2162 serviunt,
413 2114 724 2161 oblectabuntur,
759 2128 829 2153 vos
860 2113 986 2153 autem
1018 2113 1319 2160 confundemini,
1340 2114 1377 2158 ⁹)

59 2173 190 2224 utique
214 2173 418 2225 ploraturi,
456 2173 519 2224 qui
550 2185 649 2210 nune
679 2170 827 2210 ridetis.
892 2170 1002 2210 Sicut
1025 2172 1124 2210 enim
1150 2173 1188 2210 in
1213 2172 1378 2223 psalmo:

60 2230 125 2280 qui
148 2230 336 2268 seminant
358 2230 398 2273 in
420 2230 601 2276 lacrimis,
626 2230 666 2267 in
691 2229 837 2268 laetitia
862 2230 1099 2276 metent310)
1126 2230 1179 2266 ita
1205 2230 1242 2266 in
1263 2241 1380 2265 evan-

59 2286 183 2338 gelio:
222 2288 284 2339 qui
323 2287 361 2324 in
397 2287 475 2325 risu
511 2287 715 2333 seminant,
752 2286 903 2325 scilicet
933 2286 1098 2331 laetitia,
1135 2285 1174 2322 in
1211 2285 1379 2323 lacrimis

151 2435 188 2475 1)
212 2436 275 2465 les.
289 2436 321 2473 3,
337 2436 379 2465 16
393 2445 467 2474 sqq.
538 2433 578 2478 2)
604 2437 714 2474 lesa-¹),
729 2436 784 2466 14.
856 2433 894 2478 3)
920 2437 983 2466 les.
998 2437 1051 2474 1⁰,
1065 2432 1120 2466 33.
1190 2434 1229 2474 4)
1239 2447 1242 2450 ⁴
1254 2435 1308 2467 Pa.
1322 2434 1379 2476 49,

59 2481 102 2512 ¹⁴¹1
115 2489 166 2519 tq·
226 2479 263 2523 5)
278 2481 332 2510 Ps.
345 2482 400 2519 62,
416 2483 470 2510 11.
529 2483 566 2519 6)
579 2483 682 2512 Amos
695 2485 727 2518 6,
743 2482 776 2513 1.
790 2481 892 2518 4=qq.
955 2483 996 2520 7)
1007 2482 1088 2512 Luc.
1103 2482 1135 2519 6,
1151 2481 1206 2513 25.
1252 2482 1290 2523 8)
1303 2491 1377 2521 cap.

59 2526 114 2557 14.
208 2526 245 2565 9)
259 2528 322 2558 len.
337 2529 392 2568 65,
406 2527 448 2557 13
463 2535 535 2566 sqq.
631 2528 692 2568 10)
707 2526 761 2558 1²⁸.
775 2527 853 2568 126,
868 2528 901 2557 6.
1103 2569 1128 2595 *

1038 2575 1091 2615 12
