1604 2800
161 188 233 226 92
522 183 596 215 DE
633 181 833 213 CARNE
871 180 1124 212 cumsm.

161 281 235 321 deo
261 286 369 318 natus
395 276 512 324 est‚¹)
541 274 707 313 Hebioni
733 271 946 325 respoudit.
1007 271 1168 326 Aeque:
1197 267 1346 313 etiamsi
1371 286 1491 327 ange-

160 341 217 378 lus
244 337 289 375 de
317 335 438 374 coelis
464 333 579 371 aliter
604 332 932 382 evangelizaverit
961 330 1090 378 vobis,
1129 345 1239 384 quam
1272 345 1361 379 nos,
1399 345 1492 372 ana-

159 396 286 434 thema
316 392 435 440 sit,2)
468 389 517 429 ad
549 389 767 441 Euergema
799 387 1026 441 Apelliaeae
1056 389 1216 441 virginis
1249 388 1493 429 Philumenes

159 453 275 491 filium
302 448 447 500 dirigit.
511 447 628 486 Certe
661 448 724 499 qui
756 454 874 498 negat
900 446 1091 485 Christum
1117 448 1155 485 in
1182 460 1300 486 carne
1325 448 1492 494 venisse,

158 511 220 548 hic
259 507 506 547 antichristus
545 506 668 556 est-³)
733 504 885 544 Nudam
923 512 963 543 et
999 505 1213 544 absolutam
1250 511 1292 545 et
1328 505 1493 558 simplici

159 567 310 605 nomine
337 571 497 603 naturae
523 576 616 603 suae
642 563 893 615 pronuntians
926 576 1100 610 carnem,
1140 566 1272 603 omnes
1298 561 1493 616 discepta-

158 633 263 663 tores
289 624 370 662 eius
396 622 506 670 ferit3
545 622 647 660 sicut
678 628 718 659 et
749 619 937 659 definiens
967 622 1088 673 ipsum
1121 634 1271 674 quoque
1299 620 1492 660 Christum

156 695 283 729 unum,
310 680 552 719 multiformis
579 679 722 717 Christi
748 685 1084 730 argumentatores
1110 680 1250 731 quatit,
1283 680 1347 731 qui
1378 678 1493 718 alium

156 740 303 778 faciunt
340 738 551 784 Christum,
591 736 704 775 alium
744 736 886 784 lesum,
926 737 1041 775 alium
1073 737 1243 789 elapsum
1275 735 1323 776 de
1355 735 1494 776 mediis

156 797 293 844 turbis,
332 796 446 834 alium
473 794 690 842 detentum,
729 794 844 832 alium
870 795 908 832 in
934 807 1092 833 secessu
1117 796 1257 834 montis
1282 795 1322 833 in
1347 794 1492 834 ambitu

157 855 268 894 nubis
299 853 366 892 sub
399 852 521 891 tribus
559 852 714 890 arbitris
753 852 916 898 clarum,
955 851 1070 891 alium
1108 853 1251 891 ceteris
1287 853 1492 905 passivum,

156 911 381 964 ignobilem,
407 911 522 949 alium
545 910 838 961 magnanimum,
865 909 979 948 alium
1003 922 1098 949 vero
1124 909 1395 963 trepidantem,
1422 923 1493 948 no-

156 971 310 1009 vissime
337 969 451 1007 alium
477 981 648 1020 passum,
681 968 795 1006 alium
828 968 1116 1015 resuscitatum,
1148 981 1220 1020 per
1251 966 1353 1020 quod
1385 980 1492 1007 suam

157 1040 308 1080 quoque
323 1028 361 1065 in
381 1026 457 1065 alia
484 1039 601 1065 carne
627 1026 955 1064 resurrectionem
981 1024 1224 1064 adseverant.
1276 1023 1356 1064 Sed
1373 1024 1491 1072 bene,

157 1085 258 1138 quod
285 1084 387 1124 idem
411 1084 543 1123 veniet
568 1083 616 1123 de
644 1084 784 1131 coelis,
825 1084 888 1135 qui
913 1091 973 1122 est
997 1097 1150 1135 passus,
1189 1081 1292 1122 idem
1318 1082 1492 1122 omnibus

157 1143 377 1196 apparebit,
418 1143 482 1194 qui
520 1149 580 1180 est
617 1142 929 1191 1esuscitatus.⁴¹)
992 1140 1043 1179 Et
1078 1140 1263 1180 videbunt
1299 1148 1340 1180 et
1370 1154 1492 1193 agno-

157 1208 279 1248 scent,
307 1201 370 1253 qui
396 1213 481 1239 eum
509 1200 811 1249 confixerunt,⁵)
826 1199 957 1251 utique
977 1200 1097 1251 ipsam
1119 1211 1288 1247 carnem,
1314 1199 1354 1238 in
1380 1212 1491 1252 quam

157 1260 394 1305 saevierunt,
432 1259 514 1296 sine
542 1271 615 1310 qua
641 1271 713 1296 nec
740 1258 822 1309 ipse
849 1268 934 1296 esse
960 1258 1107 1310 poterit
1131 1270 1204 1296 nec
1230 1258 1412 1309 agnosci,
1450 1264 1493 1298 ut

157 1323 197 1354 et
232 1317 288 1354 illi
320 1315 571 1362 erubescant,
611 1317 674 1368 qui
705 1314 893 1354 affirmant
923 1328 1078 1354 carnem
1109 1315 1148 1353 in
1179 1315 1302 1354 coelis
1331 1314 1509 1354 vacuam'

158 1386 286 1419 sensu,
312 1380 354 1411 ut
377 1373 555 1423 vaginam
582 1380 762 1424 exempto
790 1373 944 1411 Christo
970 1371 1123 1421 sedere,
1155 1379 1222 1411 aut
1246 1373 1310 1425 qui
1335 1385 1491 1412 carnem

157 1436 199 1468 et
234 1430 396 1467 animam
433 1428 676 1476 tantundem,
714 1436 781 1467 aut
817 1429 1079 1469 tantummodo
1117 1431 1296 1478 animam,
1334 1441 1491 1470 carnem

157 1499 252 1526 vero
278 1499 356 1524 non
381 1486 470 1524 iam.

273 1546 342 1585 25.
394 1540 474 1581 Sed
510 1542 698 1581 hactenus
735 1541 782 1580 de
820 1544 983 1580 materia
1014 1546 1210 1594 praesenti
1242 1546 1350 1582 satis.
1411 1545 1490 1583 Iam

158 1602 260 1641 enim
284 1600 455 1639 arbitror
479 1600 704 1638 instructam
731 1612 815 1638 esse
843 1600 971 1638 carnis
1003 1600 1041 1637 in
1075 1599 1230 1639 Christo
1262 1607 1304 1639 et
1334 1613 1384 1639 ex
1413 1602 1491 1639 vir-

157 1660 247 1710 gine
273 1665 387 1696 natae
413 1663 453 1696 et
477 1656 664 1695 humanae
690 1657 973 1709 probationem,
1001 1656 1103 1709 quod
1128 1664 1170 1696 et
1193 1657 1316 1696 solum
1341 1657 1491 1698 discus-

157 1730 237 1755 sum
275 1715 451 1754 sufficere
488 1715 699 1767 potuisset,
738 1713 808 1753 sed
846 1716 946 1753 citra
981 1714 1218 1765 singularum
1255 1727 1305 1753 ex
1336 1714 1491 1755 diverso

157 1774 377 1826 opinionum
404 1773 742 1823 congressionem,
782 1785 893 1824 quam
929 1778 970 1811 et
1000 1772 1398 1824 argumentationibus
1424 1786 1491 1813 ea-

156 1844 238 1870 rum
264 1838 304 1870 et
327 1831 547 1882 scripturis,
587 1830 723 1882 quibus
749 1837 924 1877 utuntur,
961 1831 1257 1882 provocavimus
1288 1843 1339 1869 ex
1369 1830 1490 1869 abun-

157 1888 282 1935 danti,
322 1889 375 1927 uti
400 1901 468 1935 eo,
502 1887 604 1940 quod
630 1887 895 1940 probavimuS,
929 1886 1019 1940 quid
1044 1895 1084 1927 et
1107 1886 1208 1928 unde
1234 1888 1353 1927 fuerit
1379 1887 1492 1927 Chri-

157 1946 207 1983 sti
233 1958 344 1991 caro,
383 1944 474 1996 quid
504 1959 580 1983 non
614 1945 751 1993 fuerit,
791 1945 975 1985 adversus
1002 1956 1135 1985 omnes
1158 1944 1491 1998 praeiudicaveri-

157 2015 251 2040 mus.
314 2001 365 2040 Ut
388 2009 516 2040 autem
544 2003 752 2041 clausulam
785 2002 833 2042 de
865 2003 1109 2056 praefatione
1143 2003 1334 2042 communi
1363 2003 1492 2043 *faciat

158 2060 395 2098 resurrectio
422 2066 578 2098 nostrae
606 2061 732 2098 carnis
758 2061 835 2100 alio
861 2061 994 2100 libello
1020 2058 1285 2108 defendenda,
1324 2060 1388 2099 hic
1419 2060 1489 2100 ha-

156 2116 265 2155 bebit
288 2117 648 2169 praestructionem,
675 2119 878 2159 manifesto
905 2120 999 2168 iam,
1027 2118 1139 2172 quale
1163 2118 1294 2166 suerit,
1321 2116 1425 2171 quod
1448 2118 1488 2161 in

159 2174 313 2213 Christo
339 2176 610 2215 resurrexerit.

159 2337 469 2421 5)11)19¹⁰a·11'¹3'
575 2336 801 2380 25ea1.1‚.8.
898 2337 1136 2382 3)110.4,3.
1231 2334 1487 2379 4)Act.1,11.

237 2391 267 2414 o.
323 2404 333 2424 ,
394 2404 402 2413 .
