1604 2800
367 147 440 180 1)ss
471 147 985 180 RESURRECTIONE
1022 148 1249 178 cAans.
1373 148 1473 184 131

143 245 203 286 et,
229 237 483 291 quodcunque
508 239 592 278 eius
616 239 736 290 perit,
762 239 905 277 salvum
930 239 1104 278 facturus
1128 246 1187 277 cst
1211 237 1405 290 dominus,
1433 250 1474 283 et

144 295 399 349 quodeunque
434 309 512 335 non
542 296 663 349 perit,
701 297 831 348 utique
871 309 946 334 non
979 296 1055 335 erit
1086 295 1318 348 perditurus.
1379 299 1472 349 Quis

144 354 245 394 ultra
269 353 319 394 de
342 355 540 406 utriusque
564 354 801 393 substantiae
827 355 1039 394 securitate
1065 353 1272 403 dubitabit,
1306 370 1391 396 eum
1416 358 1475 396 al-

143 419 229 452 tera
252 412 413 451 salutem
438 419 695 452 consecutura
720 412 788 459 sit,
825 412 948 451 altera
979 413 1164 452 amissura
1189 426 1272 452 eam
1299 427 1375 453 non
1401 415 1474 454 sit?

142 469 195 509 Et
219 476 348 508 tamen
372 468 498 510 adhue
529 483 680 509 sensum
706 471 763 508 rei
789 470 970 522 exprimit
988 469 1181 509 dominus:
1207 484 1297 522 ego,
1324 470 1471 516 dicens,

143 528 245 574 veni,
271 540 349 566 uon
372 534 415 566 ut
439 540 574 574 meam,
599 526 669 567 sed
694 535 736 566 ut
761 528 894 580 patris,
920 528 983 579 qui
1010 541 1068 567 me
1095 529 1213 573 misit,
1241 529 1380 567 faciam
1404 543 1473 568 vo-

142 583 343 624 luntatem.
406 584 546 633 Quam,
585 599 656 624 oro
683 587 746 625 te?
776 593 816 623 ut
841 598 972 632 omne,
999 584 1100 638 quod
1126 585 1234 624 dedit
1258 586 1368 633 mihi,
1394 600 1472 626 non

141 641 302 694 perdam
327 655 378 683 ex
402 655 452 682 eo
478 643 697 695 quicquam,
735 642 805 682 sed
829 644 1057 682 resuscitem
1082 642 1175 682 illud
1201 644 1239 682 in
1265 645 1473 684 novissima

142 698 270 748 die-¹)
334 699 433 748 Quid
457 714 479 738 a
504 707 614 752 patre
640 700 814 739 Christus
838 707 1068 752 acceperat,
1106 701 1177 738 uisi
1209 699 1311 752 qnod
1344 708 1383 739 et
1412 703 1471 740 iu-

141 755 303 797 duerat?
337 757 529 795 hominem
566 758 649 796 sine
680 757 816 803 dubio,
856 759 983 795 carnis
1013 758 1239 809 animaeque
1265 764 1470 797 texturam.

139 813 329 853 Neutrum
361 826 458 865 ergo
490 826 641 860 eorum,
680 827 778 866 quae
807 815 980 865 accepit,
1007 814 1136 865 perire
1168 814 1353 866 patietur,
1393 816 1469 853 imo

140 883 214 911 nee
239 871 440 924 quicquam
465 872 674 923 utriusque,
701 872 776 910 imo
803 884 875 910 nec
908 870 1113 910 modicum.
1176 870 1321 919 Quodsi
1349 871 1470 910 modi-

140 942 226 969 cum
257 942 366 975 caro,
391 941 486 980 ergo
513 941 587 968 uec
613 942 781 975 carnem,
808 929 896 980 quia
921 942 994 968 nec
1020 928 1231 976 modicum,
1263 942 1336 968 nee
1363 931 1470 981 quic-

140 999 264 1040 quam.
321 985 442 1038 Atqui
472 987 504 1025 si
534 999 612 1024 non
643 993 683 1025 et
708 999 861 1025 carnem
888 985 1136 1025 resuscitabit
1161 987 1366 1025 novissima
1392 986 1468 1031 die,

139 1044 216 1084 iam
239 1058 317 1083 nou
342 1043 532 1083 modicum
558 1045 725 1095 patietur
748 1044 877 1095 perire
903 1042 953 1082 de
978 1043 1145 1090 homine,
1172 1043 1241 1082 sed
1265 1057 1336 1095 pro
1364 1051 1469 1082 tanta

139 1100 303 1141 dixerim
340 1108 450 1153 parte
488 1113 610 1152 prope
647 1107 782 1139 totum.
843 1099 1031 1152 Ingerens
1061 1102 1240 1151 amplius:
1278 1101 1376 1138 haec
1408 1108 1469 1139 est

138 1159 262 1211 patris
296 1158 492 1203 voluntas,
530 1165 572 1196 ut
607 1159 747 1205 omnis,
786 1158 848 1209 qui
886 1158 1024 1208 aspicit
1055 1157 1170 1195 filium
1202 1164 1242 1196 et
1273 1156 1399 1195 credit
1429 1159 1466 1196 in

138 1228 246 1262 eum,
282 1214 425 1253 babeat
449 1215 563 1253 vitam
588 1222 805 1261 aeternam,
844 1221 885 1253 et
914 1215 1094 1253 suscitem
1125 1215 1231 1253 illum
1261 1215 1467 1253 novissima

139 1272 274 1321 die,2)
302 1270 576 1325 plenitudinem
602 1274 767 1311 exstruit
791 1273 1109 1319 resurrectionis,
1148 1270 1340 1310 distribuit
1365 1273 1466 1310 enim

138 1331 290 1382 utrique
314 1329 551 1369 substantiae
581 1341 652 1381 per
683 1329 808 1368 officia
838 1331 1032 1381 propriam
1063 1328 1282 1368 mercedem
1318 1329 1464 1375 salutis,

137 1395 180 1427 et
202 1388 323 1434 carni,
349 1400 420 1439 per
445 1400 554 1439 qnam
581 1387 679 1426 filius
706 1387 903 1436 [bominis]
929 1386 1210 1438 aspiciebatur,
1237 1393 1277 1423 et
1301 1387 1464 1432 animae,

135 1458 209 1498 per
232 1458 343 1496 quam
368 1443 614 1483 credebatur.
674 1443 801 1494 Ergo,
829 1443 949 1490 dices,
976 1444 1051 1481 illis
1077 1444 1153 1482 erit
1177 1444 1364 1494 promissa
1387 1455 1464 1489 res,

135 1515 160 1541 a
184 1501 319 1554 quibus
343 1500 518 1540 Christus
547 1499 765 1541 videbatur.
830 1499 890 1539 Sit
919 1501 1032 1552 plane
1064 1501 1136 1547 ita,
1175 1507 1216 1538 ut
1246 1507 1287 1538 et
1315 1499 1364 1539 ad
1396 1513 1465 1539 nos

134 1558 273 1599 eadem
297 1572 387 1611 spes
411 1557 502 1598 inde
525 1560 750 1598 manaverit.
811 1557 911 1597 Nam
936 1560 969 1597 si
992 1557 1212 1598 videntibus
1242 1565 1283 1596 et
1313 1557 1464 1597 ideirco

135 1616 386 1657 credentibus
411 1617 609 1656 fructuosa
633 1623 724 1655 tunc
750 1617 906 1655 fuerunt
930 1628 1049 1668 opera
1076 1616 1204 1654 carnis
1235 1621 1349 1667 atque
1382 1616 1465 1653 ani-

134 1688 241 1722 mae,
271 1675 390 1713 multo
415 1674 537 1724 magis
561 1673 686 1712 nobis.
746 1672 959 1711 Feliciores
985 1673 1105 1718 enim,
1144 1672 1207 1722 qui
1233 1685 1309 1710 non
1332 1670 1465 1709 vident

135 1738 177 1770 et
196 1730 419 1777 credunt,³)
435 1729 600 1780 qnando,
625 1730 700 1768 etsi
723 1729 800 1767 illis
825 1735 1035 1779 negaretur
1059 1729 1186 1767 carnis
1210 1729 1462 1772 resurreetio,

137 1795 247 1828 certe
275 1786 518 1827 felicioribus
543 1786 804 1837 competisset.
867 1783 1068 1833 Quomodo
1099 1785 1200 1824 enim
1231 1785 1388 1831 felices,
1431 1785 1465 1823 si

134 1859 185 1885 ex
208 1852 319 1898 parte
343 1844 543 1897 perituri?⁸

249 1905 318 1944 35.
370 1899 449 1940 Sed
474 1908 515 1939 et
539 1900 731 1952 praecipit
754 1912 840 1938 eum
866 1900 993 1952 potius
1016 1898 1244 1946 timendum,
1263 1936 1266 1937 γ
1282 1899 1346 1950 qui
1373 1911 1463 1938 cor-

133 1974 204 2013 pu
228 1967 269 1999 et
292 1959 454 1999 animam
481 1956 637 1996 occidat
660 1958 697 1996 in
730 1957 965 2008 gehennam,
1002 1956 1042 1996 id
1072 1963 1133 1996 est
1168 1956 1361 1995 dominum
1397 1968 1462 1994 so-

134 2019 230 2065 lum,
267 2031 346 2056 non
377 2017 440 2068 qui
465 2028 605 2067 corpus
630 2014 830 2062 occidant,
868 2015 1017 2054 animae
1043 2021 1168 2053 autem
1196 2013 1289 2052 nihil
1314 2025 1460 2052 nocere

135 2076 356 2127 possint,⁴)
388 2073 427 2112 id
459 2080 518 2112 est
547 2072 730 2112 humanas
754 2079 982 2125 potestates.
1040 2070 1154 2111 Adeo
1180 2071 1244 2110 hic
1270 2078 1311 2110 et
1335 2072 1462 2109 anima

133 2132 361 2173 immortalis
385 2138 521 2169 natura
546 2131 854 2182 recognoscitur,
884 2143 983 2182 quae
1009 2143 1084 2169 nou
1109 2129 1232 2181 possit
1257 2127 1387 2167 occidi
1411 2127 1458 2166 ab

134 2189 370 2236 lio-iniibus,
407 2196 448 2227 et
484 2188 612 2227 earnis
642 2200 729 2227 esse
760 2189 1052 2234 mortalitatem,
1090 2188 1197 2226 cuius
1222 2187 1272 2224 sit
1297 2184 1456 2229 occisio,

133 2254 249 2298 atque
284 2247 339 2287 ita
374 2245 699 2285 resurrectionem
737 2258 886 2297 quoqne
923 2252 1159 2284 mortuorum
1190 2242 1318 2282 carnis
1355 2253 1454 2285 esse,

134 2317 231 2357 quae
256 2304 294 2343 in
320 2303 536 2355 gehennam
561 2303 634 2342 uisi
659 2303 890 2343 resuscitata
911 2316 989 2342 non
1014 2302 1159 2355 poterit
1184 2297 1326 2338 occidi.
1377 2295 1456 2337 Sed

225 2453 259 2494 1)
283 2455 331 2486 10.
345 2456 376 2494 6,
391 2454 492 2492 388q.
588 2452 625 2491 2)
652 2454 696 2483 10.
710 2454 742 2491 6,
761 2453 817 2484 40.
911 2453 948 2492 3)
973 2452 1037 2482 Ed.
1055 2450 1157 2481 Fran.
1177 2451 1211 2480 et
1229 2449 1304 2488 Rig.
1324 2447 1454 2478 relic.

130 2501 258 2538 enim,
289 2499 446 2540 inquit,
478 2498 550 2538 qui
580 2508 660 2529 non
691 2498 891 2529 viderunt
921 2499 963 2528 et
988 2496 1178 2528 eredunt.
1273 2493 1309 2534 4)
1333 2492 1475 2525 Matthc.

132 2547 186 2587 10,
211 2547 265 2576 28.

1109 2590 1135 2628 9
1144 2585 1167 2608 ιιι
