1604 2800
161 226 234 264 os
380 223 454 255 DE
491 219 1006 254 ausonium-rioms
1043 218 1274 252 cAans.

160 321 306 359 buisset
337 317 440 363 fieri,
480 327 589 367 quam
623 313 708 353 fieri
739 313 894 360 scisset,
932 313 964 351 si
995 311 1080 351 fieri
1112 312 1311 351 noluisset.
1372 310 1430 352 Ita
1455 317 1497 352 et

161 373 370 415 secundum
402 373 490 412 illos
520 384 643 424 aeque
676 383 769 410 caro
795 368 859 409 dei
883 382 961 409 res.
1021 368 1128 408 Nihil
1154 369 1286 422 operis
1309 382 1387 408 non
1411 370 1496 410 eius

161 440 239 480 est,
280 433 343 484 qui
370 443 503 484 passus
529 436 589 469 est
614 441 715 468 esse.
776 427 884 467 Bene
909 433 1050 474 autem,
1078 425 1180 479 quod
1205 427 1335 479 plures
1361 433 1402 466 et
1426 425 1498 467 du-

160 492 286 529 riores
325 500 498 542 quaeque
526 486 740 526 doetrinae
778 492 897 524 totam
930 485 1094 524 hominis
1125 484 1389 536 figulationem
1421 483 1498 525 deo

161 555 294 586 nostro
333 545 489 586 cedunt.
552 543 723 592 Quantus
759 543 823 582 hie
861 544 928 590 sit,
967 543 1060 581 satis
1091 543 1211 590 nosti,
1249 543 1314 595 qui
1343 542 1498 583 unicum

163 603 379 644 credidisti.
439 602 605 654 Incipiat
641 602 715 640 iam
754 600 823 640 tibi
862 614 955 640 caro
992 600 1170 652 placere,
1210 601 1318 639 cuius
1354 600 1499 639 artifex

162 669 289 701 tantus
315 669 387 700 est.
452 658 529 698 Sed
557 666 598 698 et
623 657 795 705 mundus,
823 659 967 710 inquis,
995 656 1058 696 dei
1085 671 1180 710 opus
1206 664 1277 704 est,
1305 663 1345 697 et
1369 664 1499 697 tamen

161 720 351 771 praeterit
383 718 534 759 habitus
565 717 676 755 huius
707 714 909 767 mundi,¹)
935 715 1112 767 apostolo
1145 727 1296 767 quoque
1321 722 1498 755 auctore.

162 775 250 815 Nec
276 775 426 814 idcirco
452 774 646 813 restitutio
673 772 801 812 mundi
826 771 1173 825 praeiudicabitur,
1201 773 1289 825 quia
1314 771 1379 811 dei
1404 783 1502 825 opus

165 840 237 872 est.
300 831 351 870 Et
375 832 506 883 utique
533 832 564 868 si
589 830 820 868 universitas
845 829 1140 869 irreformabilis
1164 837 1253 882 post
1283 828 1499 876 decessum,

166 889 256 942 quid
282 890 436 942 portio?
497 887 628 934 Plane,
655 887 687 925 si
713 887 842 939 portio
867 888 1108 925 universitati
1134 886 1386 939 adaequatur.
1434 885 1501 926 Ad

165 947 384 986 distantiam
412 947 512 984 enim
537 957 804 997 provocamus.
866 943 995 982 Primo
1027 942 1198 997 quidem,
1238 941 1340 996 quod
1373 944 1501 982 omnia

164 1017 344 1044 sermone
371 1002 433 1042 dei
466 1003 571 1041 facta
601 1009 706 1049 sunt,
744 1009 785 1040 et
813 1002 895 1040 siue
926 1002 995 1040 illo
1027 1000 1181 1050 nihil.2)
1243 1001 1347 1040 Caro
1372 1008 1500 1040 autem

165 1069 206 1101 et
231 1073 410 1100 sermone
437 1059 500 1098 dei
527 1059 703 1098 constitit
727 1065 890 1110 propter
914 1058 1089 1104 formam,
1116 1070 1164 1096 ne
1192 1057 1281 1109 quid
1308 1059 1391 1097 sine
1416 1069 1502 1098 ser-

164 1131 293 1158 mone.
356 1117 556 1157 Faciamus
581 1117 681 1155 enim
707 1115 966 1164 hominem,³)
993 1122 1082 1154 aute
1108 1116 1324 1168 praemisit,
1356 1122 1398 1155 et
1420 1128 1501 1155 am-

164 1176 283 1228 plius,
323 1188 455 1221 manu,
488 1181 652 1226 propter
675 1173 976 1226 praelationem,
1004 1186 1052 1211 ne
1077 1173 1318 1212 universitati
1345 1186 1502 1225 eompa-

164 1240 331 1272 raretur.
392 1231 442 1270 Et
467 1232 594 1278 finxit,
627 1232 766 1284 inquit,
794 1230 888 1269 deus
913 1231 1164 1278 hominem.4)
1224 1230 1392 1282 Magnae
1417 1231 1501 1270 sine

165 1290 282 1329 dubio
310 1261 555 1329 differentiae
581 1289 701 1335 ratio,
728 1302 800 1341 pro
827 1287 1051 1327 conditione
1077 1288 1231 1326 scilicet
1256 1301 1404 1336 rerum;
1429 1289 1502 1328 mi-

163 1360 263 1386 nora
288 1348 408 1391 enim,
443 1360 540 1398 quae
567 1346 728 1392 fiebant,
762 1359 830 1393 eo,
863 1347 925 1384 eui
952 1345 1112 1391 fiebant,
1144 1344 1330 1397 siquidem
1355 1346 1502 1385 homini

166 1404 330 1449 fiebant,
371 1404 433 1441 cui
460 1417 549 1441 mox
574 1417 596 1441 a
623 1403 696 1441 deo
723 1402 881 1442 addicta
905 1410 1004 1441 sunt.
1065 1402 1210 1442 Merito
1234 1404 1355 1454 igitur
1377 1406 1420 1442 ut
1442 1403 1502 1443 fa·

166 1460 269 1498 mula
305 1461 409 1497 iussu
446 1465 487 1497 et
524 1461 686 1510 imperio
725 1467 765 1497 et
801 1460 885 1498 sola
921 1460 1048 1499 vocali
1090 1467 1284 1512 potestate
1321 1461 1503 1501 universa

166 1522 456 1568 processerant.
520 1515 665 1553 Contra
690 1515 818 1562 homo,
844 1523 886 1553 ut
913 1516 1088 1555 dominus
1114 1531 1260 1565 eorum,
1286 1519 1326 1557 in
1351 1518 1426 1558 hoe
1452 1517 1501 1557 ab

167 1575 252 1625 ipso
280 1571 354 1611 deo
382 1579 600 1611 exstructus
626 1579 704 1616 est,
737 1579 778 1609 ut
804 1571 979 1610 dominus
1005 1585 1090 1611 esse
1117 1582 1265 1625 posset,
1299 1575 1386 1615 dum
1412 1575 1455 1613 fit
1479 1588 1503 1613 a

170 1630 339 1669 domino.
401 1628 602 1667 Hominem
639 1636 766 1668 autem
803 1636 995 1668 memento
1034 1639 1188 1669 carnem
1219 1632 1376 1683 proprie
1409 1630 1501 1678 dici,

171 1700 268 1739 quae
295 1688 402 1738 prior
425 1685 652 1725 vocabulum
679 1686 842 1724 hominis
868 1687 1091 1738 occupavit:
1119 1694 1159 1725 et
1183 1688 1293 1726 fiuxit
1317 1687 1412 1727 deus
1431 1688 1503 1729 ho-

170 1745 328 1790 minem,
369 1744 496 1782 limum
535 1742 582 1782 de
621 1744 786 1792 terra.5)
848 1742 926 1781 Iam
958 1743 1093 1791 homo,
1132 1745 1195 1796 qui
1225 1744 1352 1784 adhuc
1378 1746 1500 1785 limus.

169 1800 222 1839 Et
247 1801 453 1840 insufflavit
477 1802 516 1839 in
542 1801 682 1839 faciem
709 1802 791 1839 eius
817 1801 946 1839 flatum
971 1802 1092 1848 vitae,
1133 1809 1173 1840 et
1197 1802 1323 1841 factus
1348 1809 1410 1842 est·
1431 1803 1504 1842 ho-

170 1872 253 1905 mo,
291 1857 330 1897 id
363 1865 423 1897 est
454 1859 582 1906 limus,
621 1859 658 1896 in
685 1859 846 1897 animam
872 1858 1014 1905 vivam,
1042 1865 1083 1896 et
1107 1860 1235 1911 posuit
1259 1859 1354 1899 deus
1379 1860 1504 1901 homi-

170 1929 276 1962 nem,
316 1929 426 1967 quem
460 1916 587 1962 finxit,
626 1917 664 1954 in
694 1914 935 1967 paradiso.⁶)
995 1914 1109 1954 Adeo
1142 1917 1256 1955 homo
1282 1917 1502 1969 figmentum

169 1973 314 2024 primo,
348 1972 489 2011 dehinc
516 1980 634 2011 totus.
698 1973 782 2011 Hoc
809 1985 856 2011 eo
884 1971 1201 2021 commendarim,
1239 1975 1295 2014 uti
1321 1973 1503 2028 quicquid
1560 2020 1569 2027 ‚

171 2030 328 2067 omnino
354 2029 498 2067 homini
523 2043 547 2068 a
572 2028 646 2069 deo
671 2037 919 2082 prospectum
944 2038 1058 2083 atque
1079 2033 1305 2083 promissum
1326 2040 1398 2080 est,
1425 2046 1502 2071 non

171 2086 245 2124 soli
271 2087 438 2132 animae,
476 2099 608 2126 verum
639 2093 679 2125 et
712 2088 819 2125 carni
850 2089 951 2126 scias
984 2087 1171 2136 debitum,
1208 2096 1251 2127 ut
1280 2091 1313 2128 si
1345 2102 1421 2128 non
1452 2102 1503 2129 ex

175 2144 373 2181 consortio
400 2145 575 2194 generiS,
604 2150 711 2183 certe
737 2145 799 2183 vel
825 2158 874 2184 ex
898 2146 1102 2198 privilegio
1129 2147 1303 2185 nominis.

290 2204 329 2242 6.
385 2199 602 2252 Persequar
638 2202 767 2253 itaque
810 2204 1072 2255 propositum,
1123 2204 1154 2242 si
1191 2211 1319 2244 tamen
1355 2211 1501 2244 tantum

172 2258 316 2308 possim
344 2258 452 2296 carni
476 2257 697 2306 vindicare,
738 2268 917 2311 quantum
943 2261 1106 2299 contulit
1131 2262 1217 2308 ille,
1245 2263 1308 2313 qui
1334 2275 1416 2303 eam
1442 2262 1502 2301 fe*

174 2315 240 2360 eit,
267 2316 342 2353 iam
367 2322 457 2353 tune
484 2316 728 2367 gloriantem,
757 2317 856 2369 quod
884 2319 951 2357 illa
976 2319 1175 2370 pusillitas,
1203 2319 1331 2366 limus,
1358 2321 1396 2358 iu
1421 2332 1502 2358 ma-

174 2383 243 2408 nus
269 2371 345 2419 dei,
374 2385 622 2426 quaecunque
648 2381 746 2421 suut,
773 2377 961 2426 pervenit,
987 2377 1081 2415 satis
1099 2376 1247 2425 heatus,
1268 2377 1341 2416 etsi
1361 2377 1502 2416 solum-

268 2565 304 2604 1)
331 2567 349 2596 1
365 2566 442 2598 Cor.
457 2569 488 2606 7,
505 2569 558 2600 31.
655 2569 691 2607 2)
718 2570 764 2600 10.
779 2571 810 2609 1,
825 2571 856 2601 3.
953 2572 988 2611 3)
1014 2571 1098 2604 Gen.
1115 2572 1145 2612 1,
1161 2574 1215 2605 26.
1309 2570 1345 2614 4)
1369 2572 1453 2605 Gen.
1469 2575 1500 2617 1,

178 2606 231 2637 2¹1.
326 2612 362 2650 5)
387 2613 470 2645 Gen.
485 2615 516 2654 2,
532 2616 563 2646 7.
658 2615 695 2654 6)
721 2616 805 2646 Gen.
818 2617 851 2655 2,
868 2616 887 2645 7
902 2625 952 2654 sq.
