1566 2808
131 211 202 249 84
391 211 516 242 Anv.
551 195 914 254 mxncm'msm
946 206 1124 239 menn
1156 206 1197 236 11.

133 305 421 350 intercessisse,
449 311 539 356 puta
565 301 772 342 rescidisse
798 302 901 350 illum
927 300 1079 339 arbitrii
1106 298 1336 344 libertatem,
1369 294 1457 335 dum

131 368 292 402 revocat
317 361 364 399 ab
391 361 551 407 arbore,
591 360 678 398 dum
710 361 829 412 ipsum
857 359 1231 409 circumscriptorem
1259 354 1457 394 colubrum

131 433 154 458 a
180 430 390 470 congressu
423 419 588 457 feminae
615 425 742 464 arcet,
781 430 906 455 nonne
939 416 1176 455 exclamaret
1199 413 1394 452 Marcion:
1434 425 1457 450 e

132 476 324 514 dominum
349 476 516 522 sutilem,
543 475 776 521 instabilem,
810 473 1021 520 infidelem,
1049 471 1338 515 rescindentem
1360 481 1458 523 quae

131 534 313 572 instituit!
377 533 455 571 Cur
479 533 709 585 permiserat
734 532 894 570 liberum
921 530 1140 576 arbitrium,
1167 531 1199 567 si
1224 526 1459 567 intercedit?

132 591 211 630 Cur
235 590 461 638 intercedit,
489 591 521 629 si
547 591 744 642 permisit?
797 589 939 640 Eligat,
965 588 1030 626 ubi
1057 593 1178 626 semet
1202 587 1323 638 ipsum
1348 597 1459 624 erro-

130 650 183 687 ris
220 655 347 695 notet,
386 650 423 687 in
462 649 702 686 institutione
739 661 787 687 an
824 648 862 685 in
894 646 1141 684 rescissione.
1202 643 1342 683 Nonne
1369 650 1458 681 tunc

130 706 251 756 magis
278 705 462 757 deceptus
488 719 537 744 ex
562 706 872 756 impraescientia
898 704 1015 742 futuri
1039 702 1251 748 videretur,
1279 714 1363 740 cum
1390 700 1459 739 ob-

131 764 309 810 stitisset,
338 770 378 801 et
403 762 503 815 quod
531 764 636 814 quasi
662 764 863 813 ignorans,
897 759 1088 812 quomodo
1115 772 1313 798 evasurum
1340 764 1457 804 esset,

131 819 360 867 indulserat,
400 821 481 872 quis
518 834 594 858 non
632 819 807 858 diceret?
868 817 947 856 Sed
984 817 1056 856 etsi
1089 817 1329 868 praescierat
1358 815 1458 853 male

130 878 321 916 hominem
361 878 599 916 institutione
638 891 704 915 sua
741 890 912 922 usurum,
952 874 1041 927 quid
1080 882 1153 912 tam
1187 873 1340 924 dignum
1367 871 1467 920 deo,‚

132 948 241 986 quam
280 936 467 986 gravitas,
519 948 629 987 quam
669 934 764 973 fides
801 933 1078 972 institutionum
1117 931 1459 983 qualiumcunque?

130 991 303 1031 Vidisset
330 993 462 1040 homo,
489 994 521 1031 si
547 1007 622 1031 non
648 992 747 1031 bene
774 991 1050 1043 dispunxisset,
1090 988 1190 1041 quod
1213 989 1315 1027 bene
1342 1001 1458 1027 acce-

128 1057 260 1101 perat,
287 1057 329 1088 ut
353 1051 434 1102 ipse
462 1050 538 1102 legi
559 1060 653 1089 reus
678 1044 831 1096 fuisset,
872 1050 932 1087 cui
959 1048 1118 1099 obsequi
1145 1047 1348 1092 noluisset,
1381 1059 1458 1086 non

129 1114 171 1144 ut
196 1107 398 1157 legislator
422 1108 503 1159 ipse
529 1107 702 1156 fraudem
735 1108 813 1157 legi
834 1119 942 1149 vsuae
980 1107 1148 1151 faceret,
1187 1118 1263 1143 non
1291 1102 1456 1158 sinendo

129 1165 407 1216 praescriptum
434 1166 516 1203 eius
541 1165 703 1216 imple-ri.
758 1164 868 1202 Haec
895 1162 1116 1214 dignissime
1143 1168 1393 1214 peroraturus
1418 1161 1457 1199 in

130 1228 370 1269 creatorem,
399 1222 430 1260 si
457 1222 580 1260 libero
607 1222 767 1260 arbitrio
793 1221 957 1259 hominis
983 1234 1032 1259 ex
1056 1219 1298 1271 providentia
1323 1225 1364 1257 et
1387 1231 1458 1270 po-

127 1281 261 1326 tentia,
291 1293 382 1331 quas
408 1280 547 1330 exigis,
575 1280 798 1326 obstitisset,
826 1292 925 1317 nunc
946 1278 1015 1316 tibi
1036 1279 1230 1316 insusurra
1255 1290 1325 1330 pro
1346 1289 1457 1315 crea·

128 1343 214 1374 tore
241 1343 281 1374 et
312 1338 539 1386 gravitatem
577 1345 617 1376 et
653 1338 875 1389 patientiam
914 1343 954 1374 et
984 1335 1116 1383 fidem,
1155 1333 1457 1374 institutionibus

128 1393 205 1431 suis
231 1394 382 1440 functo,
409 1401 450 1431 ut
476 1401 515 1432 et
540 1395 790 1433 rationalibus
817 1401 856 1432 et
879 1394 1004 1434 bonis.

245 1454 284 1491 8.
333 1449 470 1502 Neque
509 1452 608 1489 enim
647 1451 695 1493 ad
725 1450 928 1490 vivendum
954 1449 1191 1489 solummodo
1217 1448 1457 1502 produxerat

127 1508 338 1555 hominem,
376 1515 418 1546 ut
454 1522 529 1546 non
567 1508 615 1547 ad
653 1516 761 1547 recte
791 1508 992 1548 vivendum
1025 1509 1062 1546 in
1095 1515 1277 1560 respectu
1301 1508 1457 1547 seilicet

128 1564 191 1603 dei
218 1566 390 1618 legisque
417 1567 511 1604 eius.
575 1566 697 1618 Igitur
719 1568 850 1605 vivere
877 1565 1028 1618 quidem
1060 1566 1114 1604 illi
1141 1567 1222 1618 ipse
1248 1566 1456 1618 praestite-

127 1630 205 1669 rat,
232 1624 336 1661 facto
363 1625 400 1661 in
427 1625 589 1662 animam
614 1625 755 1671 vivam,
794 1631 902 1663 reete
926 1637 1020 1662 vero
1046 1625 1178 1662 vivere
1203 1622 1455 1662 demandarat

126 1678 322 1718 admonito
354 1681 392 1718 in
424 1681 521 1732 legis
554 1682 793 1734 obsequium.
842 1682 915 1722 .Ita
941 1696 1016 1720 non
1049 1682 1087 1719 in
1113 1688 1274 1720 mortem
1293 1681 1454 1720 institu-

124 1743 202 1774 tum
234 1738 424 1776 hominem
456 1739 613 1791 probat,
654 1741 716 1791 qui
742 1753 841 1778 nunc
878 1740 986 1791 cupit
1017 1740 1055 1777 in
1080 1739 1196 1777 vitam
1221 1739 1452 1786 restitutum,

124 1795 269 1833 malens
306 1797 856 1848 peccatorispoenitentiam,
897 1810 1006 1848 quam
1043 1796 1269 1844 mortemss).
1332 1795 1455 1847 Igitur

123 1852 222 1890 sicut
249 1852 342 1891 deus
367 1854 510 1892 homini
535 1855 638 1893 vitae
665 1862 803 1894 statum
828 1853 994 1900 indulxit,
1034 1855 1087 1892 ita
1112 1854 1225 1892 homo
1251 1853 1333 1892 sibi
1351 1867 1454 1892 mor-

123 1909 172 1946 tis
198 1916 335 1947 statum
361 1912 538 1958 attraxit,
567 1919 607 1949 et
630 1912 705 1950 hoc
731 1926 808 1950 non
828 1922 905 1963 'per
923 1912 1210 1958 infirmitatem,
1238 1911 1352 1949 sicuti
1377 1923 1450 1961 nec

120 1978 194 2017 per
218 1967 493 2017 ignorantiam,
534 1981 581 2007 ne
615 1968 703 2020 quid
736 1971 887 2008 auctori
919 1969 1184 2021 imputaretur.
1245 1967 1344 2007 Nam
1377 1970 1452 2008 etsi

121 2024 281 2074 angelus
308 2026 370 2076 qui
396 2024 566 2072 seduxit,
595 2026 662 2066 sed
689 2027 789 2065 liber
814 2034 854 2064 et
879 2040 970 2067 suae
995 2027 1219 2078 potestatis,
1244 2027 1310 2077 ,qui
1336 2024 1457 2065 sedu-.

122 2087 206 2118 ctus
231 2089 308 2129 est,
348 2081 415 2120 sed
442 2083 569 2133 imago
596 2091 636 2122 et
661 2083 868 2122 similitudo
895 2084 976 2130 dei,
1016 2085 1158 2130 fortior
1176 2083 1343 2134 angelo,
1381 2082 1451 2122 sed

120 2138 268 2177 afflatus
295 2139 370 2185 dei,
398 2152 628 2190 generosmr
652 2155 670 2179 s
699 2143 788 2180 iritu
814 2142 1023 2188 materiali,
1051 2155 1124 2193 quo
1150 2141 1280 2192 angeli
1306 2142 1452 2180 consti-

120 2202 261 2235 terunt.
325 2197 394 2245 Qui
427 2197 538 2245 facit,
576 2155 714 2250 inquii,
753 2200 909 2251 spiritus
942 2200 1103 2250 angelos
1135 2206 1175 2238 et
1205 2199 1450 2251 apparitores

118 2254 305 2292 flammam
331 2255 431 2306 ignis
444 2255 496 2303 2).
559 2255 656 2303 Quia
681 2269 752 2295 nec
778 2257 1066 2296 universitatem
1093 2257 1235 2295 homini
1261 2250 1449 2297 subiecis-

119 2318 196 2357 set,
223 2313 372 2350 infirmo
399 2310 630 2370 dominandi,
658 2320 698 2352 et
723 2328 797 2352 non
823 2315 966 2366 potiori
992 2310 1159 2365 angelis,
1194 2315 1328 2367 quibus
1353 2314 1451 2354 nibil·

117 2369 195 2406 tale
226 2369 409 2417 subiecit,
447 2370 503 2408 sic
535 2383 607 2410 nec
640 2371 737 2422 legis
767 2371 916 2424 pondus
948 2373 1211 2424 imposuisset,
1249 2373 1281 2412 si
1317 2372 1446 2424 gravis

118 2424 182 2462 lex
212 2426 378 2466 invalido
410 2427 640 2475 sustinendi,
680 2442 752 2468 nec
785 2443 894 2481 quem
928 2430 1188 2470 excusabilem
1224 2430 1344 2469 sciret
1374 2443 1445 2468 no-

117 2483 215 2521 mine
265 2484 557 2534 imbellicitatis,
608 2499 693 2525 eum
742 2486 966 2527 delinitione
1009 2489 1142 2527 mortis
1186 2487 1441 2535 convenisset,

209 2610 245 2649 1)
270 2610 398 2643 Ezecb.
415 2613 468 2652 18,
484 2614 536 2644 23.
631 2615 670 2655 2)
695 2615 887 2657 Ps.104,4.
