1566 2808
371 204 494 259 inv.
530 226 891 258 MARctoNEM
928 226 1105 257 ιιΒΕιι
1142 227 1166 257 1.
1361 224 1432 261 58

105 321 183 359 iam
207 319 510 371 abtunoquoque
542 326 786 371 prospectum
818 318 973 357 videtur
1001 318 1230 357 utilitatibus
1261 324 1301 356 et
1326 331 1431 356 com-

107 375 231 416 modis
257 377 375 415 vitae.
448 377 507 414 Ita
544 384 584 415 et
619 377 694 415 hoc
727 390 776 414 ex
807 377 930 414 forma
962 376 1024 415 dei
1057 375 1243 415 creditum
1282 382 1342 414 est
1373 374 1430 414 di-

105 431 362 480 vinnm'vss'e,
395 435 596 472 instituere
626 435 687 472 vel
719 433 1003 481 demonstrare,
1033 433 1121 486 quid
1146 441 1275 486 aptum
1300 439 1341 471 et
1364 446 1433 472 ne-

107 492 316 531 cessarium
341 492 391 530 sit
414 492 530 530 rebus
554 492 738 530 humanis.
788 490 900 530 Adeo
928 491 1016 530 inde
1042 492 1253 530 auctoritas
1278 503 1434 529 accom-

105 547 263 588 modata
291 550 329 596 ¹)
356 549 477 587 falsae
504 548 712 595 divinitati,
750 549 851 587 unde
884 556 1155 601 praecesserat
1178 561 1295 587 verae
1320 561 1434 586 unam

105 606 243 649 saitem
263 606 495 645 cicerculam
516 606 611 645 dcus
623 606 833 645 Marcionis
852 608 1045 659 propriam
1065 606 1270 658 protulisse
1290 603 1435 644 debue-

105 670 187 710 rat,
217 670 268 718 ¹ut
296 677 417 702 novus
447 665 584 716 aliquis
608 663 865 716 Triptolemus
898 663 1202 716 praedicaretur.
1262 662 1343 700 Aut
1367 675 1435 700 ex-

106 721 199 760 bibe
234 722 425 760 rationem
462 721 537 759 deo
575 714 747 772 dignam,
787 735 856 772 cur
891 722 983 759 nihil
1023 719 1259 765 condiderit,
1298 720 1329 756 si
1356 725 1434 765 θεῖς

107 778 197 830 qnia
220 777 477 824 condidisset,
505 779 536 816 si
562 779 708 824 fuisset,
736 779 802 816 illo
830 779 981 817 scilicet
1006 776 1267 830 praeiudicio,
1295 789 1369 828 quo
1397 783 1437 814 et

105 841 278 882 nostrum
304 833 416 873 deum
435 848 511 872 non
532 836 626 872 alias
647 836 886 873 manifestum
912 842 972 872 est
997 846 1096 880 esse,
1124 847 1233 885 quam
1262 834 1350 884 quia
1375 841 1437 871 to-

106 892 186 931 tum*
222 891 397 930 condidit
431 892 520 930 hoc.
589 890 718 930 Semel
755 893 854 930 enim
894 892 1151 944 praescriptio
1184 890 1319 938 stabit,
1359 900 1436 928 non

105 961 222 1002 posse
246 949 335 988 illos
359 948 536 988 etrdeum
563 949 741 988 confiteri
767 957 984 988 creatorem
1007 957 1046 988 et
1066 963 1151 987 eum
1172 962 1282 1001 quem
1301 949 1438 986 volunt

107 1018 231 1061 aeque
257 1006 369 1045 deum
395 1006 522 1053 credi,
561 1021 637 1045 non
663 1006 712 1045 ad
739 1008 821 1046 eius
847 1008 1007 1046 sormam
1033 1007 1219 1060 probare,
1259 1019 1370 1058 quem
1398 1012 1438 1044 et

106 1065 182 1117 ipsi
207 1071 248 1103 et
272 1078 404 1103 omnes
428 1064 560 1111 deum,
599 1072 641 1102 ut
672 1065 822 1117 quando
856 1066 929 1104 hoc
960 1067 1043 1118 ipso
1077 1078 1188 1103 nemo
1217 1071 1436 1102 creatorem

104 1118 221 1161 {eum
245 1121 412 1169 dubitet,
440 1124 527 1174 quia
552 1130 672 1161 totum
699 1123 772 1161 hoc
800 1121 991 1170 condidit,
1019 1123 1094 1161 hoc
1119 1124 1202 1173 ipso
1230 1134 1340 1159 nemo
1368 1119 1436 1158 de-

107 1177 202 1217 beat
224 1178 388 1218 credere
421 1179 533 1217 deum
564 1187 605 1218 et
636 1181 759 1225 illum,
799 1182 862 1231 qui
888 1181 981 1217 nihil
1008 1178 1198 1224 condidit,
1237 1179 1310 1216 nisi
1336 1178 1436 1215 ratio

107 1236 212 1274 forte
238 1237 470 1288 proferatur.
531 1237 684 1289 Duplex
709 1238 783 1275 ista
811 1236 990 1275 videatur
1020 1248 1182 1275 necesse
1208 1242 1279 1282 est,
1307 1241 1347 1273 ut
1373 1241 1438 1272 aut

109 1294 278 1332 noluerit
307 1293 479 1332 condere
506 1294 613 1346 quid,
653 1301 718 1332 ant
748 1308 823 1332 non
850 1295 1031 1346 potuerit.
1092 1293 1263 1332 Tertium
1297 1293 1436 1331 cessati

110 1349 191 1390 Sed
216 1364 293 1389 non
317 1353 488 1402 potuisse
519 1351 716 1402 indignum
749 1351 824 1390 deo
856 1358 934 1399 est3
973 1351 1143 1389 noluisse
1180 1363 1228 1387 an
1266 1348 1435 1400 dignum,

108 1407 200 1446 volo
224 1409 434 1459 inquirere.
477 1409 549 1447 Dic
575 1410 667 1446 mihi
690 1408 886 1447 Marcion:
911 1409 1034 1446 voluit
1059 1407 1153 1446 deus
1178 1413 1275 1444 tuus
1290 1419 1438 1457 cogno-

102 1465 167 1504 sci
191 1477 234 1503 se
260 1477 485 1517 quocunque
506 1467 543 1504 in
570 1473 757 1518 tempore,
785 1479 832 1504 an
854 1467 963 1504 non?
981 1466 1058 1504 alio
1077 1465 1278 1517 proposito
1305 1470 1344 1502 et
1370 1463 1438 1502 de-

109 1521 262 1561 scendit
285 1530 326 1562 et
349 1523 599 1575 praedicavit·
614 1532 654 1563 et
672 1537 805 1576 passus
826 1524 1050 1570 resurrexit,
1079 1535 1189 1575 quam
1215 1522 1270 1560 uti
1292 1534 1439 1572 cogno-

108 1582 312 1618 sceretur?
381 1580 432 1618 Et
468 1583 550 1620 sine
588 1581 725 1628 dubio,
764 1583 796 1620 si
834 1582 1013 1636 cognitus
1050 1588 1127 1627 est,
1166 1580 1305 1626 voluit3
1345 1577 1439 1616 nihil

109 1638 212 1676 enim
237 1639 342 1676 cirea
368 1651 453 1677 eum
480 1639 609 1685 fieret,
642 1640 714 1677 nisi
739 1640 936 1678 voluisset.
987 1638 1086 1686 Quid
1113 1651 1207 1688 ergo
1234 1643 1438 1688 tantopere

103 1696 285 1733 notitiam
310 1696 368 1734 sui
399 1698 640 1748 procuravit,
666 1704 708 1734 ut
732 1697 771 1735 in
797 1696 993 1735 dedecore
1021 1697 1149 1734 carnis
1174 1694 1437 1738 exhiberetur,

109 1758 154 1790 et
176 1751 335 1803 quidem>
353 1755 513 1800 maiore,
541 1755 573 1792 si
598 1755 731 1792 falsae.
792 1753 892 1791 Nam
917 1754 992 1791 hoc
1018 1754 1184 1803 turpius,
1212 1753 1243 1788 si
1269 1757 1309 1788 et
1333 1763 1439 1788 men-

110 1807 204 1846 titus
228 1815 288 1846 est
311 1809 560 1848 substantiam
587 1811 775 1862 corporis,
803 1812 866 1862 qui
886 1817 927 1848 et
944 1809 1187 1848 maledictum
1207 1809 1247 1845 in
1266 1820 1308 1845 se
1329 1820 1440 1846 crea-

111 1863 209 1907 toris
231 1864 386 1904 admisit
411 1867 515 1918 ligno
541 1880 757 1919 suspensus.
815 1867 964 1915 Quanto
990 1867 1187 1905 honestius
1218 1877 1289 1917 per
1313 1866 1441 1916 aliqua

110 1919 295 1977 propriae
326 1924 536 1963 molitionis
565 1924 710 1970 indicia
747 1926 1010 1977 cognitionem
1041 1925 1099 1962 sui
1123 1923 1438 1975 praestruxisset,

111 1982 276 2020 maxime
302 1981 486 2020 adversus
510 1995 595 2022 enm
622 1984 807 2034 cognosci
828 1980 1113 2034 habenskapud
1134 1993 1244 2032 quem
1271 1993 1321 2019 ex
1346 1993 1439 2032 ope-

110 2039 219 2078 ribus
249 2039 297 2078 ab
330 2041 440 2078 initio
474 2042 650 2091 cognitus
681 2054 758 2078 non
790 2047 886 2079 erat.
947 2039 1046 2078 Nam
1078 2045 1118 2077 et
1143 2038 1254 2090 quale
1280 2044 1360 2085 est,
1398 2044 1441 2076 ut

112 2103 273 2136 creator
302 2097 478 2149 quidem,
518 2099 700 2149 ignorans
737 2111 822 2137 esse
860 2098 974 2136 alium
1011 2110 1127 2149 super
1158 2109 1199 2134 se
1227 2095 1360 2141 deum,
1398 2102 1441 2133 ut

108 2155 247 2195 volunt
267 2154 544 2201 Marcionitae,
572 2157 635 2207 qui
660 2156 780 2194 solum
807 2169 848 2194 se
875 2157 991 2194 etiam
1016 2157 1146 2193 iurans
1171 2152 1438 2198 adseverabat,

114 2213 232 2250 tantis
258 2213 439 2264 operibus
464 2214 636 2251 notitiam
663 2214 720 2251 sui
746 2215 969 2275 armavgrst,
1009 2213 1120 2265 q'uam
1150 2217 1331 2263 potuerat
1363 2223 1439 2247 u'ou

113 2270 170 2307 ita
193 2281 369 2316 curasse,
407 2269 615 2309 secundum
647 2272 922 2322 singularitatis
948 2284 1040 2309 suae
1067 2269 1438 2321 praesuinptionem3

114 2326 182 2366 ille
206 2333 333 2364 autem
358 2327 575 2375 sublimior,
613 2329 741 2366 sciens
773 2330 996 2376 inferiorem
1035 2327 1147 2365 deum
1183 2333 1261 2362 tam
1297 2325 1439 2361 instru-

113 2391 236 2431 etum,
293 2385 433 2423 nullam
481 2386 553 2424 sibi
600 2388 847 2437 prospexerit
895 2383 1145 2437 agnoscendo
1194 2382 1442 2433 paraturam?

113 2440 267 2495 quando
299 2443 429 2480 etiam·
446 2443 658 2493 insigniora
677 2450 717 2480 et
734 2443 961 2494 superbiora
986 2455 1106 2494 opera
1125 2439 1321 2477 debuisset
1346 2451 1439 2476 con—

114 2497 279 2546 didisse,
317 2507 359 2537 ut
390 2507 431 2538 et
462 2499 555 2538 deus
587 2513 638 2538 ex
669 2500 849 2551 operibus
886 2504 1195 2551 cognosceretur
1230 2494 1439 2534 secundnm

209 2627 247 2667 1)
271 2628 378 2658 Rhcn.
404 2627 742 2668 accommodata,
768 2627 803 2657 si
829 2627 968 2657 falsae
993 2626 1059 2653 etc.
