1664 2886
732 624 824 668 DE

182 727 1367 794 PRAESCRIPTIONIBUS

342 820 1204 901 HAERETICORUM1}

242 1073 278 1111 1.
340 1047 540 1111 conditio
570 1076 828 1126 praesentium
862 1083 1074 1128 temporum
1109 1077 1278 1130 [fratres]
1318 1080 1434 1118 etiam

109 1138 209 1165 nane
244 1126 543 1168 admonitionem
580 1140 768 1183 provocat
803 1133 990 1181 nostram,
1030 1148 1106 1172 non
1144 1142 1326 1187 oportere
1364 1150 1434 1174 nos

109 1183 238 1222 mirari
269 1198 384 1238 super
413 1187 597 1226 haereses
629 1189 739 1236 istas,
773 1190 851 1228 sive
884 1192 971 1241 quia
1003 1198 1106 1235 sunt,
1150 1193 1301 1229 futurae
1333 1194 1433 1229 enim

107 1241 544 1293 praenuntiabantuffl),
578 1246 657 1283 sive
685 1247 771 1296 quia
797 1245 908 1284 fidem
936 1246 1170 1297 quorundam
1195 1248 1431 1293 subvertunt,

108 1295 157 1334 ad
188 1297 262 1336 hoc
300 1300 399 1338 enim
437 1308 540 1347 sunt,
578 1309 620 1339 ut
658 1302 751 1340 fides
789 1302 966 1340 habendo
1003 1305 1254 1341 tentationem
1291 1304 1434 1342 habeat

108 1354 223 1391 etiam
249 1356 514 1406 probationem
528 1358 580 1405 3).
629 1357 740 1396 Vane
765 1371 859 1408 ergo
887 1366 926 1396 et
950 1358 1236 1397 inconsiderate
1256 1360 1430 1412 plerique

107 1409 183 1448 hoc
214 1411 297 1462 ipso
335 1411 661 1460 scandalizantur,
713 1414 814 1466 quod
856 1422 1000 1453 tantum
1044 1416 1227 1454 haereses
1263 1417 1429 1463 valeant,

107 1474 284 1518 quantum
309 1470 398 1507 sint.
464 1469 556 1508 Cum
589 1470 678 1523 quid
709 1473 883 1510 sortitum
910 1480 986 1519 est,
1023 1480 1062 1510 ut
1094 1474 1194 1511 omni
1227 1472 1341 1511 modo
1367 1475 1429 1519 sit,

106 1525 207 1562 sieut
231 1538 401 1564 caussam
422 1528 577 1580 accipit,
606 1528 653 1566 ob
682 1542 791 1580 quam
813 1530 873 1575 sit,
901 1531 956 1568 sie
982 1531 1055 1568 vim
1072 1532 1333 1583 consequitur,
1359 1543 1431 1582 per

106 1594 215 1634 quam
241 1583 306 1629 sit,
333 1597 380 1622 ne
407 1597 492 1623 esse
519 1598 594 1622 non
619 1588 753 1638 possit.

220 1642 259 1681 2.
309 1639 470 1681 Febrem
497 1641 680 1694 denique,
708 1645 809 1682 inter
835 1651 988 1683 ceteros
1021 1645 1243 1684 mortiferos
1276 1653 1316 1684 et
1342 1658 1428 1683 cru-

105 1696 248 1735 ciarios
278 1701 403 1738 exitus
436 1699 634 1751 erogando
666 1701 809 1739 homini
836 1700 1072 1753 deputatam,
1107 1715 1230 1754 neque
1258 1704 1344 1754 quia
1370 1709 1430 1740 est

104 1754 301 1800 miramur,
335 1763 394 1793 est
425 1758 543 1803 enim,
583 1771 706 1809 neque
740 1760 827 1810 quia
858 1766 997 1809 erogat
1029 1760 1239 1804 hominem,
1272 1758 1320 1796 ad
1353 1759 1427 1796 hoe

104 1810 205 1848 enim
224 1817 294 1848 est.
345 1811 512 1850 Proinde
538 1814 720 1852 haereses
746 1814 792 1852 ad
814 1816 1037 1865 languorem
1063 1822 1103 1853 et
1123 1816 1317 1853 interitum
1338 1813 1428 1852 fidei

102 1865 312 1918 productas
337 1869 368 1906 si
394 1871 682 1921 expavescimus
707 1871 781 1909 hoc
808 1885 873 1909 eas
899 1885 1031 1923 posse,
1058 1873 1163 1923 prius
1189 1878 1265 1917 est,
1292 1878 1333 1908 ut
1358 1883 1425 1907 ex-

101 1936 350 1975 pavescamus
381 1926 456 1965 hoe
489 1940 554 1965 eas
586 1940 689 1974 esse,
736 1941 832 1980 quae
865 1927 951 1966 dum
983 1936 1086 1975 sunt,
1126 1929 1269 1966 habent
1295 1939 1424 1976 posse,

103 1988 143 2019 et
167 1979 254 2020 dum
278 1991 454 2034 possunt,
489 1984 632 2023 hahent
657 1998 755 2024 esse.
819 1984 897 2023 Sed
924 1986 1024 2024 enim
1050 1986 1196 2024 febrem
1223 1988 1262 2019 ut
1288 1983 1425 2020 malum

101 2045 143 2076 et
166 2037 215 2077 de
241 2052 376 2078 caussa
401 2048 441 2079 et
467 2040 514 2080 de
539 2043 713 2094 potentia
737 2056 818 2090 sua,
846 2050 886 2081 ut
911 2051 1040 2081 notum
1067 2050 1135 2086 est,
1163 2039 1426 2077 abominamur

100 2096 228 2146 potius
253 2110 361 2149 quam
386 2100 577 2146 miramur,
606 2107 646 2138 et
665 2108 842 2152 quantum
867 2101 905 2138 in
931 2100 1040 2139 nobis
1061 2103 1117 2135 cst
1135 2109 1423 2148 praecavemus,

102 2164 178 2190 non
209 2153 394 2194 habentes
425 2156 673 2195 abolitionem
706 2159 788 2197 eius
820 2159 858 2196 in
890 2165 1019 2196 nostra
1049 2160 1257 2205 potestate·
1322 2153 1424 2192 Hae-

101 2220 208 2248 reses
230 2223 324 2250 vero
350 2221 512 2252 mortem
538 2222 735 2253 aeternam
766 2222 807 2254 et
837 2213 990 2253 maioris
1022 2211 1122 2261 ignis
1153 2209 1332 2249 ardorem
1364 2211 1422 2247 in-

99 2264 271 2304 ferentes
306 2270 450 2308 malunt
485 2271 635 2322 quidam
672 2273 820 2318 mirari,
859 2267 959 2321 quod
995 2268 1070 2305 hoc
1107 2268 1274 2317 possint,
1313 2279 1422 2317 (lu-'¹¹¹¹

100 2320 292 2370 devitare,
330 2336 378 2362 ne
415 2329 581 2377 possint,
620 2342 704 2366 cum
741 2330 907 2365 habeant
944 2323 1139 2362 devitandi
1175 2329 1420 2374 potestatem.

191 2469 229 2514 1)
253 2473 307 2503 lta
319 2472 375 2503 hic
396 2473 485 2504 liber
498 2472 683 2511 inscriptus
697 2472 796 2502 estin
811 2472 862 2502 ed.
876 2482 927 2511 pr,
942 2472 1115 2509 Rhenani3
1139 2471 1330 2511 Rigaltiun:
1358 2470 1421 2503 De

55 2534 57 2538 <
98 2517 453 2568 praenexiiptione
476 2518 831 2556 haereticorum3
864 2519 988 2549 ceteri:
1020 2519 1078 2547 De
1099 2510 1419 2556 praescriptio-

97 2562 221 2594 nibus
245 2561 454 2595 aversus
479 2563 748 2594 haereticos.
888 2564 924 2603 2)
950 2563 1073 2595 Matth.
1096 2564 1130 2602 7,
1153 2564 1195 2592 15
1217 2571 1288 2601 sqq.
1309 2562 1364 2601 24,
1388 2564 1418 2593 4.

98 2608 152 2639 11.
175 2609 230 2639 24.
324 2608 362 2652 3)
389 2610 496 2640 1cor.
520 2610 575 2650 11,
600 2611 654 2639 19.

154 2665 355 2698 'rem-um..
387 2667 442 2696 111.
1108 2658 1127 2694 1
