1604 2800
201 237 308 274 140
426 235 499 267 DE
535 233 1049 268 RESURREc‘rloNE
1079 234 1306 267 cAnN1s.

316 333 384 372 42.
435 327 579 367 Horum
612 326 912 367 demutationem
949 327 999 367 ad
1032 327 1254 367 Corinthios
1290 325 1436 376 reddit,
1476 328 1534 369 ‹li-

202 400 314 426 cens:
343 400 475 426 omnes
502 384 654 438 quidem
678 398 945 436 resurgemus,
985 399 1062 424 non
1093 393 1221 424 autem
1247 399 1379 425 omnes
1403 385 1535 426 demu-

200 445 384 492 tabimur,
423 446 461 483 in
493 451 642 491 atomo,
681 444 720 481 in
751 450 1019 482 momentaneo
1051 451 1155 482 motu
1182 444 1304 491 oculi,
1343 444 1382 482 in
1407 445 1535 484 novis—

199 504 293 541 sima
318 502 429 551 tuba3
468 500 537 540 sed
562 502 618 540 illi
644 501 798 540 scilicet
822 502 915 548 soli,
954 502 1017 554 qui
1053 502 1298 540 invenientur
1329 502 1368 540 in
1401 515 1532 542 carne.

198 559 249 598 Et
274 562 428 608 mortui,
462 560 603 611 inquit,
635 560 913 611 resurgent,¹)
941 572 1010 598 nos
1042 558 1390 612 demutabimur.²)
1451 559 1533 600 Hac

199 631 295 670 ergo
331 620 438 671 prius
462 617 722 670 ,dispositione
754 624 962 670 prospecta
994 618 1143 670 reliqua
1168 617 1373 656 revocabis
1399 616 1447 656 ad
1471 631 1534 657 sn-

198 677 393 727 periorem
426 689 592 715 sensum.
658 674 758 714 Nam
790 688 875 713 cum
912 674 1066 714 adiicit:
1113 682 1268 728 oportet
1305 675 1406 714 enim
1444 689 1534 715 cor-

197 740 348 786 ruptum
362 735 401 785 ³)
429 732 529 773 istud
555 731 716 771 induere
742 733 1063 785 incorruptelam,
1096 740 1136 772 et
1160 732 1323 772 mortale
1348 732 1449 772 istud
1475 734 1535 772 in-

199 790 318 830 duere
349 791 748 839 immortalitatem,4)
775 790 850 829 hoc
884 791 959 828 erit
985 790 1078 829 illud
1104 790 1338 830 domicilium
1365 789 1413 830 de
1440 803 1535 831 coe-

197 841 255 894 lo,
290 847 391 900 quod
417 854 618 900 gementes
644 848 682 885 in
707 847 780 885 hac
808 860 924 885 carne
951 848 1228 899 superinduere
1255 847 1532 896 desideramus,

196 906 328 958 utique
354 918 472 958 super
498 917 666 951 carnem,
693 905 731 942 in
759 916 832 955 qua
864 903 1218 956 deprehendemur,
1258 907 1345 957 quia
1377 907 1532 957 gravari

196 976 268 1001 nos
293 964 365 1011 ait,
400 964 463 1016 qui
489 964 604 1002 simus
630 963 668 1000 in
693 961 959 1008 tabernaculo,
1000 962 1102 1014 quod
1128 962 1298 1001 nolimus
1316 964 1424 1011 exui,
1463 963 1534 1002 sed

194 1021 323 1072 potius
349 1019 586 1073 superindui,
613 1020 668 1057 uti
693 1018 903 1058 devoretur
928 1020 1090 1059 mortale
1112 1033 1135 1058 a
1153 1021 1244 1067 vita,
1271 1021 1424 1059 scilicet
1444 1019 1532 1059 dum

196 1076 414 1117 demutatur
449 1075 763 1129 superinduendo
796 1075 898 1128 quod
931 1083 990 1114 est
1020 1076 1068 1115 de
1101 1077 1238 1115 coelis.
1303 1075 1394 1125 Quis
1431 1079 1532 1117 enim

193 1148 271 1173 non
297 1134 548 1182 desiderabit,
576 1133 663 1173 dum
688 1135 727 1172 in
759 1146 877 1172 carne
904 1141 975 1181 est,
1002 1133 1280 1187 superinduere
1306 1135 1533 1175 immortali—

193 1199 313 1231 tatem
340 1200 380 1232 et
406 1193 632 1231 continuare
658 1193 773 1230 vitam
805 1191 1046 1230 lucrifactam
1079 1199 1202 1231 morte
1240 1205 1312 1246 per
1346 1189 1531 1233 vicariam

194 1249 518 1298 demutationem,
568 1263 616 1289 ne
660 1250 808 1288 inferos
851 1251 1075 1301 experiatur
1119 1263 1236 1303 usque
1285 1250 1530 1291 novissimum

194 1307 443 1359 quadrantem
470 1310 703 1347 exacturos?
763 1307 943 1346 Ceterum
975 1306 1275 1347 demutationem
1303 1309 1417 1347 etiam
1442 1315 1532 1362 post

192 1367 520 1404 resurrectionem
548 1371 826 1404 consecuturus
852 1372 923 1412 est,
951 1365 1097 1404 inferos
1123 1367 1197 1404 iam
1224 1372 1421 1419 expertus.
1447 1365 1530 1405 Ab·

191 1422 282 1460 hinc
309 1423 409 1461 enim
435 1422 648 1468 definimus,
677 1435 832 1460 carnem
854 1421 1005 1474 quidem
1027 1425 1129 1462 omni
1150 1423 1529 1463 modo'resurrectu-

192 1491 274 1516 ram
305 1486 419 1531 atque
452 1480 519 1517 illa
544 1492 593 1517 ex
619 1478 878 1517 demutatione
906 1489 1185 1531 superventura
1210 1481 1380 1520 habitum
1407 1495 1530 1534 ange—

192 1535 307 1574 licum
332 1543 609 1588 suscepturam.
681 1534 761 1574 Aut
786 1536 817 1573 si
843 1537 881 1573 in
907 1536 964 1574 his
990 1538 1102 1585 solis,
1131 1540 1193 1590 qui
1218 1540 1464 1578 invenientur
1489 1541 1527 1578 in

193 1605 323 1640 carne,
351 1592 540 1632 demutari
567 1606 650 1631 eam
678 1591 886 1645 oportebit,
912 1600 954 1631 ut
979 1593 1189 1633 devoretur
1214 1597 1377 1634 mortale
1399 1598 1526 1644 avita,

190 1648 230 1688 id
256 1657 315 1689 est
340 1664 432 1689 caro
459 1651 506 1689 ab
533 1651 600 1689 illo
627 1649 967 1702 superindumento
995 1652 1177 1699 coelesti,
1217 1658 1400 1700 aeterno,
1428 1666 1524 1705 ergo

192 1708 254 1759 qui
281 1709 419 1747 mortui
451 1707 810 1762 deprehendentur,
847 1708 964 1745 vitam
996 1722 1072 1746 non
1106 1716 1408 1760 consequentur,
1447 1712 1527 1762 pri-

188 1766 266 1803 vati
293 1766 365 1804 iam
393 1767 555 1805 materia
581 1773 638 1812 et,
665 1772 707 1803 ut
732 1766 786 1803 ita
811 1764 995 1812 dixerim,
1023 1779 1115 1804 esca
1138 1766 1261 1814 vitae,
1289 1765 1328 1804 id
1354 1773 1414 1805 est
1441 1780 1527 1806 car-

189 1836 256 1871 ne;
284 1830 349 1862 aut
370 1836 530 1862 necesse
551 1830 610 1862 est
630 1823 821 1875 recipiant
842 1835 924 1860 eam
952 1829 992 1861 et
1016 1823 1083 1870 illi,
1111 1831 1153 1862 ut
1178 1830 1218 1862 et
1242 1824 1280 1862 in
1305 1825 1398 1876 ipsis
1423 1838 1527 1863 mor-

187 1881 264 1919 tale
292 1880 472 1920 devorari
497 1882 619 1933 possit
644 1893 667 1918 a
690 1880 781 1927 vita,
809 1881 840 1919 si
866 1881 981 1919 vitam
1008 1888 1096 1919 sunt
1121 1882 1382 1920 consecuturi.
1446 1880 1527 1922 Sed

188 1938 227 1974 in
253 1940 424 1985 mortuis,
451 1939 588 1990 inquis,
616 1939 692 1976 iam
717 1937 943 1977 devoratum
970 1939 1045 1977 erit
1069 1939 1233 1988 mortale
1259 1938 1372 1978 istud.
1435 1938 1523 1979 Non

187 1995 318 2046 utique
351 1996 388 2033 in
422 1996 608 2034 omnibus.
672 1995 843 2044 Quantos
869 1996 969 2034 enim
996 1995 1131 2035 licebit
1154 1997 1216 2035 vel
1241 1996 1440 2048 pridianos
1465 1998 1524 2036 in-

186 2053 330 2099 veniri,
370 2060 445 2091 tam
477 2054 651 2092 recentia
683 2053 894 2100 cadavera,
933 2061 975 2092 ut
1006 2054 1099 2092 nihil
1131 2054 1170 2092 in
1196 2054 1271 2091 illis
1298 2053 1522 2093 devoratum

186 2107 310 2147 videri
334 2110 482 2161 possit?
536 2109 672 2162 Utique
700 2112 801 2150 enim
827 2110 1053 2150 devoratum
1078 2125 1154 2151 non
1181 2110 1284 2149 aliud
1311 2111 1521 2159 existimas,

187 2179 296 2217 quam
323 2168 596 2219 interceptum,
632 2182 741 2220 quam
772 2168 977 2215 abolitum,
1016 2182 1126 2220 quam
1161 2169 1261 2206 o'mni
1294 2165 1409 2207 sensu
1434 2181 1523 2207 ere·-

185 2230 308 2274 ptum,
348 2223 448 2276 quod
481 2238 705 2277 comparere
739 2227 840 2264 omni
872 2239 1018 2277 genere
1052 2227 1273 2268 cessaverit.
1319 2225 1424 2265 'Nec
1453 2224 1522 2265 Gi-

185 2288 341 2331 gantum
377 2289 503 2320 autem
541 2284 803 2335 antiquissima
847 2282 1039 2322 cadavera
1082 2282 1268 2323 devorata
1312 2283 1517 2330 constabit,

186 2351 344 2389 quorum
372 2346 500 2378 crates
531 2339 656 2379 adhuc
688 2342 828 2380 vivunt.
891 2341 1064 2379 Diximus
1101 2343 1175 2380 iam
1213 2340 1261 2380 de
1296 2341 1374 2396 isto
1411 2341 1517 2380 alibi.

186 2394 264 2434 Sed
287 2403 326 2435 et
344 2398 518 2450 proxime
545 2398 583 2436 in
608 2399 681 2437 ista
708 2399 878 2447 civitate,
907 2412 991 2437 cum
1017 2397 1107 2438 odei
1121 2399 1160 2453 5)
1185 2397 1432 2440 fundamenta
1457 2404 1518 2437 tot

277 2591 312 2630 1)
338 2592 412 2631 Rig.
432 2574 661 2634 resurgent
684 2594 812 2634 primi
836 2597 879 2627 et
899 2604 976 2626 nos
1003 2593 1159 2628 demut.
1261 2591 1296 2635 2)
1317 2595 1335 2624 1
1354 2594 1430 2626 Cor.
1459 2597 1514 2636 15,

186 2635 223 2665 51
237 2643 287 2673 sq.
383 2637 419 2678 3)
448 2639 519 2679 Rig.
534 2641 841 2680 corruptivum.
936 2641 974 2684 4)
996 2642 1014 2671 1
1030 2642 1106 2671 Cor.
1123 2642 1179 2682 15,
1193 2640 1246 2671 53.
1343 2640 1378 2680 5)
1407 2639 1512 2672 Rhen.
