1604 2800
162 167 233 206 4.
489 164 1166 198 ADV.VA1,EN¹1·1N1ANOS.

166 264 237 301 iste
264 259 419 298 infinitis
446 265 551 297 retro
584 258 690 296 aevis
720 257 759 296 in
791 258 955 297 maxima
986 264 1027 296 et
1057 257 1241 296 altissima
1271 258 1420 309 quiete,
1458 258 1498 297 in

167 320 246 358 otio
280 317 440 370 plurimo
479 313 656 368 placidae
688 322 730 354 et
758 322 801 354 ut
829 316 883 354 ita
916 314 1079 355 dixerim
1105 314 1294 367 stupentis
1318 313 1498 355 divinita·

167 378 234 421 tis,
268 375 416 428 qualem
449 374 558 412 iussit
589 372 799 426 Epieurus3
826 380 866 412 et
891 380 1037 420 tamen,
1070 385 1185 425 quem(
1207 372 1327 412 solum
1352 372 1499 420 volunt,

169 434 261 473 dant
286 433 323 472 ei
348 430 557 471 secundam
582 432 621 470 in
647 432 730 483 ipso
756 437 797 470 et
822 444 906 470 cum
933 432 1016 484 ipso
1043 443 1260 483 personam,
1286 429 1500 478 Ennoeam,

170 504 279 545 quam
312 497 354 529 et
385 489 528 529 Charin
560 496 600 528 et
631 487 751 541 Sigen
778 489 935 541 insuper
961 489 1169 528 nominant.
1230 487 1281 527 Et
1305 489 1408 528 forte
1434 502 1503 528 ac·

170 548 312 588 cedunt
337 549 373 586 in
399 548 465 586 illa
491 546 866 586 commendatissima
893 547 1034 599 quiete,
1060 559 1217 586 movere
1237 559 1322 585 eum
1344 544 1391 586 de
1411 559 1503 599 pro-

170 605 332 646 ferendo
359 604 513 644 tandem
539 606 649 644 initio
675 618 802 644 rerum
828 618 850 644 a
876 612 999 644 semet
1019 606 1115 657 ipso.
1167 603 1251 643 Hoc
1276 605 1362 643 vice
1389 604 1504 644 semi·

170 665 229 703 nis
254 665 291 702 in
318 662 432 714 Siges
463 676 555 702 suae
581 663 687 702 velut
711 664 748 702 in
774 663 1008 713 genitalibus
1034 662 1168 700 vulvae
1195 663 1293 702 locis
1319 661 1504 702 collocat.

173 720 344 772 Suscipit
368 721 433 758 illa
458 721 606 768 statim,
639 727 679 758 et
703 733 921 772 praegnans
948 720 1128 767 efficitur,
1168 727 1210 758 et
1235 720 1348 772 parst,
1375 721 1506 772 utique

173 779 346 824 silentio,
381 776 494 829 Sige;
521 785 562 816 et
586 790 695 829 quem
723 778 842 829 parit,
869 777 951 815 Nus
977 784 1053 824 est,
1086 778 1315 817 simillimum
1341 778 1441 829 patri
1468 783 1508 817 et

173 848 305 888 parem
336 847 407 886 per
439 835 579 873 omnia.
648 833 820 886 Denique
857 834 961 872 solus
992 834 1056 873 hic
1088 847 1231 886 capere
1263 834 1402 874 sufficit
1437 835 1509 874 im-

175 905 342 932 mensam
373 891 475 930 illam
508 899 548 931 et
578 891 1005 943 incomprehensibilem
1037 890 1335 943 magnitudinem
1374 892 1507 944 patris.

177 950 235 990 lta
260 957 300 988 et
324 951 405 1001 ipse
431 956 544 1002 pater
570 948 713 988 dicitur
738 956 778 988 et
802 949 949 988 initium
977 950 1143 988 omnium
1169 955 1209 988 et
1238 950 1397 1002 proprie
1421 948 1510 988 Mo·

177 1020 362 1059 nogenes.
411 1005 555 1059 Atquin
582 1019 656 1044 non
682 1007 853 1058 proprie,
880 1006 1065 1058 siquidem
1092 1020 1168 1045 non
1199 1006 1303 1045 solus
1329 1006 1510 1058 agnosci-

178 1073 251 1103 tur.
290 1064 389 1103 Nam
410 1077 493 1103 cum
515 1064 582 1102 illo
603 1064 795 1116 processit
815 1070 855 1102 et
876 1064 1029 1110 semina,
1050 1062 1220 1102 Veritas.
1252 1062 1509 1116 Monogenes,

179 1123 264 1174 quia
290 1123 397 1174 prior
421 1122 587 1173 genitus,
615 1128 756 1173 quanto
783 1123 1059 1173 congruentius
1079 1120 1322 1173 Protogenes
1347 1134 1511 1162 vocare·

178 1181 264 1218 tur?
323 1179 428 1230 Ergo
468 1179 630 1231 Bythios
668 1186 708 1217 et
747 1177 860 1230 Sige,
897 1178 980 1218 Nus
1013 1186 1053 1218 et
1086 1178 1240 1219 Veritas
1271 1180 1392 1232 prima
1420 1193 1513 1232 qua·

179 1236 292 1288 driga
323 1235 545 1275 defenditur
574 1235 872 1276 Valentinianae
905 1237 1105 1284 factionis,
1144 1238 1284 1276 matrix
1322 1244 1362 1276 et
1399 1238 1511 1289 origo

181 1301 418 1334 cunctorum.
480 1293 655 1346 Namque
689 1293 828 1333 ibidem
855 1293 938 1333 Nus
970 1295 1077 1334 simul
1105 1295 1258 1347 accepit
1284 1295 1514 1347 prolationis

180 1364 271 1390 suae
304 1351 487 1398 officiun13
528 1352 667 1390 emittit
704 1359 744 1389 et
774 1353 855 1403 ipse
888 1366 936 1390 ex
962 1359 1085 1391 semet
1109 1353 1192 1405 ipso
1221 1351 1446 1396 Sermonem
1475 1359 1516 1392 et

181 1408 328 1454 Vitam,
368 1421 464 1459 quae
491 1408 522 1446 si
549 1415 654 1447 retro
682 1422 758 1446 non
783 1415 886 1454 erat,
926 1410 1056 1461 utique
1083 1423 1155 1449 nec
1181 1411 1219 1449 in
1245 1409 1403 1463 Bythio.
1466 1409 1516 1449 Et

184 1466 294 1517 quale
322 1472 392 1511 est,
421 1472 461 1502 ut
486 1466 523 1502 in
550 1464 624 1503 deo
652 1466 729 1503 vita
754 1479 828 1503 non
855 1466 996 1504 fuerit?
1051 1465 1128 1505 Sed
1156 1474 1196 1506 et
1221 1468 1318 1507 haec
1344 1468 1514 1514 sobolem

183 1521 230 1562 ad
265 1523 409 1560 initium
443 1523 703 1560 universitatis
735 1529 775 1560 et
805 1523 958 1561 formati
990 1522 1217 1562 Pleromatis
1249 1525 1366 1563 totius
1402 1526 1517 1564 emis-

185 1594 239 1627 sa,
265 1580 360 1618 facit
383 1580 562 1626 fructum,
594 1579 792 1618 Hominem
820 1586 860 1618 et
884 1579 1100 1619 Ecclesiam
1127 1588 1324 1634 procreat.
1388 1581 1517 1621 Habes

186 1635 433 1689 Ogdoadem,
461 1635 666 1675 Tetradem
693 1635 904 1689 duplicem,
931 1651 980 1677 ex
1006 1638 1343 1690 coniugationibus
1368 1652 1518 1679 mascu-

186 1695 306 1733 lorum
334 1701 374 1733 et
399 1695 645 1742 feminarum,
679 1695 817 1742 cellas,
850 1702 892 1734 ut
921 1696 973 1734 ita
1000 1694 1181 1743 dixerim,
1215 1695 1517 1750 primordialium

185 1751 380 1799 Aeonum,
416 1754 588 1791 fraterna
620 1752 811 1791 connubia
836 1751 1195 1792 Valentinianorum
1221 1753 1399 1802 deorum,
1427 1767 1544 1796 cen-‚

187 1823 249 1848 sus
276 1823 407 1848 omnes
433 1810 650 1848 sanctitatis
682 1817 722 1849 et
752 1811 962 1849 maiestatis
993 1811 1238 1858 haereticae,
1276 1813 1410 1851 nescio
1443 1812 1520 1850 cri—

189 1869 326 1906 minum
352 1881 400 1906 an
433 1868 622 1906 numinum
656 1867 823 1915 turbam,
864 1875 971 1907 certe
1004 1869 1149 1908 fontem
1180 1870 1352 1922 reliquae
1387 1870 1520 1908 fecun-

190 1924 333 1965 ditatis.

305 1986 344 2023 8.
394 1981 500 2021 Ecce
526 1984 626 2021 enim
653 1982 822 2022 secunda
846 1983 1003 2031 Tetras‚
1031 1982 1168 2023 Sermo
1194 1991 1234 2023 et
1257 1983 1367 2029 Vita,
1396 1983 1519 2023 Homo

193 2046 232 2078 et
256 2038 453 2086 Ecclesia,
481 2040 579 2091 quod
607 2041 644 2079 in
671 2042 790 2093 patris
817 2042 978 2092 gloriam
1004 2042 1246 2089 fruticasset,
1271 2041 1359 2080 huic
1381 2042 1418 2088 ι)
1451 2054 1522 2079 nu·

193 2109 299 2135 mero
326 2098 537 2148 gestientes
563 2105 603 2136 et
627 2099 698 2150 ipsi
726 2099 801 2138 tale
829 2099 917 2151 quid
944 2100 1044 2152 patri
1069 2098 1118 2139 de
1143 2113 1212 2138 suo
1240 2098 1397 2146 offerre,
1423 2098 1522 2138 alios

194 2154 382 2193 ebulliunt
412 2155 512 2193 fetus
550 2155 711 2207 proinde
751 2158 977 2209 coniugales
1007 2170 1079 2210 per
1109 2157 1285 2209 copulam
1323 2156 1520 2208 utriusque

195 2218 367 2251 naturae.
430 2211 511 2251 Hac
539 2211 674 2252 Sermo
706 2221 746 2252 et
770 2213 861 2253 Vita
886 2214 1080 2254 decuriam
1100 2213 1276 2254 Aeonum
1302 2214 1410 2252 simul
1437 2214 1523 2253 fun-

196 2268 306 2316 dunt,
340 2270 428 2308 illac
461 2269 584 2308 Homo
611 2278 650 2309 et
674 2270 872 2318 Ecclesia,
907 2272 1002 2310 duos
1027 2272 1207 2324 amplius,
1234 2269 1521 2324 aequiparando

197 2327 434 2377 parentibus,
475 2329 563 2380 quia
593 2335 634 2367 et
663 2329 736 2381 ipsi
767 2328 843 2367 duo
875 2343 959 2369 cum
993 2330 1068 2369 illis
1093 2329 1229 2369 decem
1255 2335 1314 2368 tot
1339 2328 1521 2372 efficiunt,

199 2391 290 2434 quot
314 2385 385 2436 ipsi
411 2393 728 2436 procreaverunt.
789 2385 924 2426 Reddo
951 2400 1050 2427 nunc
1075 2388 1247 2435 nomina,
1285 2399 1380 2439 quos
1405 2384 1522 2423 decu-

295 2568 330 2609 1)
359 2569 462 2599 Rhen.
478 2570 685 2602 cornuinc
700 2579 873 2601 numero
887 2573 953 2602 etc.
