1604 2800
343 192 418 223 ΒΕ
452 192 973 225 RESURRECTIONE
1009 194 1239 227 caans.
1355 194 1459 233 185

121 284 212 339 quid
237 298 314 324 vox
337 282 421 332 dei,
445 285 519 324 nisi
543 287 697 324 sermo?
727 292 767 324 et
792 284 883 338 quid
908 299 1049 334 sermo,
1075 288 1149 326 nisi
1174 289 1351 340 spiritus,
1377 303 1458 331 me-

121 345 198 383 rito
238 352 394 382 carnem
430 342 889 395 resuscitamrus,·quod
925 344 1069 383 factum
1105 352 1166 384 est
1195 346 1297 398 ipse,
1336 354 1378 386 et
1406 361 1458 387 ex

120 408 258 449 morte,
285 413 395 453 quam
420 414 553 454 passus
579 408 639 439 est
663 402 760 453 ipse,
788 408 828 439 et
852 414 903 440 ex
927 403 1121 454 sepulcro,
1149 417 1223 456 quo
1249 405 1379 443 illatus
1398 413 1458 445 est

121 461 230 512 ipse?
287 458 463 511 Denique
489 472 575 498 cum
601 458 715 498 dicit:
743 472 791 498 ne
818 461 1028 507 miremini,
1056 460 1158 513 quod
1189 463 1321 501 veniet
1344 463 1454 509 hora,

121 518 159 557 in
186 529 260 569 qua
285 529 437 563 omnes,
464 518 527 570 qui
552 518 593 556 in
616 518 872 556 monumentis
897 525 1003 565 sunt,
1042 518 1201 558 audient
1224 532 1360 559 vocem
1387 521 1456 560 filii
1516 537 1521 542 ·

121 574 205 623 dei,
231 581 271 614 et
294 573 530 627 procedent,
559 576 622 627 qui
646 575 750 613 bona
774 575 973 621 fecerunt,
997 576 1045 623 ‘in
1069 577 1173 616 vitae
1197 579 1457 617 resurrectio-

121 646 229 680 nem,
257 633 321 684 qui
345 633 463 680 mala,
495 633 534 671 in
560 633 886 672 resurrectionem
913 632 1068 682 iudicii3
1084 635 1121 683 ¹)
1148 647 1261 674 nemo
1288 636 1362 674 iam
1388 649 1458 688 po-

121 691 215 730 terit
249 688 354 729 aliud
386 697 557 729 mortuos
589 691 857 743 interpretari,
896 691 960 743 qui
998 692 1075 730 sint
1110 693 1149 730 in
1187 693 1456 739 monumentis,

120 749 194 787 nisi
234 760 404 799 corpora
434 755 475 786 et
506 759 680 794 carnem,
719 749 807 799 quia
839 761 911 786 nec
943 749 1027 800 ipsa
1057 756 1304 787 monumenta
1335 748 1454 796 aliud,

121 818 234 857 quam
259 804 489 844 cadaverum
521 804 684 851 stabula,
711 804 899 856 siquidem
924 812 965 843 et
989 806 1062 856 ipsi
1086 805 1261 844 homines
1288 812 1456 853 veteres,

67 883 72 886 ·
119 861 161 902 id
185 869 247 901 est
269 868 521 914 peccatores,
554 860 593 899 id
618 868 678 900 est
703 861 843 899 mortui
869 874 940 913 per
964 863 1223 914 ignorantiam
1249 862 1332 911 dei,
1359 877 1456 916 quos

119 926 368 959 monumenta
397 917 674 969 intelligendos
699 926 1017 969 argumentantur
1047 919 1254 967 haeretici,
1294 920 1342 960 dc
1374 935 1456 960 mo-

121 977 312 1016 numentis
335 977 559 1029 processuri
584 977 622 1015 in
648 974 830 1014 iudicium
862 984 998 1028 aperte
1030 976 1318 1029 praedicantur.
1382 979 1458 1018 Ce-

121 1042 249 1074 terum
273 1033 465 1087 quomodo
492 1033 540 1072 de
566 1034 821 1072 monumentis
846 1041 1091 1072 monumenta
1116 1034 1360 1086 procedent?

237 1094 307 1134 38.
358 1091 452 1130 Post
482 1092 587 1129 dicta
618 1089 762 1129 domini
794 1090 898 1129 facta
932 1091 1048 1129 etiam
1080 1092 1163 1130 eius
1194 1091 1284 1144 qnid
1315 1105 1456 1145 sapere

122 1146 344 1194 credamus,
385 1146 434 1187 de
467 1148 631 1200 capulis,
670 1146 718 1186 de
749 1148 939 1198 sepulcris
965 1154 1138 1186 mortuos
1164 1150 1459 1189 resuscitantis?

125 1205 199 1245 Cui
233 1206 292 1244 rei
329 1203 460 1243 istud?
517 1203 561 1243 Si
591 1203 640 1243 ad
670 1204 882 1256 simplicem
915 1206 1214 1244 ostentationem
1238 1208 1456 1258 potestatiS,

122 1270 190 1303 aut
212 1261 261 1302 ad
294 1260 536 1314 praesentem
569 1262 734 1314 gratiam
765 1261 1100 1309 redanimationis,
1139 1276 1215 1301 non
1246 1262 1346 1303 adeo
1379 1278 1458 1303 ma-

124 1334 239 1373 gnum
265 1320 334 1367 illi,
361 1319 488 1360 denuo
513 1321 721 1359 morituros
746 1321 937 1359 suscitari.
978 1319 1186 1359 Enimvero
1212 1322 1244 1359 si
1269 1320 1318 1360 ad
1344 1320 1458 1360 fidem

124 1379 253 1432 potins
290 1377 605 1430 sequestrandam
638 1377 791 1416 futurae
822 1378 1143 1424 resurrectionis,
1182 1390 1278 1430 ergo
1316 1385 1357 1417 et
1391 1379 1460 1417 illa

126 1435 344 1489 corporalis
387 1435 667 1487 praescribitur
709 1433 759 1472 de
803 1433 1023 1473 documenti
1067 1435 1125 1473 sui
1163 1435 1299 1473 forma.
1371 1434 1458 1474 Nec

126 1493 325 1535 sustinebo
350 1491 540 1539 dicentes,
566 1491 718 1530 idcirco
744 1497 834 1530 tunc
860 1492 1190 1531 resurrectionem
1215 1493 1366 1532 animae
1385 1493 1459 1532 soli

127 1549 358 1590 destinatam
383 1550 422 1588 in
449 1562 604 1588 carnem
632 1561 784 1602 quoque
810 1550 1144 1601 praecucurrisse,
1172 1551 1261 1602 quia
1287 1563 1363 1588 non
1389 1561 1472 1603 po-·

124 1609 265 1648 tuisset
286 1608 404 1647 aliter
428 1606 580 1646 ostendi
605 1608 842 1646 resurrectio
869 1607 1019 1645 animae
1043 1607 1262 1653 invisibilis,
1288 1608 1362 1646 nisi
1387 1621 1461 1660 per

124 1665 288 1706 visibilis
299 1666 340 1713 2)
366 1664 603 1703 substantiae
628 1665 977 1702 resuscitationem.
1036 1663 1140 1702 Male
1166 1662 1279 1703 deum
1304 1671 1457 1711 norunt,

126 1723 191 1776 qui
221 1736 298 1761 non
329 1727 466 1773 putant
495 1721 598 1759 illum
635 1733 769 1773 posse,
806 1719 909 1771 quod
946 1732 1022 1757 non
1060 1726 1211 1771 putant,
1255 1728 1296 1759 et
1332 1728 1459 1759 tamen

126 1780 254 1819 sciunt
277 1779 467 1831 potuisse,
494 1779 527 1815 si
552 1778 841 1816 instrumentum
868 1776 1021 1816 loannis
1046 1784 1198 1814 norunt.
1260 1777 1333 1825 Qui
1358 1778 1460 1816 enim

128 1837 276 1876 animas
311 1833 437 1873 adhuc
474 1834 577 1872 solas
608 1841 816 1885 martyrum
847 1832 916 1872 sub
950 1833 1063 1872 altari
1095 1835 1339 1885 quiescentes
1365 1848 1461 1874 con-

129 1893 282 1946 spectui
306 1890 548 1941 subdidit‚³)
573 1897 707 1942 posset
737 1892 868 1943 utique
900 1897 941 1929 et
969 1897 1219 1942 resurgentes
1244 1892 1366 1931 oculis
1391 1905 1461 1932 ex-

60 1968 67 1971 ·
128 1952 265 1991 hibere
289 1950 372 1989 sine
398 1961 529 1989 carne.
579 1946 632 1986 At
656 1961 731 2000 ego
757 1947 869 1988 deum
894 1948 993 1987 malo
1019 1947 1204 2001 decipere
1229 1962 1306 1988 non
1330 1963 1459 2002 posse,

131 2008 180 2049 de
206 2008 364 2048 fallacia
387 2004 625 2046 solummodo
650 2006 852 2053 infirmum,
879 2019 926 2044 ne
951 2006 1067 2045 aliter
1090 2006 1321 2046 documenta
1347 2019 1461 2060 prae-

131 2067 281 2106 misisse
307 2078 418 2118 quam
443 2077 524 2103 rem
550 2062 783 2115 disposuisse
814 2063 1008 2111 videatur,
1047 2065 1122 2102 imo
1154 2077 1223 2111 ne,
1261 2066 1293 2103 si
1331 2078 1461 2104 exem-

131 2125 235 2177 plum
259 2122 558 2162 resurrectionis
582 2121 665 2160 sine
692 2134 810 2160 carne
842 2135 918 2159 non
947 2122 1068 2160 valuit
1098 2120 1303 2168 inducere,
1341 2123 1460 2160 multo

131 2181 254 2232 magis
289 2178 565 2232 plenitudinem
602 2179 767 2231 exempli
795 2181 835 2218 in
866 2178 1001 2218 eadem
1032 2179 1243 2218 substantia
1274 2179 1460 2218 exhibere

133 2252 209 2278 non
246 2238 380 2290 possit.
441 2235 596 2275 Nullum
622 2249 719 2276 vero
749 2237 963 2288 exemplum
994 2237 1113 2275 maius
1150 2243 1211 2275 est
1247 2249 1313 2282 eo,
1353 2237 1461 2275 cuius

134 2295 349 2348 exemplum
386 2300 460 2333 est.
523 2293 648 2332 Maius
678 2301 782 2333 esset
810 2301 956 2340 autem,
994 2295 1026 2333 si
1062 2295 1212 2332 animae
1250 2306 1333 2331 cum
1371 2306 1461 2331 cor-

134 2366 231 2407 pore
270 2352 595 2392 resuscitarentur
629 2352 668 2389 in
705 2350 972 2390 documentum
1009 2352 1090 2389 sine
1129 2363 1294 2401 corpore
1331 2363 1461 2390 resur-

135 2409 265 2463 gendi,
292 2416 333 2448 ut
357 2416 438 2447 tota
456 2408 620 2447 hominis
639 2409 740 2447 salus
761 2407 940 2447 dimidiae
960 2408 1281 2460 patrocinaretur,
1309 2406 1459 2460 quando

137 2467 400 2521 exemplorum
438 2465 610 2506 conditio
647 2465 740 2504 illud
777 2467 904 2517 potius
940 2471 1164 2518 expeteret,
1201 2463 1302 2517 quod
1338 2466 1462 2504 minus

231 2593 267 2633 1)
291 2597 338 2627 lo.
353 2597 386 2635 5,
402 2595 445 2624 28
458 2603 508 2633 sq.
605 2592 638 2634 2)
663 2592 736 2633 Rig.
750 2591 1000 2624 invisibilis.
1094 2593 1131 2633 3)
1156 2591 1262 2633 Apoe.
1276 2594 1309 2633 6,
1326 2594 1427 2631 seqq.
