1604 2800
658 155 728 187 DE
758 154 958 188 ANIMA.
1371 156 1468 195 ’,ς

139 247 188 289 ad
214 261 324 301 quam
347 247 410 288 vel
434 248 508 301 ipsi
531 249 778 300 pertinemus,
809 248 842 286 si
867 245 914 286 ad
942 260 1011 286 nos
1035 246 1101 286 illa
1125 260 1202 286 non
1225 250 1409 301 pertinet.
1427 251 1464 302 ¹)

138 306 313 359 Denique
338 319 410 346 nec
436 306 632 359 speculum
657 307 739 345 eius
764 319 930 352 somnus,
957 306 1084 345 aliena
1108 307 1270 345 materia
1295 312 1385 347 est.‘

253 365 374 413 43.²)
412 363 470 404 De
495 377 628 403 somno
654 365 758 416 prius
784 363 1037 416 disputemus,
1065 371 1163 416 post,
1191 371 1352 404 mortem
1374 378 1467 418 qua-

138 422 228 461 liter
250 423 375 460 anima
400 420 592 461 decurrat.
631 421 720 461 Non
746 423 875 474 utique
902 421 1187 460 extranaturale
1213 429 1272 461 est
1297 436 1465 471 somnus,

137 487 178 519 ut
192 477 412 532 quibusdam
433 480 720 532 philosophisss)
745 480 887 532 placet,
914 493 998 518 cum
1025 493 1073 518 ex
1100 479 1157 518 his
1177 492 1261 518 eum
1282 479 1468 532 deputant

138 538 306 584 caussis,
350 550 446 590 quae
488 545 645 590 praeter
689 545 860 576 naturam
899 537 1035 576 haberi
1070 536 1261 576 videntur.
1340 536 1468 577 Stoici

136 608 306 634 somnum
337 596 613 635 resolutionem
644 596 830 635 sensualis
862 595 1008 646 vigoris
1039 594 1242 641 affirmant,
1281 591 1467 647 Epicurei

137 651 434 692 deminutionem
453 654 608 705 spiritus
633 653 819 700 animalis,
845 652 1101 703 Anaxagoras
1122 666 1206 691 cum
1225 652 1466 705 Xenophane

134 708 464 758 defetiscentiam,
496 709 752 763 Empedocles
778 717 818 749 et
841 708 1089 748 Parmenides
1114 710 1464 761 refrigerationem,

136 766 268 807 Strato
283 769 594 819 segregationem
611 769 758 807 consati
773 768 940 818 spiritus,
956 767 1200 805 Democritus
1214 766 1467 817 indigentiam

135 826 303 877 spiritus,
329 823 564 863 Aristoteles
590 836 805 862 marcorem
832 822 1163 862 circumcordialis
1184 823 1339 861 caloris.
1377 823 1463 874 Ego

133 895 194 920 me
219 894 409 933 nunquam
429 882 483 919 ita
503 880 689 919 dormisse
710 893 926 932 praesumo,
952 887 994 918 ut
1019 892 1068 918 ex
1093 879 1151 918 his
1178 879 1320 931 aliquid
1346 893 1468 931 agno-

133 951 251 978 scam.
300 937 439 990 Neque
465 938 566 977 enim
592 936 827 977 credendum
853 944 924 984 est,
958 936 1265 976 defetiscentiam
1292 950 1378 975 esse
1404 951 1468 975 so-

134 996 272 1043 mnum,
299 997 534 1035 contrarium
560 996 688 1046 potius
714 994 1023 1040 defetiscentiae,
1051 1007 1160 1045 quam
1181 994 1332 1032 scilicet
1352 994 1465 1039 tollit,

134 1052 320 1105 siquidem
340 1052 454 1090 homo
476 1065 609 1090 somno
630 1052 751 1102 magis
771 1051 946 1090 reficitur
970 1063 1080 1102 quam
1106 1051 1302 1101 fatigatur.
1341 1050 1465 1088 Porro

133 1123 208 1149 nec
234 1122 388 1161 semper
411 1122 462 1148 ex
485 1109 715 1160 fatigatione
741 1108 958 1159 concipitur
983 1120 1147 1153 somnus,
1176 1114 1216 1145 et
1234 1114 1360 1144 tamen
1382 1119 1467 1144 cum

135 1179 186 1206 ex
210 1166 276 1205 illa
300 1172 376 1213 est,
409 1166 475 1204 illa
500 1166 574 1204 iam
600 1179 676 1203 non
702 1172 774 1204 est.
836 1164 914 1203 Sed
941 1177 1012 1202 nec
1039 1163 1372 1213 refrigescentiam
1397 1161 1467 1200 ad-

134 1225 299 1271 mittam,
337 1230 403 1262 aut
426 1235 640 1262 marcorem
667 1223 831 1273 aliquem
858 1221 1019 1266 caloris,
1059 1233 1143 1258 cum
1173 1218 1272 1258 adeo
1299 1231 1467 1271 corpora

135 1294 269 1329 somno
307 1281 600 1326 concalescant,
639 1286 681 1317 ut
716 1277 951 1330 dispensatio
990 1276 1160 1316 ciborum
1194 1289 1265 1328 per
1295 1289 1466 1315 somnum

136 1352 213 1377 non
238 1337 354 1377 facile
380 1335 617 1390 procederet
642 1336 772 1375 calore
799 1334 1035 1387 properabili
1056 1342 1096 1373 et
1114 1335 1245 1385 rigore
1272 1332 1466 1380 tardabili,

135 1397 167 1435 si
192 1408 325 1435 somno
350 1395 684 1446 refrigeraremur.
733 1392 822 1431 Plus
848 1399 918 1439 est,
946 1391 1048 1444 quod
1074 1392 1187 1430 etiam
1214 1390 1332 1428 sudor
1357 1389 1468 1441 dige-

134 1453 271 1492 stionis
297 1452 506 1492 aestuantis
531 1457 590 1490 est
615 1449 744 1489 index.
804 1449 979 1500 Denique
1012 1460 1258 1499 concoquere
1290 1446 1466 1494 dicimur,

135 1509 238 1564 quod
262 1510 424 1556 caloris,
457 1522 532 1547 non
564 1507 720 1559 frigoris
753 1507 929 1558 operatio
962 1513 1032 1545 est.
1100 1503 1268 1544 Proinde
1294 1503 1468 1543 deminu-

132 1569 278 1607 tionem
302 1566 477 1606 animalis
503 1566 658 1618 spiritus
691 1571 757 1603 aut
786 1558 1035 1615 indigentiam
1060 1563 1216 1615 spiritus
1242 1569 1307 1600 aut
1331 1574 1466 1612 segre-

133 1625 330 1678 gationem
364 1624 514 1663 consati
546 1623 701 1674 spiritus
726 1622 950 1660 immortalis
976 1621 1101 1658 anima
1126 1632 1203 1656 non
1227 1619 1318 1656 sinit
1343 1617 1465 1656 credi.

132 1681 241 1722 Perit
265 1682 403 1727 anima,
429 1681 462 1718 si
486 1680 712 1718 minoratur.
777 1677 982 1728 Superest,
1013 1677 1046 1714 si
1075 1675 1177 1713 forte
1210 1687 1294 1713 cum
1321 1672 1466 1711 Stoicis

133 1737 409 1777 resolutionem
441 1735 629 1774 sensualis
658 1734 803 1784 vigoris
834 1745 1005 1771 somnum
1030 1731 1344 1775 determinemus,
1378 1730 1468 1780 quia

134 1795 311 1846 corporis
336 1792 455 1830 solius
480 1792 646 1842 quietem
672 1796 868 1841 procuret,
895 1802 971 1827 non
997 1795 1037 1827 et
1061 1788 1225 1826 animae.
1287 1786 1465 1824 Animam

135 1851 237 1890 enim
257 1856 298 1888 ut
317 1848 469 1900 semper
492 1846 669 1886 mobilem
691 1853 730 1885 et
750 1858 902 1898 semper
925 1846 1138 1884 exercitam
1163 1855 1350 1894 nunquam
1377 1855 1466 1880 suc--

136 1906 278 1948 cedere
310 1905 447 1958 quieti,
481 1904 629 1943 alienae
661 1903 860 1942 sciliceta
884 1910 985 1942 statu
1016 1900 1332 1948 immortalitatis;
1371 1899 1466 1937 nibil

134 1966 236 2004 enim
266 1961 480 2003 immortale
518 1961 630 1999 finem
668 1961 797 2012 operis
833 1960 890 2000 sui
922 1958 1106 2005 admittit,
1145 1970 1298 1996 somnus
1335 1962 1465 1995 autem

135 2022 221 2061 finis
246 2027 306 2060 est
331 2020 475 2072 operis.
538 2016 712 2070 Denique
739 2018 907 2070 corpori,
940 2017 1001 2056 cni
1025 2015 1238 2054 mortalitas
1264 2014 1461 2065 competit,

135 2080 173 2118 ei
197 2078 269 2118 soli
303 2077 410 2129 quies
448 2076 560 2114 finem
597 2075 725 2127 operis
755 2073 946 2119 adulatur.
1023 2072 1094 2121 Qui
1132 2085 1228 2123 ergo
1261 2070 1309 2109 de
1341 2071 1464 2108 somni

135 2133 382 2174 naturalitate
414 2132 621 2179 dubitabit,
653 2130 771 2170 habet
802 2130 953 2183 quidem
984 2128 1213 2169 dialecticos
1245 2129 1283 2166 in
1309 2126 1463 2165 dubium

136 2190 374 2231 deducentes
388 2196 505 2228 totam
521 2188 747 2227 naturalium
761 2195 802 2228 et
814 2187 1152 2227 extranaturalium
1173 2184 1460 2227 discretionem,

136 2256 180 2289 ut
199 2260 295 2302 quae
314 2247 506 2299 putaverit
531 2247 628 2285 citra
652 2252 824 2284 naturam
850 2257 949 2293 esse,
975 2251 1135 2283 naturae
1155 2239 1344 2281 vindicari
1363 2239 1463 2277 sciat

137 2372 250 2405 prov.
276 2362 442 2394 animae
467 2362 532 2392 etc.
578 2359 661 2391 Edd.
684 2359 807 2391 ceteri:
839 2359 937 2398 quia
968 2360 1008 2389 et
1039 2356 1177 2388 anima
1207 2353 1246 2385 in
1272 2351 1393 2384 nobis
1416 2353 1463 2381 ut

139 2409 376 2450 depo-itum
403 2406 568 2438 habitat
592 2408 632 2436 et
655 2408 701 2436 ut
724 2405 771 2436 de
797 2404 882 2436 alia
902 2413 1013 2444 prov.
1030 2402 1195 2434 animae
1211 2401 1275 2430 etc.
1347 2397 1384 2437 1)
1399 2398 1460 2426 Vr.

138 2465 220 2487 non
251 2454 439 2494 pertinet
470 2452 571 2483 eiecit
596 2451 720 2492 Rigalt.
815 2451 851 2490 2)
870 2450 943 2480 Hoc
965 2458 1040 2488 cap.
1061 2448 1095 2477 in
1115 2447 1220 2476 Rben.
1239 2447 1273 2475 et
1293 2443 1367 2474 Gel.
1386 2442 1458 2472 edd.

139 2501 343 2540 inscriptum
358 2501 426 2530 est:
451 2499 506 2528 Do
532 2506 675 2528 somno
700 2495 945 2535 pertinente
970 2494 1018 2525 ad
1043 2494 1278 2524 tractatum
1299 2488 1459 2520 mortis-

141 2548 178 2587 3)
192 2548 242 2578 Cf.
257 2546 344 2578 Plut.
359 2545 399 2576 de
410 2547 498 2586 plac,
514 2543 594 2586 phil.
611 2545 643 2584 5,
656 2542 698 2572 24
711 2550 760 2580 sq.
1092 2586 1137 2622 γ’
1152 2582 1170 2600 ᾖ

1120 2597 1141 2622 ὃ
