1604 2800
504 174 580 205 DE
613 174 806 205 CARNE
843 174 1098 204 CHRISTI.
1399 171 1467 209 ὃ,

137 281 248 322 quam
274 281 323 306 ex
350 267 525 314 homine,
557 273 623 304 aut
647 265 752 305 aliud
777 266 922 313 Maria,
950 279 1060 318 quam
1086 265 1215 304 homo.
1275 264 1466 318 Denique,

135 325 333 372 Marcion,
371 323 473 364 baud
501 324 617 363 aliter
636 325 673 375 ¹)
700 338 774 362 non
809 323 1008 363 diceretur
1037 323 1152 362 homo
1185 323 1359 362 Christus
1383 325 1467 362 sine

138 396 277 431 carne,
302 396 376 422 nec
402 383 566 422 hominis
593 382 691 420 filius
716 383 798 420 sine
825 382 953 434 aliquo
979 388 1139 434 parente
1165 381 1341 428 homine,
1367 382 1469 420 sicut

138 454 211 482 nec
236 440 331 480 deus
355 441 437 480 sine
462 441 598 493 spiritu
626 439 700 487 dei,
728 453 799 478 nec
827 439 890 478 dei
916 439 1014 478 filius
1039 441 1121 478 sine
1147 438 1223 478 deo
1249 446 1372 491 patre.
1411 438 1469 477 lta

137 500 334 552 utriusque
371 498 609 538 substantiae
648 511 786 536 census
824 498 1015 536 hominem
1054 504 1094 536 et
1131 496 1243 536 deum
1281 497 1468 544 exhibuit,

138 557 227 597 hinc
253 563 402 604 natum,
439 555 530 595 inde
557 569 633 593 non
659 562 806 602 natum,
846 555 933 593 hinc
961 568 1161 602 carneum,
1199 553 1289 593 inde
1315 556 1469 606 spirita·

138 615 233 662 lem3
260 614 348 654 hinc
374 611 690 667 infirmnmuinde
716 613 971 664 praefortem,
999 613 1086 652 hinc
1113 614 1353 658 morientem,
1380 611 1469 651 inde

137 674 341 712 viventem.
404 671 510 719 Quae
537 671 754 723 proprietas
781 668 1062 717 conditionum,
1096 669 1247 708 divinae
1274 677 1315 708 et
1338 670 1470 708 huma-

138 743 231 778 nae,
261 742 384 781 aequa
412 730 542 780 utique
569 729 764 779 utriusque
791 735 950 766 naturae
976 729 1141 766 veritate
1167 727 1370 778 dispuncta
1396 733 1468 772 est,

104 794 113 797 “
138 786 273 827 eadem
299 785 375 825 fide
401 787 556 838 spiritus
582 793 623 824 et
653 799 765 832 car03
804 786 966 823 virtutes
995 786 1168 836 spiritum
1203 783 1284 830 dei,
1323 784 1471 835 passio-

76 861 81 866 ·
138 858 208 884 nes
245 856 400 883 caruem
437 843 603 882 hominis
646 842 920 893 probaverunt.
994 840 1035 880 Si
1073 843 1237 880 virtutes
1273 854 1350 879 non
1387 842 1471 879 sine

138 903 287 956 spiritu,
313 900 476 954 proinde
503 908 544 939 et
567 901 767 952 passiones
792 913 868 937 nou
893 900 976 938 sine
1003 912 1135 938 carne.
1198 897 1239 937 Si
1267 912 1359 937 caro
1387 912 1470 937 cum

139 959 381 1013 passionibus
418 959 528 1005 ficta,
578 964 618 997 et
655 958 812 1010 spiritus
849 970 945 1008 ergo
985 970 1069 995 cum
1100 956 1304 995 virtutibus
1334 956 1468 994 falsus.

141 1016 238 1067 Quid
265 1016 443 1056 dimidias
467 1014 671 1055 mendacio
699 1014 916 1052 Christum?
946 1021 1049 1052 totus
1074 1015 1218 1053 veritas
1242 1014 1327 1052 suit.
1388 1012 1472 1052 Ma-

141 1076 223 1124 luit,
249 1074 383 1122 crede,
409 1076 531 1120 nasci,
558 1086 667 1125 quam
694 1085 744 1110 ex
769 1073 896 1123 aliqua
921 1078 1030 1123 parte
1057 1072 1226 1122 mentiri,
1253 1078 1293 1109 et
1319 1069 1471 1122 quidem

139 1135 180 1172 in
191 1133 461 1184 semetipsum,
487 1139 529 1169 ut
554 1143 707 1168 carnem
735 1136 908 1179 gestaret
932 1129 1014 1166 sine
1041 1128 1190 1167 ossibus
1215 1127 1361 1173 duram,
1389 1129 1471 1165 siue

141 1190 322 1230 musculis
346 1188 527 1234 solidam,
566 1188 648 1225 siue
675 1187 860 1237 sanguine
888 1192 1105 1232 cruentam,
1143 1186 1225 1224 sine
1252 1186 1380 1223 tunica
1405 1197 1472 1222 ve—

142 1249 289 1295 stitam,
315 1248 397 1285 sine
423 1247 524 1284 fame
550 1245 803 1290 esurientem,
841 1244 923 1281 sine
949 1242 1128 1282 dentibus
1153 1241 1351 1288 edentem,
1390 1243 1472 1280 sine

142 1306 273 1357 lingua
298 1305 537 1356 loquentem,
574 1309 615 1340 ut
644 1302 867 1353 phantasma
898 1301 1054 1339 auribus
1085 1301 1202 1339 fuerit
1232 1313 1358 1338 sermo
1391 1299 1474 1337 eius

142 1376 214 1416 per
237 1363 441 1413 imaginem
469 1361 590 1399 vocis.
642 1359 729 1397 Fuit
753 1360 881 1410 itaque
907 1358 1131 1410 phantasma
1157 1358 1272 1396 etiam
1298 1363 1386 1408 post
1410 1368 1474 1394 re-

143 1421 439 1466 surrectionem,
465 1431 550 1456 cum
577 1429 709 1455 manus
734 1423 775 1454 et
798 1415 919 1468 pedes
944 1429 1034 1454 suos
1054 1414 1252 1467 discipulis
1266 1414 1475 1465 inspicien-

144 1477 216 1518 dos
241 1477 422 1516 offerret:
453 1476 635 1527 aspicite,
668 1473 822 1519 dicens,
849 1472 951 1525 quod
977 1486 1052 1524 ego
1077 1486 1177 1519 sum,
1205 1473 1292 1524 quia
1318 1472 1475 1523 spiritus

145 1548 231 1576 ossa
264 1548 341 1574 non
372 1533 508 1580 babet,
546 1533 648 1571 sicut
676 1544 736 1570 me
769 1531 972 1570 habentem
1002 1529 1163 1577 videtis,
1182 1532 1220 1577 2)
1248 1530 1331 1568 sine
1358 1527 1474 1567 dubio

144 1589 277 1633 manus
301 1599 343 1632 et
365 1590 486 1644 pedes
511 1598 551 1629 et
575 1603 675 1636 ossa,
703 1602 800 1641 quae
827 1590 982 1641 spiritus
1008 1602 1083 1627 non
1110 1588 1240 1633 habet,
1266 1585 1336 1625 sed
1362 1599 1472 1625 caro.

146 1649 347 1700 Quomodo
384 1649 484 1688 hauc
519 1661 656 1687 vocem
694 1648 980 1697 interpretaris,
1017 1646 1215 1691 Marcion,
1253 1645 1315 1696 qui
1347 1657 1369 1681 a
1401 1642 1476 1681 deo

146 1709 291 1762 optimo
317 1715 358 1746 et
381 1706 544 1757 simplici
569 1712 611 1743 et
634 1705 737 1742 bono
763 1711 907 1741 tantum
934 1703 1054 1741 infers
1080 1702 1230 1741 Iesum?
1272 1701 1378 1739 Ecce
1405 1700 1477 1737 fal-

146 1767 191 1806 lit
215 1773 258 1804 et
279 1764 428 1815 decipit
452 1770 493 1800 et
517 1762 770 1800 circumvenit
799 1761 965 1798 omnium
998 1760 1153 1805 oculos,
1192 1759 1356 1797 omnium
1389 1769 1477 1794 sen-

146 1836 230 1870 sus»,
267 1821 433 1861 omnium
469 1831 650 1857 accessus
687 1824 729 1855 et
759 1823 974 1855 contactus.
1035 1817 1143 1867 Ergo
1172 1817 1247 1854 iam
1284 1814 1476 1852 Christum

148 1893 225 1919 non
251 1878 300 1918 de
325 1877 439 1917 coelo
466 1875 622 1914 deferre
648 1873 858 1920 debueras,
896 1873 965 1913 sed
996 1873 1044 1912 de
1069 1874 1198 1925 aliquo
1226 1871 1477 1911 circulatorio

150 1944 284 1983 coetu,
322 1948 395 1974 nec
428 1933 538 1972 deum
570 1939 727 1984 praeter
751 1931 961 1978 hominem,
1001 1930 1069 1970 sed
1094 1943 1244 1982 magum
1270 1929 1475 1974 hominem,

149 2008 222 2035 nec
248 1994 381 2033 salutis
406 1991 641 2044 pontificem,
668 1987 734 2027 sed
755 1989 968 2041 spectaculi
989 1988 1190 2034 artificem,
1219 2000 1290 2026 nec
1305 1993 1478 2024 mortuo-

150 2066 231 2101 rum
257 2052 544 2095 suscitatorem,
571 2046 639 2085 sed
664 2047 834 2086 vivorum
860 2054 1127 2093 avocatorem,
1153 2046 1227 2084 nisi
1253 2043 1375 2097 quod,
1402 2044 1477 2082 etsi

151 2123 284 2161 magus
309 2109 392 2154 suit,
419 2113 528 2145 natus
554 2112 625 2143 est.

268 2170 312 2208 6.
363 2163 443 2203 Sed
468 2162 626 2216 quidam*
646 2160 841 2200 discentes
866 2161 1019 2200 Pontici
1050 2162 1172 2208 illius,
1212 2172 1327 2212 supra
1357 2159 1480 2208 magi—

153 2231 270 2263 strum
308 2235 446 2275 sapere
484 2220 687 2272 compulsi,
727 2218 946 2257 concedunt
983 2219 1137 2257 Christo
1175 2218 1303 2256 carnis
1338 2215 1481 2253 verita-

154 2289 249 2328 tem,
293 2281 375 2319 sine
414 2277 653 2331 praeiudicio
692 2283 818 2314 tamen
854 2275 1075 2315 renuendae
1121 2274 1341 2315 nativitatis.
1404 2271 1481 2309 Ha-

154 2339 300 2384 buerit,
344 2337 535 2389 inquiunt,
574 2347 728 2373 carnem
767 2333 940 2373 dominus
958 2334 996 2382 ³)
1030 2347 1106 2372 non
1139 2339 1276 2371 natam.
1336 2329 1480 2367 Perve-

242 2444 286 2484 j)
311 2444 365 2473 lta
383 2441 457 2473 cod.
473 2439 598 2471 Ursini.
646 2438 752 2470 Rhen.
772 2438 825 2468 ed.
847 2439 871 2469 1.
898 2437 1011 2469 Deus
1035 2435 1275 2468 Marcionis
1300 2435 1373 2465 aut
1398 2433 1482 2463 ali-

155 2493 223 2522 ter
245 2493 313 2521 etc.
362 2487 809 2528 Rig.ecod.Agob.quam
835 2484 971 2521 homo;
997 2485 1070 2514 aut
1093 2482 1233 2522 homo,
1259 2480 1482 2511 deuoluer-

157 2536 308 2568 tionis.
357 2534 495 2565 Aliter
519 2535 586 2564 etc.
680 2530 717 2574 2)
745 2531 828 2561 Luc.
848 2530 903 2568 24,
923 2530 976 2560 39.
1073 2529 1109 2568 3)
1135 2529 1186 2558 lta
1208 2527 1305 2557 codd.
1325 2526 1429 2566 Agob.
1448 2528 1484 2556 et

157 2582 303 2614 Pithoei.
354 2581 589 2612 Edd.omne=:
618 2586 803 2618 carnem,
829 2575 918 2606 dum
946 2574 1113 2605 omnino
1140 2576 1206 2605 etc.

1139 2617 1196 2660 5*
