<?xml version="1.0" encoding="UTF-8"?>
<!DOCTYPE html PUBLIC "-//W3C//DTD XHTML 1.0 Transitional//EN"
    "http://www.w3.org/TR/xhtml1/DTD/xhtml1-transitional.dtd">
<html xmlns="http://www.w3.org/1999/xhtml" xml:lang="en" lang="en">
 <head>
  <title>
</title>
<meta http-equiv="Content-Type" content="text/html;charset=utf-8" />
  <meta name='ocr-system' content='tesseract 3.04.00' />
  <meta name='ocr-capabilities' content='ocr_page ocr_carea ocr_par ocr_line ocrx_word'/>
</head>
<body>
  <div class='ocr_page' id='page_1' title='image "./operatert34tertuoft_0021.png"; bbox 0 0 1598 2794; ppageno 0'>
   <div class='ocr_carea' id='block_1_1' title="bbox 250 198 1436 236">
    <p class='ocr_par' dir='ltr' id='par_1_1' title="bbox 250 198 1436 236">
     <span class='ocr_line' id='line_1_1' title="bbox 250 198 1436 236; baseline 0 -4"><span class='ocrx_word' id='word_1_1' title='bbox 250 200 325 232; x_wconf 72' lang='lat' dir='ltr'><strong>nn</strong></span> <span class='ocrx_word' id='word_1_2' title='bbox 358 198 995 232; x_wconf 73' lang='lat' dir='ltr'>PRAESCRIPTIONOEUS</span> <span class='ocrx_word' id='word_1_3' title='bbox 1030 199 1282 234; x_wconf 81' lang='lat' dir='ltr'><strong>HAERET.</strong></span> <span class='ocrx_word' id='word_1_4' title='bbox 1364 200 1436 236; x_wconf 74' lang='grc' dir='ltr'><strong>ιι</strong></span> 
     </span>
    </p>
   </div>
   <div class='ocr_carea' id='block_1_2' title="bbox 0 291 1432 2352">
    <p class='ocr_par' dir='ltr' id='par_1_2' title="bbox 76 291 1431 1432">
     <span class='ocr_line' id='line_1_2' title="bbox 102 291 1428 347; baseline 0 -15"><span class='ocrx_word' id='word_1_5' title='bbox 102 293 486 347; x_wconf 84' lang='lat' dir='ltr'><strong>certi.repcrcrunt,</strong></span> <span class='ocrx_word' id='word_1_6' title='bbox 531 298 572 331; x_wconf 87' lang='lat' dir='ltr'><strong>et</strong></span> <span class='ocrx_word' id='word_1_7' title='bbox 613 291 724 339; x_wconf 84' lang='lat' dir='ltr'><strong>ideo,</strong></span> <span class='ocrx_word' id='word_1_8' title='bbox 768 293 1022 347; x_wconf 87' lang='lat' dir='ltr'><strong>quodcunque</strong></span> <span class='ocrx_word' id='word_1_9' title='bbox 1058 294 1239 335; x_wconf 87' lang='lat' dir='ltr'><strong>videntur</strong></span> <span class='ocrx_word' id='word_1_10' title='bbox 1275 294 1428 332; x_wconf 84' lang='lat' dir='ltr'><strong>interim</strong></span> 
     </span>
     <span class='ocr_line' id='line_1_3' title="bbox 101 348 1426 405; baseline -0.002 -15"><span class='ocrx_word' id='word_1_11' title='bbox 101 357 258 398; x_wconf 78' lang='lat' dir='ltr'><strong>tenere,</strong></span> <span class='ocrx_word' id='word_1_12' title='bbox 295 348 572 390; x_wconf 80' lang='lat' dir='ltr'><strong>dubitationem</strong></span> <span class='ocrx_word' id='word_1_13' title='bbox 609 363 713 388; x_wconf 90' lang='lat' dir='ltr'><strong>suam</strong></span> <span class='ocrx_word' id='word_1_14' title='bbox 753 351 976 399; x_wconf 88' lang='lat' dir='ltr'><strong>ostendunt,</strong></span> <span class='ocrx_word' id='word_1_15' title='bbox 1016 353 1193 405; x_wconf 84' lang='lat' dir='ltr'><strong>quamdiu</strong></span> <span class='ocrx_word' id='word_1_16' title='bbox 1226 358 1426 403; x_wconf 87' lang='lat' dir='ltr'><strong>quaerunt.</strong></span> 
     </span>
     <span class='ocr_line' id='line_1_4' title="bbox 102 406 1431 462; baseline 0 -15"><span class='ocrx_word' id='word_1_17' title='bbox 102 406 237 460; x_wconf 72' lang='lat' dir='ltr'><strong>Itaque</strong></span> <span class='ocrx_word' id='word_1_18' title='bbox 278 414 339 456; x_wconf 91' lang='lat' dir='ltr'><strong>tu,</strong></span> <span class='ocrx_word' id='word_1_19' title='bbox 378 408 440 460; x_wconf 89' lang='lat' dir='ltr'><strong>qui</strong></span> <span class='ocrx_word' id='word_1_20' title='bbox 472 406 635 459; x_wconf 82' lang='lat' dir='ltr'>proinde</span> <span class='ocrx_word' id='word_1_21' title='bbox 668 409 838 459; x_wconf 87' lang='lat' dir='ltr'><strong>quaeris,</strong></span> <span class='ocrx_word' id='word_1_22' title='bbox 878 417 1056 462; x_wconf 90' lang='lat' dir='ltr'><strong>spectans</strong></span> <span class='ocrx_word' id='word_1_23' title='bbox 1090 410 1139 449; x_wconf 87' lang='lat' dir='ltr'><strong>ad</strong></span> <span class='ocrx_word' id='word_1_24' title='bbox 1165 422 1253 456; x_wconf 91' lang='lat' dir='ltr'><strong>eos,</strong></span> <span class='ocrx_word' id='word_1_25' title='bbox 1296 409 1359 461; x_wconf 90' lang='lat' dir='ltr'><strong>qui</strong></span> <span class='ocrx_word' id='word_1_26' title='bbox 1390 415 1431 447; x_wconf 87' lang='lat' dir='ltr'><strong>et</strong></span> 
     </span>
     <span class='ocr_line' id='line_1_5' title="bbox 100 463 1429 519; baseline -0.001 -15"><span class='ocrx_word' id='word_1_27' title='bbox 100 465 176 519; x_wconf 76' lang='lat' dir='ltr'><strong>ipsi</strong></span> <span class='ocrx_word' id='word_1_28' title='bbox 199 471 406 518; x_wconf 84' lang='lat' dir='ltr'><strong>quaerunt,</strong></span> <span class='ocrx_word' id='word_1_29' title='bbox 433 464 569 504; x_wconf 90' lang='lat' dir='ltr'><strong>dubius</strong></span> <span class='ocrx_word' id='word_1_30' title='bbox 594 463 643 503; x_wconf 91' lang='lat' dir='ltr'><strong>ad</strong></span> <span class='ocrx_word' id='word_1_31' title='bbox 669 464 823 512; x_wconf 89' lang='lat' dir='ltr'><strong>dubios,</strong></span> <span class='ocrx_word' id='word_1_32' title='bbox 851 467 1021 506; x_wconf 90' lang='lat' dir='ltr'><strong>incertus</strong></span> <span class='ocrx_word' id='word_1_33' title='bbox 1046 467 1095 506; x_wconf 90' lang='lat' dir='ltr'><strong>ad</strong></span> <span class='ocrx_word' id='word_1_34' title='bbox 1121 469 1311 512; x_wconf 88' lang='lat' dir='ltr'><strong>incertos,</strong></span> <span class='ocrx_word' id='word_1_35' title='bbox 1339 477 1429 504; x_wconf 89' lang='lat' dir='ltr'><strong>cac-</strong></span> 
     </span>
     <span class='ocr_line' id='line_1_6' title="bbox 101 521 1429 573; baseline -0.001 -11"><span class='ocrx_word' id='word_1_36' title='bbox 101 534 171 562; x_wconf 84' lang='lat' dir='ltr'><strong>cus</strong></span> <span class='ocrx_word' id='word_1_37' title='bbox 194 535 218 561; x_wconf 82' lang='lat' dir='ltr'><strong>a</strong></span> <span class='ocrx_word' id='word_1_38' title='bbox 244 523 374 562; x_wconf 78' lang='lat' dir='ltr'><strong>caecis</strong></span> <span class='ocrx_word' id='word_1_39' title='bbox 399 523 436 560; x_wconf 88' lang='lat' dir='ltr'><strong>in</strong></span> <span class='ocrx_word' id='word_1_40' title='bbox 467 523 618 562; x_wconf 86' lang='lat' dir='ltr'><strong>foveam</strong></span> <span class='ocrx_word' id='word_1_41' title='bbox 645 521 850 562; x_wconf 87' lang='lat' dir='ltr'><strong>deducaris</strong></span> <span class='ocrx_word' id='word_1_42' title='bbox 876 538 1037 564; x_wconf 87' lang='lat' dir='ltr'><strong>necesse</strong></span> <span class='ocrx_word' id='word_1_43' title='bbox 1064 527 1182 573; x_wconf 90' lang='lat' dir='ltr'><strong>est¹).</strong></span> <span class='ocrx_word' id='word_1_44' title='bbox 1237 522 1315 562; x_wconf 86' lang='lat' dir='ltr'><strong>Sed</strong></span> <span class='ocrx_word' id='word_1_45' title='bbox 1343 535 1429 562; x_wconf 82' lang='lat' dir='ltr'><strong>cum</strong></span> 
     </span>
     <span class='ocr_line' id='line_1_7' title="bbox 100 577 1429 634; baseline -0.001 -16"><span class='ocrx_word' id='word_1_46' title='bbox 100 577 322 632; x_wconf 79' lang='lat' dir='ltr'><strong>decipiendi</strong></span> <span class='ocrx_word' id='word_1_47' title='bbox 347 580 474 631; x_wconf 84' lang='lat' dir='ltr'><strong>gratia</strong></span> <span class='ocrx_word' id='word_1_48' title='bbox 498 579 771 632; x_wconf 83' lang='lat' dir='ltr'><strong>praetendant,</strong></span> <span class='ocrx_word' id='word_1_49' title='bbox 804 594 845 619; x_wconf 87' lang='lat' dir='ltr'><strong>se</strong></span> <span class='ocrx_word' id='word_1_50' title='bbox 872 581 996 621; x_wconf 90' lang='lat' dir='ltr'><strong>adhuc</strong></span> <span class='ocrx_word' id='word_1_51' title='bbox 1023 594 1224 634; x_wconf 73' lang='lat' dir='ltr'><strong>quaerere,</strong></span> <span class='ocrx_word' id='word_1_52' title='bbox 1251 587 1293 618; x_wconf 91' lang='lat' dir='ltr'><strong>ut</strong></span> <span class='ocrx_word' id='word_1_53' title='bbox 1318 579 1429 618; x_wconf 84' lang='lat' dir='ltr'><strong>nobis</strong></span> 
     </span>
     <span class='ocr_line' id='line_1_8' title="bbox 99 635 1428 690; baseline -0.001 -14"><span class='ocrx_word' id='word_1_54' title='bbox 99 649 173 690; x_wconf 83' lang='lat' dir='ltr'><strong>per</strong></span> <span class='ocrx_word' id='word_1_55' title='bbox 195 636 468 676; x_wconf 79' lang='lat' dir='ltr'><strong>sollicitudinis</strong></span> <span class='ocrx_word' id='word_1_56' title='bbox 499 639 748 676; x_wconf 89' lang='lat' dir='ltr'><strong>iniectionem</strong></span> <span class='ocrx_word' id='word_1_57' title='bbox 780 645 966 677; x_wconf 86' lang='lat' dir='ltr'><strong>tractatus</strong></span> <span class='ocrx_word' id='word_1_58' title='bbox 1005 652 1094 677; x_wconf 90' lang='lat' dir='ltr'><strong>suos</strong></span> <span class='ocrx_word' id='word_1_59' title='bbox 1119 639 1332 683; x_wconf 86' lang='lat' dir='ltr'><strong>insinuent,</strong></span> <span class='ocrx_word' id='word_1_60' title='bbox 1360 635 1428 675; x_wconf 90' lang='lat' dir='ltr'><strong>de·-</strong></span> 
     </span>
     <span class='ocr_line' id='line_1_9' title="bbox 100 692 1429 747; baseline -0.001 -15"><span class='ocrx_word' id='word_1_61' title='bbox 100 695 228 747; x_wconf 87' lang='lat' dir='ltr'><strong>nique,</strong></span> <span class='ocrx_word' id='word_1_62' title='bbox 256 694 320 733; x_wconf 91' lang='lat' dir='ltr'><strong>ubi</strong></span> <span class='ocrx_word' id='word_1_63' title='bbox 344 693 523 733; x_wconf 86' lang='lat' dir='ltr'><strong>adierunt</strong></span> <span class='ocrx_word' id='word_1_64' title='bbox 547 693 595 732; x_wconf 87' lang='lat' dir='ltr'><strong>ad</strong></span> <span class='ocrx_word' id='word_1_65' title='bbox 615 708 697 741; x_wconf 89' lang='lat' dir='ltr'><strong>nos,</strong></span> <span class='ocrx_word' id='word_1_66' title='bbox 724 696 851 733; x_wconf 86' lang='lat' dir='ltr'><strong>statim</strong></span> <span class='ocrx_word' id='word_1_67' title='bbox 877 709 974 747; x_wconf 86' lang='lat' dir='ltr'><strong>quae</strong></span> <span class='ocrx_word' id='word_1_68' title='bbox 1001 695 1182 735; x_wconf 88' lang='lat' dir='ltr'><strong>dicebant</strong></span> <span class='ocrx_word' id='word_1_69' title='bbox 1207 692 1429 746; x_wconf 87' lang='lat' dir='ltr'><strong>quaerenda</strong></span> 
     </span>
     <span class='ocr_line' id='line_1_10' title="bbox 100 749 1426 799; baseline -0.002 -9"><span class='ocrx_word' id='word_1_70' title='bbox 100 764 194 791; x_wconf 81' lang='lat' dir='ltr'><strong>esse.</strong></span> <span class='ocrx_word' id='word_1_71' title='bbox 218 749 446 790; x_wconf 76' lang='lat' dir='ltr'><strong>defendant:</strong></span> <span class='ocrx_word' id='word_1_72' title='bbox 479 752 555 789; x_wconf 88' lang='lat' dir='ltr'><strong>iam.</strong></span> <span class='ocrx_word' id='word_1_73' title='bbox 585 752 671 798; x_wconf 85' lang='lat' dir='ltr'><strong>illos</strong></span> <span class='ocrx_word' id='word_1_74' title='bbox 703 752 758 789; x_wconf 87' lang='lat' dir='ltr'><strong>sic</strong></span> <span class='ocrx_word' id='word_1_75' title='bbox 791 751 974 791; x_wconf 89' lang='lat' dir='ltr'><strong>debemus</strong></span> <span class='ocrx_word' id='word_1_76' title='bbox 1000 754 1190 799; x_wconf 86' lang='lat' dir='ltr'><strong>refutare,</strong></span> <span class='ocrx_word' id='word_1_77' title='bbox 1224 758 1265 790; x_wconf 91' lang='lat' dir='ltr'><strong>ut</strong></span> <span class='ocrx_word' id='word_1_78' title='bbox 1290 752 1426 796; x_wconf 86' lang='lat' dir='ltr'><strong>sciant,</strong></span> 
     </span>
     <span class='ocr_line' id='line_1_11' title="bbox 99 807 1429 860; baseline -0.001 -13"><span class='ocrx_word' id='word_1_79' title='bbox 99 821 172 848; x_wconf 86' lang='lat' dir='ltr'><strong>nos</strong></span> <span class='ocrx_word' id='word_1_80' title='bbox 195 814 272 846; x_wconf 75' lang='lat' dir='ltr'><strong>non</strong></span> <span class='ocrx_word' id='word_1_81' title='bbox 298 808 466 854; x_wconf 91' lang='lat' dir='ltr'><strong>Christo,</strong></span> <span class='ocrx_word' id='word_1_82' title='bbox 493 807 563 847; x_wconf 90' lang='lat' dir='ltr'><strong>sed</strong></span> <span class='ocrx_word' id='word_1_83' title='bbox 588 808 660 847; x_wconf 88' lang='lat' dir='ltr'><strong>sibi</strong></span> <span class='ocrx_word' id='word_1_84' title='bbox 685 816 893 860; x_wconf 87' lang='lat' dir='ltr'><strong>negatores</strong></span> <span class='ocrx_word' id='word_1_85' title='bbox 913 822 1014 852; x_wconf 67' lang='lat' dir='ltr'><strong>csse.</strong></span> <span class='ocrx_word' id='word_1_86' title='bbox 1065 810 1157 848; x_wconf 90' lang='lat' dir='ltr'><strong>Cum</strong></span> <span class='ocrx_word' id='word_1_87' title='bbox 1185 809 1285 847; x_wconf 91' lang='lat' dir='ltr'><strong>enim</strong></span> <span class='ocrx_word' id='word_1_88' title='bbox 1312 820 1429 860; x_wconf 88' lang='lat' dir='ltr'><strong>quae-</strong></span> 
     </span>
     <span class='ocr_line' id='line_1_12' title="bbox 98 865 1428 914; baseline -0.001 -10"><span class='ocrx_word' id='word_1_89' title='bbox 98 872 189 905; x_wconf 79' lang='lat' dir='ltr'><strong>mnt</strong></span> <span class='ocrx_word' id='word_1_90' title='bbox 212 865 357 913; x_wconf 86' lang='lat' dir='ltr'><strong>adhuc,</strong></span> <span class='ocrx_word' id='word_1_91' title='bbox 397 865 562 904; x_wconf 90' lang='lat' dir='ltr'><strong>nondum</strong></span> <span class='ocrx_word' id='word_1_92' title='bbox 588 872 740 914; x_wconf 70' lang='lat' dir='ltr'><strong>tenent,</strong></span> <span class='ocrx_word' id='word_1_93' title='bbox 774 879 858 904; x_wconf 90' lang='lat' dir='ltr'><strong>cum</strong></span> <span class='ocrx_word' id='word_1_94' title='bbox 891 875 1017 906; x_wconf 87' lang='lat' dir='ltr'><strong>autem</strong></span> <span class='ocrx_word' id='word_1_95' title='bbox 1050 881 1126 906; x_wconf 91' lang='lat' dir='ltr'><strong>non</strong></span> <span class='ocrx_word' id='word_1_96' title='bbox 1151 873 1304 912; x_wconf 84' lang='lat' dir='ltr'><strong>tenent,</strong></span> <span class='ocrx_word' id='word_1_97' title='bbox 1332 878 1428 903; x_wconf 91' lang='lat' dir='ltr'><strong>non-</strong></span> 
     </span>
     <span class='ocr_line' id='line_1_13' title="bbox 99 921 1429 971; baseline -0.002 -9"><span class='ocrx_word' id='word_1_98' title='bbox 99 921 188 963; x_wconf 85' lang='lat' dir='ltr'><strong>dum</strong></span> <span class='ocrx_word' id='word_1_99' title='bbox 220 922 542 971; x_wconf 78' lang='lat' dir='ltr'><strong>erediderunt2),</strong></span> <span class='ocrx_word' id='word_1_100' title='bbox 582 936 658 961; x_wconf 90' lang='lat' dir='ltr'><strong>non</strong></span> <span class='ocrx_word' id='word_1_101' title='bbox 690 931 777 961; x_wconf 92' lang='lat' dir='ltr'><strong>sunt</strong></span> <span class='ocrx_word' id='word_1_102' title='bbox 810 924 1030 964; x_wconf 81' lang='lat' dir='ltr'><strong>Christiani.</strong></span> <span class='ocrx_word' id='word_1_103' title='bbox 1091 923 1146 963; x_wconf 93' lang='lat' dir='ltr'><strong>At</strong></span> <span class='ocrx_word' id='word_1_104' title='bbox 1178 937 1261 963; x_wconf 91' lang='lat' dir='ltr'><strong>cum</strong></span> <span class='ocrx_word' id='word_1_105' title='bbox 1294 929 1429 962; x_wconf 89' lang='lat' dir='ltr'><strong>tenent</strong></span> 
     </span>
     <span class='ocr_line' id='line_1_14' title="bbox 98 979 1428 1032; baseline -0.001 -13"><span class='ocrx_word' id='word_1_106' title='bbox 98 979 252 1032; x_wconf 83' lang='lat' dir='ltr'><strong>quidem</strong></span> <span class='ocrx_word' id='word_1_107' title='bbox 289 987 330 1019; x_wconf 90' lang='lat' dir='ltr'><strong>ct</strong></span> <span class='ocrx_word' id='word_1_108' title='bbox 365 980 546 1027; x_wconf 91' lang='lat' dir='ltr'><strong>credunt,</strong></span> <span class='ocrx_word' id='word_1_109' title='bbox 579 980 838 1032; x_wconf 89' lang='lat' dir='ltr'><strong>quaerendum</strong></span> <span class='ocrx_word' id='word_1_110' title='bbox 863 989 990 1021; x_wconf 90' lang='lat' dir='ltr'><strong>tamen</strong></span> <span class='ocrx_word' id='word_1_111' title='bbox 1028 981 1178 1028; x_wconf 89' lang='lat' dir='ltr'><strong>dicunt,</strong></span> <span class='ocrx_word' id='word_1_112' title='bbox 1215 988 1258 1019; x_wconf 88' lang='lat' dir='ltr'><strong>ut</strong></span> <span class='ocrx_word' id='word_1_113' title='bbox 1294 980 1428 1019; x_wconf 87' lang='lat' dir='ltr'><strong>defen-</strong></span> 
     </span>
     <span class='ocr_line' id='line_1_15' title="bbox 99 1036 1428 1092; baseline -0.002 -16"><span class='ocrx_word' id='word_1_114' title='bbox 99 1036 208 1077; x_wconf 82' lang='lat' dir='ltr'><strong>dant.</strong></span> <span class='ocrx_word' id='word_1_115' title='bbox 258 1036 474 1090; x_wconf 87' lang='lat' dir='ltr'><strong>Antequam</strong></span> <span class='ocrx_word' id='word_1_116' title='bbox 514 1037 741 1085; x_wconf 83' lang='lat' dir='ltr'><strong>defendant,</strong></span> <span class='ocrx_word' id='word_1_117' title='bbox 781 1047 924 1091; x_wconf 84' lang='lat' dir='ltr'><strong>negant</strong></span> <span class='ocrx_word' id='word_1_118' title='bbox 956 1039 1058 1092; x_wconf 92' lang='lat' dir='ltr'><strong>quod</strong></span> <span class='ocrx_word' id='word_1_119' title='bbox 1085 1038 1266 1085; x_wconf 86' lang='lat' dir='ltr'><strong>credunt,</strong></span> <span class='ocrx_word' id='word_1_120' title='bbox 1307 1037 1428 1076; x_wconf 87' lang='lat' dir='ltr'><strong>confi-</strong></span> 
     </span>
     <span class='ocr_line' id='line_1_16' title="bbox 76 1094 1427 1149; baseline -0.002 -14"><span class='ocrx_word' id='word_1_121' title='bbox 76 1101 228 1136; x_wconf 62' lang='lat' dir='ltr'><strong>⁸tentes</strong></span> <span class='ocrx_word' id='word_1_122' title='bbox 251 1109 294 1134; x_wconf 89' lang='lat' dir='ltr'><strong>se</strong></span> <span class='ocrx_word' id='word_1_123' title='bbox 320 1095 484 1134; x_wconf 91' lang='lat' dir='ltr'><strong>nondum</strong></span> <span class='ocrx_word' id='word_1_124' title='bbox 501 1094 726 1143; x_wconf 84' lang='lat' dir='ltr'><strong>credidisse,</strong></span> <span class='ocrx_word' id='word_1_125' title='bbox 755 1095 841 1134; x_wconf 91' lang='lat' dir='ltr'><strong>dum</strong></span> <span class='ocrx_word' id='word_1_126' title='bbox 868 1104 1069 1149; x_wconf 87' lang='lat' dir='ltr'><strong>quaerunt.</strong></span> <span class='ocrx_word' id='word_1_127' title='bbox 1134 1096 1206 1144; x_wconf 82' lang='lat' dir='ltr'><strong>Qui</strong></span> <span class='ocrx_word' id='word_1_128' title='bbox 1232 1108 1327 1146; x_wconf 85' lang='lat' dir='ltr'><strong>ergo</strong></span> <span class='ocrx_word' id='word_1_129' title='bbox 1354 1107 1427 1132; x_wconf 89' lang='lat' dir='ltr'><strong>nec</strong></span> 
     </span>
     <span class='ocr_line' id='line_1_17' title="bbox 99 1152 1428 1205; baseline -0.002 -14"><span class='ocrx_word' id='word_1_130' title='bbox 99 1152 175 1191; x_wconf 84' lang='lat' dir='ltr'><strong>sibi</strong></span> <span class='ocrx_word' id='word_1_131' title='bbox 199 1160 287 1191; x_wconf 91' lang='lat' dir='ltr'><strong>sunt</strong></span> <span class='ocrx_word' id='word_1_132' title='bbox 313 1153 534 1198; x_wconf 78' lang='lat' dir='ltr'><strong>Christiani,</strong></span> <span class='ocrx_word' id='word_1_133' title='bbox 563 1160 703 1204; x_wconf 89' lang='lat' dir='ltr'><strong>quanto</strong></span> <span class='ocrx_word' id='word_1_134' title='bbox 730 1155 851 1204; x_wconf 86' lang='lat' dir='ltr'><strong>magis</strong></span> <span class='ocrx_word' id='word_1_135' title='bbox 877 1155 1013 1192; x_wconf 80' lang='lat' dir='ltr'><strong>nobis?</strong></span> <span class='ocrx_word' id='word_1_136' title='bbox 1050 1154 1112 1205; x_wconf 92' lang='lat' dir='ltr'><strong>qui</strong></span> <span class='ocrx_word' id='word_1_137' title='bbox 1137 1167 1209 1204; x_wconf 89' lang='lat' dir='ltr'><strong>per</strong></span> <span class='ocrx_word' id='word_1_138' title='bbox 1234 1153 1428 1190; x_wconf 84' lang='lat' dir='ltr'><strong>fallaciam</strong></span> 
     </span>
     <span class='ocr_line' id='line_1_18' title="bbox 98 1209 1428 1262; baseline -0.002 -15"><span class='ocrx_word' id='word_1_139' title='bbox 98 1210 275 1257; x_wconf 83' lang='lat' dir='ltr'><strong>veniunt,</strong></span> <span class='ocrx_word' id='word_1_140' title='bbox 314 1210 461 1262; x_wconf 89' lang='lat' dir='ltr'><strong>qualem</strong></span> <span class='ocrx_word' id='word_1_141' title='bbox 489 1209 602 1247; x_wconf 87' lang='lat' dir='ltr'><strong>fidem</strong></span> <span class='ocrx_word' id='word_1_142' title='bbox 629 1209 847 1261; x_wconf 83' lang='lat' dir='ltr'><strong>disputant?</strong></span> <span class='ocrx_word' id='word_1_143' title='bbox 898 1210 969 1249; x_wconf 90' lang='lat' dir='ltr'><strong>Cui</strong></span> <span class='ocrx_word' id='word_1_144' title='bbox 993 1211 1149 1249; x_wconf 79' lang='lat' dir='ltr'><strong>veritati</strong></span> <span class='ocrx_word' id='word_1_145' title='bbox 1180 1210 1428 1261; x_wconf 87' lang='lat' dir='ltr'><strong>patrocinan-</strong></span> 
     </span>
     <span class='ocr_line' id='line_1_19' title="bbox 101 1265 1428 1320; baseline -0.002 -15"><span class='ocrx_word' id='word_1_146' title='bbox 101 1273 181 1313; x_wconf 86' lang='lat' dir='ltr'><strong>tur,</strong></span> <span class='ocrx_word' id='word_1_147' title='bbox 221 1267 284 1320; x_wconf 90' lang='lat' dir='ltr'><strong>qui</strong></span> <span class='ocrx_word' id='word_1_148' title='bbox 310 1279 393 1305; x_wconf 90' lang='lat' dir='ltr'><strong>eam</strong></span> <span class='ocrx_word' id='word_1_149' title='bbox 426 1280 450 1304; x_wconf 85' lang='lat' dir='ltr'><strong>a</strong></span> <span class='ocrx_word' id='word_1_150' title='bbox 481 1265 682 1305; x_wconf 88' lang='lat' dir='ltr'><strong>mendacio</strong></span> <span class='ocrx_word' id='word_1_151' title='bbox 709 1266 908 1305; x_wconf 81' lang='lat' dir='ltr'><strong>indicunt?</strong></span> <span class='ocrx_word' id='word_1_152' title='bbox 945 1266 1024 1306; x_wconf 89' lang='lat' dir='ltr'><strong>Sed</strong></span> <span class='ocrx_word' id='word_1_153' title='bbox 1054 1268 1128 1319; x_wconf 87' lang='lat' dir='ltr'><strong>ipsi</strong></span> <span class='ocrx_word' id='word_1_154' title='bbox 1154 1265 1201 1304; x_wconf 90' lang='lat' dir='ltr'><strong>de</strong></span> <span class='ocrx_word' id='word_1_155' title='bbox 1227 1265 1428 1317; x_wconf 85' lang='lat' dir='ltr'><strong>scripturis</strong></span> 
     </span>
     <span class='ocr_line' id='line_1_20' title="bbox 100 1317 1427 1375; baseline -0.002 -13"><span class='ocrx_word' id='word_1_156' title='bbox 100 1331 238 1375; x_wconf 83' lang='lat' dir='ltr'><strong>agunt,</strong></span> <span class='ocrx_word' id='word_1_157' title='bbox 276 1331 317 1362; x_wconf 90' lang='lat' dir='ltr'><strong>et</strong></span> <span class='ocrx_word' id='word_1_158' title='bbox 347 1323 394 1362; x_wconf 86' lang='lat' dir='ltr'><strong>de</strong></span> <span class='ocrx_word' id='word_1_159' title='bbox 426 1325 626 1375; x_wconf 87' lang='lat' dir='ltr'><strong>scripturis</strong></span> <span class='ocrx_word' id='word_1_160' title='bbox 657 1323 836 1362; x_wconf 82' lang='lat' dir='ltr'><strong>suadent!</strong></span> <span class='ocrx_word' id='word_1_161' title='bbox 891 1323 1060 1363; x_wconf 84' lang='lat' dir='ltr'><strong>Aliunde</strong></span> <span class='ocrx_word' id='word_1_162' title='bbox 1086 1324 1239 1362; x_wconf 85' lang='lat' dir='ltr'><strong>scilicet</strong></span> <span class='ocrx_word' id='word_1_163' title='bbox 1263 1317 1427 1361; x_wconf 78' lang='lat' dir='ltr'><strong>s&#39;uadere</strong></span> 
     </span>
     <span class='ocr_line' id='line_1_21' title="bbox 101 1379 1218 1432; baseline -0.002 -12"><span class='ocrx_word' id='word_1_164' title='bbox 101 1394 178 1420; x_wconf 87' lang='lat' dir='ltr'><strong>non</strong></span> <span class='ocrx_word' id='word_1_165' title='bbox 193 1382 232 1431; x_wconf 80' lang='lat'><strong>³.)</strong></span> <span class='ocrx_word' id='word_1_166' title='bbox 259 1388 418 1432; x_wconf 81' lang='lat' dir='ltr'><strong>possent</strong></span> <span class='ocrx_word' id='word_1_167' title='bbox 442 1379 490 1419; x_wconf 90' lang='lat' dir='ltr'><strong>de</strong></span> <span class='ocrx_word' id='word_1_168' title='bbox 516 1380 631 1418; x_wconf 89' lang='lat' dir='ltr'><strong>rebus</strong></span> <span class='ocrx_word' id='word_1_169' title='bbox 659 1379 762 1427; x_wconf 86' lang='lat' dir='ltr'><strong>fidei,</strong></span> <span class='ocrx_word' id='word_1_170' title='bbox 790 1381 864 1419; x_wconf 88' lang='lat' dir='ltr'><strong>nisi</strong></span> <span class='ocrx_word' id='word_1_171' title='bbox 889 1393 939 1420; x_wconf 85' lang='lat' dir='ltr'><strong>ex</strong></span> <span class='ocrx_word' id='word_1_172' title='bbox 965 1381 1087 1419; x_wconf 87' lang='lat' dir='ltr'><strong>literis</strong></span> <span class='ocrx_word' id='word_1_173' title='bbox 1114 1379 1218 1418; x_wconf 86' lang='lat' dir='ltr'><strong>fidei.</strong></span> 
     </span>
    </p>

    <p class='ocr_par' dir='ltr' id='par_1_3' title="bbox 99 1434 1430 1777">
     <span class='ocr_line' id='line_1_22' title="bbox 219 1434 1429 1490; baseline -0.005 -11"><span class='ocrx_word' id='word_1_174' title='bbox 219 1441 284 1479; x_wconf 90' lang='lat'><strong>15.</strong></span> <span class='ocrx_word' id='word_1_175' title='bbox 332 1437 517 1476; x_wconf 87' lang='lat' dir='ltr'><strong>Venimus</strong></span> <span class='ocrx_word' id='word_1_176' title='bbox 549 1438 666 1489; x_wconf 87' lang='lat' dir='ltr'><strong>igitur</strong></span> <span class='ocrx_word' id='word_1_177' title='bbox 695 1437 743 1476; x_wconf 91' lang='lat' dir='ltr'><strong>ad</strong></span> <span class='ocrx_word' id='word_1_178' title='bbox 773 1439 1029 1490; x_wconf 88' lang='lat' dir='ltr'><strong>propositum.</strong></span> <span class='ocrx_word' id='word_1_179' title='bbox 1093 1437 1177 1476; x_wconf 86' lang='lat' dir='ltr'><strong>Huc</strong></span> <span class='ocrx_word' id='word_1_180' title='bbox 1210 1437 1309 1475; x_wconf 90' lang='lat' dir='ltr'><strong>enim</strong></span> <span class='ocrx_word' id='word_1_181' title='bbox 1337 1434 1429 1474; x_wconf 87' lang='lat' dir='ltr'><strong>diri-</strong></span> 
     </span>
     <span class='ocr_line' id='line_1_23' title="bbox 100 1495 1430 1547; baseline -0.003 -13"><span class='ocrx_word' id='word_1_182' title='bbox 100 1495 286 1547; x_wconf 85' lang='lat' dir='ltr'><strong>gebamus</strong></span> <span class='ocrx_word' id='word_1_183' title='bbox 323 1502 364 1533; x_wconf 92' lang='lat' dir='ltr'><strong>ct</strong></span> <span class='ocrx_word' id='word_1_184' title='bbox 393 1495 729 1547; x_wconf 75' lang='lat' dir='ltr'><strong>praestruebamus</strong></span> <span class='ocrx_word' id='word_1_185' title='bbox 767 1496 1012 1534; x_wconf 85' lang='lat' dir='ltr'><strong>allocutionis</strong></span> <span class='ocrx_word' id='word_1_186' title='bbox 1049 1495 1349 1547; x_wconf 83' lang='lat' dir='ltr'><strong>praefationem,</strong></span> <span class='ocrx_word' id='word_1_187' title='bbox 1388 1500 1430 1530; x_wconf 91' lang='lat' dir='ltr'><strong>ut</strong></span> 
     </span>
     <span class='ocr_line' id='line_1_24' title="bbox 99 1551 1430 1605; baseline -0.004 -13"><span class='ocrx_word' id='word_1_188' title='bbox 99 1554 174 1592; x_wconf 84' lang='lat' dir='ltr'><strong>iam</strong></span> <span class='ocrx_word' id='word_1_189' title='bbox 200 1553 289 1592; x_wconf 89' lang='lat' dir='ltr'><strong>hinc</strong></span> <span class='ocrx_word' id='word_1_190' title='bbox 326 1551 374 1591; x_wconf 88' lang='lat' dir='ltr'><strong>de</strong></span> <span class='ocrx_word' id='word_1_191' title='bbox 412 1566 460 1591; x_wconf 92' lang='lat' dir='ltr'><strong>eo</strong></span> <span class='ocrx_word' id='word_1_192' title='bbox 493 1552 808 1604; x_wconf 84' lang='lat' dir='ltr'><strong>congrediamur,</strong></span> <span class='ocrx_word' id='word_1_193' title='bbox 848 1552 895 1592; x_wconf 92' lang='lat' dir='ltr'><strong>de</strong></span> <span class='ocrx_word' id='word_1_194' title='bbox 929 1567 1002 1605; x_wconf 92' lang='lat' dir='ltr'><strong>quo</strong></span> <span class='ocrx_word' id='word_1_195' title='bbox 1040 1552 1250 1591; x_wconf 76' lang='lat' dir='ltr'><strong>adversarii</strong></span> <span class='ocrx_word' id='word_1_196' title='bbox 1287 1563 1430 1603; x_wconf 88' lang='lat' dir='ltr'><strong>provo-</strong></span> 
     </span>
     <span class='ocr_line' id='line_1_25' title="bbox 101 1610 1430 1662; baseline -0.004 -12"><span class='ocrx_word' id='word_1_197' title='bbox 101 1617 210 1659; x_wconf 83' lang='lat' dir='ltr'><strong>cant3</strong></span> <span class='ocrx_word' id='word_1_198' title='bbox 237 1611 447 1662; x_wconf 88' lang='lat' dir='ltr'><strong>scripturas</strong></span> <span class='ocrx_word' id='word_1_199' title='bbox 475 1610 699 1658; x_wconf 88' lang='lat' dir='ltr'><strong>obtendunt,</strong></span> <span class='ocrx_word' id='word_1_200' title='bbox 727 1618 767 1650; x_wconf 92' lang='lat' dir='ltr'><strong>et</strong></span> <span class='ocrx_word' id='word_1_201' title='bbox 791 1611 864 1649; x_wconf 90' lang='lat' dir='ltr'><strong>hac</strong></span> <span class='ocrx_word' id='word_1_202' title='bbox 890 1624 957 1649; x_wconf 85' lang='lat' dir='ltr'><strong>sua</strong></span> <span class='ocrx_word' id='word_1_203' title='bbox 984 1610 1147 1649; x_wconf 86' lang='lat' dir='ltr'><strong>audacia</strong></span> <span class='ocrx_word' id='word_1_204' title='bbox 1172 1610 1299 1648; x_wconf 88' lang='lat' dir='ltr'><strong>statim</strong></span> <span class='ocrx_word' id='word_1_205' title='bbox 1315 1621 1430 1660; x_wconf 84' lang='lat' dir='ltr'><strong>quos·</strong></span> 
     </span>
     <span class='ocr_line' id='line_1_26' title="bbox 101 1665 1430 1720; baseline -0.003 -14"><span class='ocrx_word' id='word_1_206' title='bbox 101 1666 189 1707; x_wconf 81' lang='lat' dir='ltr'><strong>dam</strong></span> <span class='ocrx_word' id='word_1_207' title='bbox 213 1675 381 1708; x_wconf 88' lang='lat' dir='ltr'><strong>movent.</strong></span> <span class='ocrx_word' id='word_1_208' title='bbox 446 1666 489 1706; x_wconf 94' lang='lat' dir='ltr'><strong>In</strong></span> <span class='ocrx_word' id='word_1_209' title='bbox 520 1668 604 1720; x_wconf 92' lang='lat' dir='ltr'><strong>ipso</strong></span> <span class='ocrx_word' id='word_1_210' title='bbox 637 1681 730 1707; x_wconf 87' lang='lat' dir='ltr'><strong>vero</strong></span> <span class='ocrx_word' id='word_1_211' title='bbox 763 1681 974 1720; x_wconf 85' lang='lat' dir='ltr'><strong>congressu</strong></span> <span class='ocrx_word' id='word_1_212' title='bbox 1008 1669 1136 1706; x_wconf 79' lang='lat' dir='ltr'><strong>firmos</strong></span> <span class='ocrx_word' id='word_1_213' title='bbox 1163 1665 1315 1719; x_wconf 88' lang='lat' dir='ltr'><strong>quidem</strong></span> <span class='ocrx_word' id='word_1_214' title='bbox 1342 1665 1430 1703; x_wconf 80' lang='lat' dir='ltr'><strong>fati-</strong></span> 
     </span>
     <span class='ocr_line' id='line_1_27' title="bbox 101 1723 1428 1777; baseline -0.005 -12"><span class='ocrx_word' id='word_1_215' title='bbox 101 1732 213 1776; x_wconf 70' lang='lat' dir='ltr'><strong>gant,</strong></span> <span class='ocrx_word' id='word_1_216' title='bbox 257 1725 427 1764; x_wconf 84' lang='lat' dir='ltr'><strong>infirmos</strong></span> <span class='ocrx_word' id='word_1_217' title='bbox 465 1727 639 1777; x_wconf 87' lang='lat' dir='ltr'><strong>capiunt,</strong></span> <span class='ocrx_word' id='word_1_218' title='bbox 691 1725 837 1764; x_wconf 87' lang='lat' dir='ltr'><strong>medios</strong></span> <span class='ocrx_word' id='word_1_219' title='bbox 875 1740 960 1765; x_wconf 93' lang='lat' dir='ltr'><strong>cum</strong></span> <span class='ocrx_word' id='word_1_220' title='bbox 998 1725 1178 1777; x_wconf 89' lang='lat' dir='ltr'><strong>scrupulo</strong></span> <span class='ocrx_word' id='word_1_221' title='bbox 1224 1723 1428 1761; x_wconf 86' lang='lat' dir='ltr'><strong>dimittunt.</strong></span> 
     </span>
    </p>

    <p class='ocr_par' dir='ltr' id='par_1_4' title="bbox 67 1779 1432 2064">
     <span class='ocr_line' id='line_1_28' title="bbox 67 1779 1430 1834; baseline -0.002 -16"><span class='ocrx_word' id='word_1_222' title='bbox 67 1789 79 1818; x_wconf 86' lang='grc'><strong>.·</strong></span> <span class='ocrx_word' id='word_1_223' title='bbox 103 1781 213 1821; x_wconf 74' lang='lat' dir='ltr'><strong>Hunc</strong></span> <span class='ocrx_word' id='word_1_224' title='bbox 239 1783 359 1833; x_wconf 84' lang='lat' dir='ltr'><strong>igitur</strong></span> <span class='ocrx_word' id='word_1_225' title='bbox 381 1783 618 1834; x_wconf 89' lang='lat' dir='ltr'><strong>potissimum</strong></span> <span class='ocrx_word' id='word_1_226' title='bbox 645 1782 804 1834; x_wconf 87' lang='lat' dir='ltr'><strong>gradum</strong></span> <span class='ocrx_word' id='word_1_227' title='bbox 831 1783 1082 1828; x_wconf 89' lang='lat' dir='ltr'><strong>obstruimus,</strong></span> <span class='ocrx_word' id='word_1_228' title='bbox 1123 1795 1199 1819; x_wconf 92' lang='lat' dir='ltr'><strong>non</strong></span> <span class='ocrx_word' id='word_1_229' title='bbox 1224 1779 1430 1818; x_wconf 85' lang='lat' dir='ltr'><strong>admitten-</strong></span> 
     </span>
     <span class='ocr_line' id='line_1_29' title="bbox 103 1836 1432 1892; baseline -0.004 -14"><span class='ocrx_word' id='word_1_230' title='bbox 103 1837 176 1886; x_wconf 74' lang='lat' dir='ltr'><strong>dos</strong></span> <span class='ocrx_word' id='word_1_231' title='bbox 199 1852 268 1878; x_wconf 89' lang='lat' dir='ltr'><strong>eos</strong></span> <span class='ocrx_word' id='word_1_232' title='bbox 294 1839 342 1878; x_wconf 88' lang='lat' dir='ltr'><strong>ad</strong></span> <span class='ocrx_word' id='word_1_233' title='bbox 368 1836 470 1877; x_wconf 82' lang='lat' dir='ltr'><strong>illam</strong></span> <span class='ocrx_word' id='word_1_234' title='bbox 496 1838 544 1878; x_wconf 87' lang='lat' dir='ltr'><strong>dc</strong></span> <span class='ocrx_word' id='word_1_235' title='bbox 581 1841 782 1892; x_wconf 85' lang='lat' dir='ltr'><strong>scripturis</strong></span> <span class='ocrx_word' id='word_1_236' title='bbox 820 1839 1137 1891; x_wconf 86' lang='lat' dir='ltr'><strong>disputationem,</strong></span> <span class='ocrx_word' id='word_1_237' title='bbox 1176 1839 1208 1876; x_wconf 90' lang='lat' dir='ltr'><strong>si</strong></span> <span class='ocrx_word' id='word_1_238' title='bbox 1245 1837 1318 1876; x_wconf 88' lang='lat' dir='ltr'><strong>hac</strong></span> <span class='ocrx_word' id='word_1_239' title='bbox 1344 1841 1432 1874; x_wconf 88' lang='lat' dir='ltr'><strong>sunt</strong></span> 
     </span>
     <span class='ocr_line' id='line_1_30' title="bbox 101 1892 1431 1949; baseline -0.006 -13"><span class='ocrx_word' id='word_1_240' title='bbox 101 1897 193 1936; x_wconf 83' lang='lat' dir='ltr'><strong>illae</strong></span> <span class='ocrx_word' id='word_1_241' title='bbox 228 1898 333 1936; x_wconf 84' lang='lat' dir='ltr'><strong>vires</strong></span> <span class='ocrx_word' id='word_1_242' title='bbox 370 1909 516 1943; x_wconf 90' lang='lat' dir='ltr'><strong>eorum,</strong></span> <span class='ocrx_word' id='word_1_243' title='bbox 554 1898 610 1935; x_wconf 85' lang='lat' dir='ltr'><strong>uti</strong></span> <span class='ocrx_word' id='word_1_244' title='bbox 647 1910 694 1935; x_wconf 86' lang='lat' dir='ltr'><strong>ne</strong></span> <span class='ocrx_word' id='word_1_245' title='bbox 710 1898 746 1945; x_wconf 78' lang='lat'><strong>4)</strong></span> <span class='ocrx_word' id='word_1_246' title='bbox 786 1910 852 1936; x_wconf 90' lang='lat' dir='ltr'><strong>eas</strong></span> <span class='ocrx_word' id='word_1_247' title='bbox 889 1897 1034 1936; x_wconf 87' lang='lat' dir='ltr'><strong>habere</strong></span> <span class='ocrx_word' id='word_1_248' title='bbox 1072 1896 1232 1949; x_wconf 88' lang='lat' dir='ltr'><strong>possint.</strong></span> <span class='ocrx_word' id='word_1_249' title='bbox 1283 1892 1431 1944; x_wconf 82' lang='lat' dir='ltr'><strong>Dispici</strong></span> 
     </span>
     <span class='ocr_line' id='line_1_31' title="bbox 103 1949 1429 2006; baseline -0.005 -13"><span class='ocrx_word' id='word_1_250' title='bbox 103 1953 330 2002; x_wconf 71' lang='lat' dir='ltr'><strong>debet,&#39;cui</strong></span> <span class='ocrx_word' id='word_1_251' title='bbox 356 1961 552 2006; x_wconf 86' lang='lat' dir='ltr'><strong>competat</strong></span> <span class='ocrx_word' id='word_1_252' title='bbox 577 1955 770 2006; x_wconf 89' lang='lat' dir='ltr'><strong>possessio</strong></span> <span class='ocrx_word' id='word_1_253' title='bbox 797 1955 1091 2006; x_wconf 84' lang='lat' dir='ltr'><strong>scripturarum,</strong></span> <span class='ocrx_word' id='word_1_254' title='bbox 1118 1966 1166 1992; x_wconf 89' lang='lat' dir='ltr'><strong>ne</strong></span> <span class='ocrx_word' id='word_1_255' title='bbox 1192 1953 1225 1991; x_wconf 93' lang='lat' dir='ltr'><strong>is</strong></span> <span class='ocrx_word' id='word_1_256' title='bbox 1250 1949 1429 1990; x_wconf 85' lang='lat' dir='ltr'><strong>admitta-</strong></span> 
     </span>
     <span class='ocr_line' id='line_1_32' title="bbox 102 2011 944 2064; baseline -0.001 -13"><span class='ocrx_word' id='word_1_257' title='bbox 102 2018 167 2051; x_wconf 82' lang='lat' dir='ltr'><strong>tur</strong></span> <span class='ocrx_word' id='word_1_258' title='bbox 189 2011 240 2051; x_wconf 84' lang='lat' dir='ltr'><strong>ad</strong></span> <span class='ocrx_word' id='word_1_259' title='bbox 265 2025 362 2058; x_wconf 89' lang='lat' dir='ltr'><strong>eam,</strong></span> <span class='ocrx_word' id='word_1_260' title='bbox 390 2013 451 2051; x_wconf 93' lang='lat' dir='ltr'><strong>cui</strong></span> <span class='ocrx_word' id='word_1_261' title='bbox 477 2012 580 2050; x_wconf 89' lang='lat' dir='ltr'><strong>nullo</strong></span> <span class='ocrx_word' id='word_1_262' title='bbox 606 2011 720 2051; x_wconf 89' lang='lat' dir='ltr'><strong>modo</strong></span> <span class='ocrx_word' id='word_1_263' title='bbox 747 2013 944 2064; x_wconf 87' lang='lat' dir='ltr'><strong>competit.</strong></span> 
     </span>
    </p>

    <p class='ocr_par' dir='ltr' id='par_1_5' title="bbox 0 2063 1431 2352">
     <span class='ocr_line' id='line_1_33' title="bbox 0 2063 1431 2116; baseline -0.005 -5"><span class='ocrx_word' id='word_1_264' title='bbox 0 2063 30 2091; x_wconf 12' lang='grc' dir='ltr'><strong>ἰλ</strong></span> <span class='ocrx_word' id='word_1_265' title='bbox 223 2073 289 2112; x_wconf 84' lang='grc'><strong>16.</strong></span> <span class='ocrx_word' id='word_1_266' title='bbox 339 2070 423 2109; x_wconf 87' lang='lat' dir='ltr'><strong>Hoc</strong></span> <span class='ocrx_word' id='word_1_267' title='bbox 451 2069 499 2108; x_wconf 85' lang='lat' dir='ltr'><strong>de</strong></span> <span class='ocrx_word' id='word_1_268' title='bbox 526 2070 688 2108; x_wconf 84' lang='lat' dir='ltr'><strong>consilio</strong></span> <span class='ocrx_word' id='word_1_269' title='bbox 715 2069 967 2116; x_wconf 88' lang='lat' dir='ltr'><strong>diffidentiae,</strong></span> <span class='ocrx_word' id='word_1_270' title='bbox 1001 2076 1067 2108; x_wconf 88' lang='lat' dir='ltr'><strong>aut</strong></span> <span class='ocrx_word' id='word_1_271' title='bbox 1092 2067 1140 2107; x_wconf 87' lang='lat' dir='ltr'><strong>de</strong></span> <span class='ocrx_word' id='word_1_272' title='bbox 1164 2064 1289 2103; x_wconf 85' lang='lat' dir='ltr'><strong>studio</strong></span> <span class='ocrx_word' id='word_1_273' title='bbox 1315 2063 1431 2101; x_wconf 76' lang='lat' dir='ltr'><strong>aliter</strong></span> 
     </span>
     <span class='ocr_line' id='line_1_34' title="bbox 44 2120 1430 2174; baseline 0.001 -8"><span class='ocrx_word' id='word_1_274' title='bbox 44 2125 52 2130; x_wconf 78' lang='grc'><strong>’</strong></span> <span class='ocrx_word' id='word_1_275' title='bbox 104 2126 294 2167; x_wconf 74' lang='lat' dir='ltr'><strong>ineundae</strong></span> <span class='ocrx_word' id='word_1_276' title='bbox 311 2128 606 2166; x_wconf 84' lang='lat' dir='ltr'><strong>constitutionis</strong></span> <span class='ocrx_word' id='word_1_277' title='bbox 631 2126 864 2174; x_wconf 85' lang='lat' dir='ltr'><strong>induxerim,</strong></span> <span class='ocrx_word' id='word_1_278' title='bbox 891 2128 964 2166; x_wconf 90' lang='lat' dir='ltr'><strong>nisi</strong></span> <span class='ocrx_word' id='word_1_279' title='bbox 990 2128 1087 2166; x_wconf 75' lang='lat' dir='ltr'><strong>ratio</strong></span> <span class='ocrx_word' id='word_1_280' title='bbox 1114 2121 1351 2166; x_wconf 71' lang='lat' dir='ltr'><strong>eonstiterit,</strong></span> <span class='ocrx_word' id='word_1_281' title='bbox 1390 2120 1430 2157; x_wconf 65' lang='lat'><strong>5¹²</strong></span> 
     </span>
     <span class='ocr_line' id='line_1_35' title="bbox 105 2177 1428 2237; baseline 0 -15"><span class='ocrx_word' id='word_1_282' title='bbox 105 2185 237 2236; x_wconf 80' lang='lat' dir='ltr'><strong>primis</strong></span> <span class='ocrx_word' id='word_1_283' title='bbox 266 2184 350 2232; x_wconf 87' lang='lat' dir='ltr'><strong>illa,</strong></span> <span class='ocrx_word' id='word_1_284' title='bbox 384 2184 486 2237; x_wconf 92' lang='lat' dir='ltr'><strong>quod</strong></span> <span class='ocrx_word' id='word_1_285' title='bbox 519 2184 614 2224; x_wconf 87' lang='lat' dir='ltr'><strong>fides</strong></span> <span class='ocrx_word' id='word_1_286' title='bbox 646 2193 778 2224; x_wconf 85' lang='lat' dir='ltr'><strong>nostra</strong></span> <span class='ocrx_word' id='word_1_287' title='bbox 815 2186 1036 2233; x_wconf 76' lang='lat' dir='ltr'><strong>obsequium</strong></span> <span class='ocrx_word' id='word_1_288' title='bbox 1068 2179 1246 2231; x_wconf 69' lang='lat' dir='ltr'><strong>apostolo</strong></span> <span class='ocrx_word' id='word_1_289' title='bbox 1274 2177 1428 2222; x_wconf 59' lang='lat' dir='ltr'><strong>debeat,</strong></span> 
     </span>
     <span class='ocr_line' id='line_1_36' title="bbox 105 2238 1429 2294; baseline -0.006 -15"><span class='ocrx_word' id='word_1_290' title='bbox 105 2240 326 2293; x_wconf 85' lang='lat' dir='ltr'><strong>prohibenti</strong></span> <span class='ocrx_word' id='word_1_291' title='bbox 358 2244 604 2294; x_wconf 87' lang='lat' dir='ltr'><strong>quaestiones</strong></span> <span class='ocrx_word' id='word_1_292' title='bbox 636 2244 760 2291; x_wconf 88' lang='lat' dir='ltr'><strong>inire,</strong></span> <span class='ocrx_word' id='word_1_293' title='bbox 800 2243 905 2281; x_wconf 77' lang='lat' dir='ltr'><strong>novis</strong></span> <span class='ocrx_word' id='word_1_294' title='bbox 935 2238 1096 2276; x_wconf 85' lang='lat' dir='ltr'><strong>vocibus</strong></span> <span class='ocrx_word' id='word_1_295' title='bbox 1134 2249 1247 2274; x_wconf 91' lang='lat' dir='ltr'><strong>aures</strong></span> <span class='ocrx_word' id='word_1_296' title='bbox 1274 2247 1429 2273; x_wconf 87' lang='lat' dir='ltr'><strong>accom-</strong></span> 
     </span>
     <span class='ocr_line' id='line_1_37' title="bbox 35 2291 1427 2352; baseline -0.007 -15"><span class='ocrx_word' id='word_1_297' title='bbox 35 2336 44 2350; x_wconf 48' lang='lat'>⁶</span> <span class='ocrx_word' id='word_1_298' title='bbox 106 2297 280 2346; x_wconf 86' lang='lat' dir='ltr'><strong>modare,</strong></span> <span class='ocrx_word' id='word_1_299' title='bbox 305 2298 543 2338; x_wconf 86' lang='lat' dir='ltr'><strong>haereticum</strong></span> <span class='ocrx_word' id='word_1_300' title='bbox 568 2308 657 2352; x_wconf 90' lang='lat' dir='ltr'><strong>post</strong></span> <span class='ocrx_word' id='word_1_301' title='bbox 685 2310 795 2340; x_wconf 73' lang='lat' dir='ltr'><strong>unam</strong></span> <span class='ocrx_word' id='word_1_302' title='bbox 828 2296 1116 2348; x_wconf 85' lang='lat' dir='ltr'><strong>correptionem</strong></span> <span class='ocrx_word' id='word_1_303' title='bbox 1151 2292 1360 2331; x_wconf 87' lang='lat' dir='ltr'><strong>convenire</strong></span> <span class='ocrx_word' id='word_1_304' title='bbox 1375 2291 1427 2338; x_wconf 89' lang='lat'><strong>⁵),</strong></span> 
     </span>
    </p>
   </div>
   <div class='ocr_carea' id='block_1_3' title="bbox 47 2407 1432 2637">
    <p class='ocr_par' dir='ltr' id='par_1_6' title="bbox 46 2407 1432 2637">
     <span class='ocr_line' id='line_1_38' title="bbox 199 2407 1430 2454; baseline -0.008 -10"><span class='ocrx_word' id='word_1_305' title='bbox 199 2410 238 2454; x_wconf 83' lang='lat'><strong>1)</strong></span> <span class='ocrx_word' id='word_1_306' title='bbox 262 2413 385 2444; x_wconf 80' lang='lat' dir='ltr'><strong>Matth.</strong></span> <span class='ocrx_word' id='word_1_307' title='bbox 402 2415 525 2452; x_wconf 79' lang='lat'><strong>15,14.</strong></span> <span class='ocrx_word' id='word_1_308' title='bbox 611 2411 656 2449; x_wconf 78' lang='lat'><strong>2)</strong></span> <span class='ocrx_word' id='word_1_309' title='bbox 681 2410 837 2441; x_wconf 76' lang='lat' dir='ltr'><strong>Rhenani</strong></span> <span class='ocrx_word' id='word_1_310' title='bbox 863 2411 914 2442; x_wconf 83' lang='lat' dir='ltr'><strong>ed.</strong></span> <span class='ocrx_word' id='word_1_311' title='bbox 930 2411 953 2443; x_wconf 87' lang='grc'><strong>1.</strong></span> <span class='ocrx_word' id='word_1_312' title='bbox 980 2418 1070 2440; x_wconf 89' lang='lat' dir='ltr'><strong>cum</strong></span> <span class='ocrx_word' id='word_1_313' title='bbox 1097 2409 1237 2439; x_wconf 71' lang='lat' dir='ltr'><strong>autem</strong></span> <span class='ocrx_word' id='word_1_314' title='bbox 1261 2407 1430 2444; x_wconf 84' lang='lat' dir='ltr'><strong>tenent,</strong></span> 
     </span>
     <span class='ocr_line' id='line_1_39' title="bbox 105 2453 1432 2499; baseline -0.008 -8"><span class='ocrx_word' id='word_1_315' title='bbox 105 2468 143 2492; x_wconf 82' lang='grc' dir='ltr'><strong>ιι.</strong></span> <span class='ocrx_word' id='word_1_316' title='bbox 179 2468 253 2499; x_wconf 83' lang='lat' dir='ltr'><strong>er.;</strong></span> <span class='ocrx_word' id='word_1_317' title='bbox 289 2459 407 2491; x_wconf 82' lang='lat' dir='ltr'><strong>Gelen.</strong></span> <span class='ocrx_word' id='word_1_318' title='bbox 446 2462 482 2490; x_wconf 81' lang='lat' dir='ltr'><strong>et</strong></span> <span class='ocrx_word' id='word_1_319' title='bbox 516 2456 641 2491; x_wconf 71' lang='lat' dir='ltr'><strong>Pamcl.</strong></span> <span class='ocrx_word' id='word_1_320' title='bbox 684 2459 864 2494; x_wconf 72' lang='lat' dir='ltr'><strong>praeterea</strong></span> <span class='ocrx_word' id='word_1_321' title='bbox 898 2456 1121 2486; x_wconf 77' lang='lat' dir='ltr'><strong>addiderunt:</strong></span> <span class='ocrx_word' id='word_1_322' title='bbox 1163 2461 1252 2483; x_wconf 89' lang='lat' dir='ltr'><strong>cum</strong></span> <span class='ocrx_word' id='word_1_323' title='bbox 1290 2453 1432 2482; x_wconf 72' lang='lat' dir='ltr'><strong>autem</strong></span> 
     </span>
     <span class='ocr_line' id='line_1_40' title="bbox 47 2496 1431 2543; baseline -0.007 -6"><span class='ocrx_word' id='word_1_324' title='bbox 47 2511 50 2515; x_wconf 82' lang='lat'>&#39;</span> <span class='ocrx_word' id='word_1_325' title='bbox 105 2505 293 2537; x_wconf 76' lang='lat' dir='ltr'><strong>nondum</strong></span> <span class='ocrx_word' id='word_1_326' title='bbox 319 2505 609 2542; x_wconf 78' lang='lat' dir='ltr'><strong>crediderunt,</strong></span> <span class='ocrx_word' id='word_1_327' title='bbox 635 2503 702 2533; x_wconf 83' lang='lat' dir='ltr'><strong>etc.</strong></span> <span class='ocrx_word' id='word_1_328' title='bbox 775 2499 812 2543; x_wconf 82' lang='lat'><strong>3)</strong></span> <span class='ocrx_word' id='word_1_329' title='bbox 838 2502 889 2532; x_wconf 76' lang='lat' dir='ltr'><strong>lta.</strong></span> <span class='ocrx_word' id='word_1_330' title='bbox 913 2501 1021 2531; x_wconf 87' lang='lat' dir='ltr'><strong>Rhen.</strong></span> <span class='ocrx_word' id='word_1_331' title='bbox 1048 2500 1158 2537; x_wconf 86' lang='lat' dir='ltr'><strong>ed.1.;</strong></span> <span class='ocrx_word' id='word_1_332' title='bbox 1184 2498 1330 2536; x_wconf 82' lang='lat' dir='ltr'><strong>Pamcl.,</strong></span> <span class='ocrx_word' id='word_1_333' title='bbox 1354 2496 1431 2536; x_wconf 76' lang='lat' dir='ltr'><strong>mg.</strong></span> 
     </span>
     <span class='ocr_line' id='line_1_41' title="bbox 65 2542 1429 2590; baseline -0.008 -6"><span class='ocrx_word' id='word_1_334' title='bbox 65 2550 66 2553; x_wconf 71' lang='grc'>’</span> <span class='ocrx_word' id='word_1_335' title='bbox 109 2551 254 2590; x_wconf 68' lang='lat' dir='ltr'><strong>diique:</strong></span> <span class='ocrx_word' id='word_1_336' title='bbox 277 2551 395 2590; x_wconf 79' lang='lat' dir='ltr'><strong>loqui</strong></span> <span class='ocrx_word' id='word_1_337' title='bbox 419 2550 720 2589; x_wconf 77' lang='lat' dir='ltr'><strong>possent—ex</strong></span> <span class='ocrx_word' id='word_1_338' title='bbox 743 2545 888 2577; x_wconf 69' lang='lat' dir='ltr'><strong>literis</strong></span> <span class='ocrx_word' id='word_1_339' title='bbox 913 2546 1044 2578; x_wconf 59' lang='lat' dir='ltr'><strong>fidei?</strong></span> <span class='ocrx_word' id='word_1_340' title='bbox 1115 2542 1154 2587; x_wconf 81' lang='lat'><strong>4)</strong></span> <span class='ocrx_word' id='word_1_341' title='bbox 1179 2543 1357 2575; x_wconf 83' lang='lat' dir='ltr'><strong>Sithen.</strong></span> <span class='ocrx_word' id='word_1_342' title='bbox 1376 2542 1429 2573; x_wconf 85' lang='lat' dir='ltr'><strong>ed.</strong></span> 
     </span>
     <span class='ocr_line' id='line_1_42' title="bbox 84 2589 1430 2637; baseline -0.009 -7.357"><span class='ocrx_word' id='word_1_343' title='bbox 84 2621 86 2623; x_wconf 31' lang='lat' dir='ltr'>v</span> <span class='ocrx_word' id='word_1_344' title='bbox 108 2597 153 2637; x_wconf 70' lang='grc' dir='ltr'><strong>ις</strong></span> <span class='ocrx_word' id='word_1_345' title='bbox 177 2597 367 2629; x_wconf 70' lang='lat' dir='ltr'><strong>Pamclius:</strong></span> <span class='ocrx_word' id='word_1_346' title='bbox 393 2605 517 2635; x_wconf 77' lang='lat' dir='ltr'><strong>anne5</strong></span> <span class='ocrx_word' id='word_1_347' title='bbox 533 2595 606 2636; x_wconf 78' lang='lat' dir='ltr'><strong>mg.</strong></span> <span class='ocrx_word' id='word_1_348' title='bbox 620 2603 650 2625; x_wconf 87' lang='lat' dir='ltr'><strong>v.</strong></span> <span class='ocrx_word' id='word_1_349' title='bbox 665 2602 714 2624; x_wconf 87' lang='lat' dir='ltr'><strong>ne</strong></span> <span class='ocrx_word' id='word_1_350' title='bbox 729 2593 864 2625; x_wconf 78' lang='lat' dir='ltr'><strong>delevit.</strong></span> <span class='ocrx_word' id='word_1_351' title='bbox 949 2592 985 2633; x_wconf 88' lang='lat'><strong>5)</strong></span> <span class='ocrx_word' id='word_1_352' title='bbox 1014 2594 1033 2622; x_wconf 89' lang='lat'><strong>1</strong></span> <span class='ocrx_word' id='word_1_353' title='bbox 1048 2591 1136 2623; x_wconf 86' lang='lat' dir='ltr'><strong>Tim.</strong></span> <span class='ocrx_word' id='word_1_354' title='bbox 1150 2592 1183 2633; x_wconf 78' lang='lat'><strong>6,</strong></span> <span class='ocrx_word' id='word_1_355' title='bbox 1197 2590 1230 2623; x_wconf 81' lang='grc'><strong>3.</strong></span> <span class='ocrx_word' id='word_1_356' title='bbox 1244 2589 1313 2622; x_wconf 82' lang='lat' dir='ltr'><strong>Tit.</strong></span> <span class='ocrx_word' id='word_1_357' title='bbox 1328 2590 1360 2628; x_wconf 83' lang='lat'><strong>3,</strong></span> <span class='ocrx_word' id='word_1_358' title='bbox 1377 2589 1430 2619; x_wconf 86' lang='lat'><strong>10.</strong></span> 
     </span>
    </p>
   </div>
   <div class='ocr_carea' id='block_1_4' title="bbox 0 2242 64 2794">
    <p class='ocr_par' dir='ltr' id='par_1_7' title="bbox 0 2242 64 2794">
     <span class='ocr_line' id='line_1_43' title="bbox 0 2242 64 2794; baseline 0 0"><span class='ocrx_word' id='word_1_359' title='bbox 0 2242 64 2794; x_wconf 95' lang='lat' dir='ltr'><strong>   </strong></span> 
     </span>
    </p>
   </div>
  </div>
 </body>
</html>
