<?xml version="1.0" encoding="UTF-8"?>
<!DOCTYPE html PUBLIC "-//W3C//DTD XHTML 1.0 Transitional//EN"
    "http://www.w3.org/TR/xhtml1/DTD/xhtml1-transitional.dtd">
<html xmlns="http://www.w3.org/1999/xhtml" xml:lang="en" lang="en">
 <head>
  <title>
</title>
<meta http-equiv="Content-Type" content="text/html;charset=utf-8" />
  <meta name='ocr-system' content='tesseract 3.04.00' />
  <meta name='ocr-capabilities' content='ocr_page ocr_carea ocr_par ocr_line ocrx_word'/>
</head>
<body>
  <div class='ocr_page' id='page_1' title='image "./operatert34tertuoft_0563.png"; bbox 0 0 1604 2800; ppageno 0'>
   <div class='ocr_carea' id='block_1_1' title="bbox 626 167 1443 209">
    <p class='ocr_par' dir='ltr' id='par_1_1' title="bbox 626 167 1443 209">
     <span class='ocr_line' id='line_1_1' title="bbox 626 167 1443 209; baseline 0 -10"><span class='ocrx_word' id='word_1_1' title='bbox 626 167 931 201; x_wconf 75' lang='grc' dir='ltr'><strong>ΒΕΑΝΙΜΑ.</strong></span> <span class='ocrx_word' id='word_1_2' title='bbox 1341 171 1443 209; x_wconf 67' lang='lat'>221</span> 
     </span>
    </p>
   </div>
   <div class='ocr_carea' id='block_1_2' title="bbox 51 257 1452 2371">
    <p class='ocr_par' dir='ltr' id='par_1_2' title="bbox 115 257 1443 414">
     <span class='ocr_line' id='line_1_2' title="bbox 115 257 1442 317; baseline 0.005 -18"><span class='ocrx_word' id='word_1_3' title='bbox 115 257 242 299; x_wconf 89' lang='lat' dir='ltr'>videri</span> <span class='ocrx_word' id='word_1_4' title='bbox 270 270 412 298; x_wconf 76' lang='lat' dir='ltr'>vacare</span> <span class='ocrx_word' id='word_1_5' title='bbox 444 265 554 307; x_wconf 80' lang='lat' dir='ltr'>tunc,</span> <span class='ocrx_word' id='word_1_6' title='bbox 585 261 754 300; x_wconf 78' lang='lat' dir='ltr'>ecstasin</span> <span class='ocrx_word' id='word_1_7' title='bbox 785 268 911 301; x_wconf 88' lang='lat' dir='ltr'>autem</span> <span class='ocrx_word' id='word_1_8' title='bbox 936 262 1011 302; x_wconf 88' lang='lat' dir='ltr'>hoc</span> <span class='ocrx_word' id='word_1_9' title='bbox 1037 275 1187 315; x_wconf 83' lang='lat' dir='ltr'>quoque</span> <span class='ocrx_word' id='word_1_10' title='bbox 1213 266 1368 317; x_wconf 88' lang='lat' dir='ltr'>operari</span> <span class='ocrx_word' id='word_1_11' title='bbox 1393 265 1442 306; x_wconf 90' lang='lat' dir='ltr'>de</span> 
     </span>
     <span class='ocr_line' id='line_1_3' title="bbox 116 317 1443 375; baseline 0.006 -20"><span class='ocrx_word' id='word_1_12' title='bbox 116 330 186 356; x_wconf 86' lang='lat' dir='ltr'>suo</span> <span class='ocrx_word' id='word_1_13' title='bbox 211 317 383 369; x_wconf 86' lang='lat' dir='ltr'>proprio,</span> <span class='ocrx_word' id='word_1_14' title='bbox 409 323 452 356; x_wconf 80' lang='lat' dir='ltr'>ut</span> <span class='ocrx_word' id='word_1_15' title='bbox 475 317 531 357; x_wconf 88' lang='lat' dir='ltr'>sic</span> <span class='ocrx_word' id='word_1_16' title='bbox 556 317 668 358; x_wconf 88' lang='lat' dir='ltr'>nobis</span> <span class='ocrx_word' id='word_1_17' title='bbox 692 319 904 372; x_wconf 79' lang='lat' dir='ltr'><strong>sapientiae</strong></span> <span class='ocrx_word' id='word_1_18' title='bbox 925 321 1112 373; x_wconf 83' lang='lat' dir='ltr'>imagines</span> <span class='ocrx_word' id='word_1_19' title='bbox 1131 321 1285 370; x_wconf 81' lang='lat' dir='ltr'>inferat,</span> <span class='ocrx_word' id='word_1_20' title='bbox 1313 335 1443 375; x_wconf 88' lang='lat' dir='ltr'>quem-</span> 
     </span>
     <span class='ocr_line' id='line_1_4' title="bbox 116 372 566 414; baseline 0.002 -1"><span class='ocrx_word' id='word_1_21' title='bbox 116 372 319 413; x_wconf 80' lang='lat' dir='ltr'>admodum</span> <span class='ocrx_word' id='word_1_22' title='bbox 344 380 386 413; x_wconf 85' lang='lat' dir='ltr'>et</span> <span class='ocrx_word' id='word_1_23' title='bbox 409 375 566 414; x_wconf 78' lang='lat' dir='ltr'>erroris.</span> 
     </span>
    </p>

    <p class='ocr_par' dir='ltr' id='par_1_3' title="bbox 51 430 1452 2371">
     <span class='ocr_line' id='line_1_5' title="bbox 231 430 1443 489; baseline 0.006 -19"><span class='ocrx_word' id='word_1_24' title='bbox 231 435 300 475; x_wconf 79' lang='grc'>46.</span> <span class='ocrx_word' id='word_1_25' title='bbox 360 430 466 472; x_wconf 87' lang='lat' dir='ltr'>Ecce</span> <span class='ocrx_word' id='word_1_26' title='bbox 498 446 628 473; x_wconf 86' lang='lat' dir='ltr'>rursus</span> <span class='ocrx_word' id='word_1_27' title='bbox 657 447 840 486; x_wconf 88' lang='lat' dir='ltr'>urgemur</span> <span class='ocrx_word' id='word_1_28' title='bbox 863 437 977 475; x_wconf 86' lang='lat' dir='ltr'>etiam</span> <span class='ocrx_word' id='word_1_29' title='bbox 1004 435 1051 475; x_wconf 91' lang='lat' dir='ltr'>de</span> <span class='ocrx_word' id='word_1_30' title='bbox 1078 437 1245 489; x_wconf 89' lang='lat' dir='ltr'>ipsorum</span> <span class='ocrx_word' id='word_1_31' title='bbox 1276 439 1443 477; x_wconf 91' lang='lat' dir='ltr'>somnio-</span> 
     </span>
     <span class='ocr_line' id='line_1_6' title="bbox 114 490 1442 547; baseline 0.005 -20"><span class='ocrx_word' id='word_1_32' title='bbox 114 502 196 528; x_wconf 90' lang='lat' dir='ltr'>rum</span> <span class='ocrx_word' id='word_1_33' title='bbox 210 495 437 537; x_wconf 89' lang='lat' dir='ltr'>retractatu,</span> <span class='ocrx_word' id='word_1_34' title='bbox 464 490 599 542; x_wconf 89' lang='lat' dir='ltr'>quibus</span> <span class='ocrx_word' id='word_1_35' title='bbox 612 492 738 530; x_wconf 89' lang='lat' dir='ltr'>anima</span> <span class='ocrx_word' id='word_1_36' title='bbox 750 493 927 540; x_wconf 86' lang='lat' dir='ltr'>iactatur,</span> <span class='ocrx_word' id='word_1_37' title='bbox 955 495 1186 546; x_wconf 78' lang='lat' dir='ltr'>exprimere.</span> <span class='ocrx_word' id='word_1_38' title='bbox 1222 494 1273 533; x_wconf 88' lang='lat' dir='ltr'>Et</span> <span class='ocrx_word' id='word_1_39' title='bbox 1291 494 1442 547; x_wconf 88' lang='lat' dir='ltr'>quando</span> 
     </span>
     <span class='ocr_line' id='line_1_7' title="bbox 113 546 1444 600; baseline 0.005 -15"><span class='ocrx_word' id='word_1_40' title='bbox 113 548 382 599; x_wconf 84' lang='lat' dir='ltr'>perveniemus</span> <span class='ocrx_word' id='word_1_41' title='bbox 405 546 456 586; x_wconf 88' lang='lat' dir='ltr'>ad</span> <span class='ocrx_word' id='word_1_42' title='bbox 480 551 667 588; x_wconf 83' lang='lat' dir='ltr'>mortem?</span> <span class='ocrx_word' id='word_1_43' title='bbox 694 549 746 588; x_wconf 88' lang='lat' dir='ltr'>Et</span> <span class='ocrx_word' id='word_1_44' title='bbox 763 550 825 589; x_wconf 92' lang='lat' dir='ltr'>hic</span> <span class='ocrx_word' id='word_1_45' title='bbox 847 550 1027 590; x_wconf 78' lang='lat' dir='ltr'>dixerim:</span> <span class='ocrx_word' id='word_1_46' title='bbox 1055 566 1139 591; x_wconf 89' lang='lat' dir='ltr'>cum</span> <span class='ocrx_word' id='word_1_47' title='bbox 1160 551 1254 591; x_wconf 90' lang='lat' dir='ltr'>deus</span> <span class='ocrx_word' id='word_1_48' title='bbox 1273 551 1444 600; x_wconf 81' lang='lat' dir='ltr'>dederit3</span> 
     </span>
     <span class='ocr_line' id='line_1_8' title="bbox 114 604 1445 660; baseline 0.005 -18"><span class='ocrx_word' id='word_1_49' title='bbox 114 604 241 643; x_wconf 88' lang='lat' dir='ltr'>nullae</span> <span class='ocrx_word' id='word_1_50' title='bbox 274 605 415 656; x_wconf 84' lang='lat' dir='ltr'>longae</span> <span class='ocrx_word' id='word_1_51' title='bbox 445 619 578 645; x_wconf 87' lang='lat' dir='ltr'>morae</span> <span class='ocrx_word' id='word_1_52' title='bbox 610 608 711 654; x_wconf 91' lang='lat' dir='ltr'>eius,</span> <span class='ocrx_word' id='word_1_53' title='bbox 750 607 851 660; x_wconf 88' lang='lat' dir='ltr'>quod</span> <span class='ocrx_word' id='word_1_54' title='bbox 888 610 1053 648; x_wconf 83' lang='lat' dir='ltr'>eveniet.</span> <span class='ocrx_word' id='word_1_55' title='bbox 1125 608 1236 648; x_wconf 89' lang='lat' dir='ltr'>Vana</span> <span class='ocrx_word' id='word_1_56' title='bbox 1262 611 1300 648; x_wconf 91' lang='lat' dir='ltr'>in</span> <span class='ocrx_word' id='word_1_57' title='bbox 1324 617 1445 649; x_wconf 86' lang='lat' dir='ltr'>totum</span> 
     </span>
     <span class='ocr_line' id='line_1_9' title="bbox 95 661 1445 718; baseline 0.005 -19"><span class='ocrx_word' id='word_1_58' title='bbox 95 662 262 700; x_wconf 57' lang='lat' dir='ltr'>“somnia</span> <span class='ocrx_word' id='word_1_59' title='bbox 286 661 476 714; x_wconf 78' lang='lat' dir='ltr'>Epicurus</span> <span class='ocrx_word' id='word_1_60' title='bbox 511 662 713 711; x_wconf 88' lang='lat' dir='ltr'>iudicavit,</span> <span class='ocrx_word' id='word_1_61' title='bbox 751 665 920 705; x_wconf 89' lang='lat' dir='ltr'>liberans</span> <span class='ocrx_word' id='word_1_62' title='bbox 951 680 975 705; x_wconf 87' lang='lat' dir='ltr'>a</span> <span class='ocrx_word' id='word_1_63' title='bbox 1005 668 1171 718; x_wconf 86' lang='lat' dir='ltr'>negotiis</span> <span class='ocrx_word' id='word_1_64' title='bbox 1208 666 1445 706; x_wconf 83' lang='lat' dir='ltr'>divinitatem</span> 
     </span>
     <span class='ocr_line' id='line_1_10' title="bbox 112 717 1447 776; baseline 0.005 -20"><span class='ocrx_word' id='word_1_65' title='bbox 112 725 154 757; x_wconf 89' lang='lat' dir='ltr'>et</span> <span class='ocrx_word' id='word_1_66' title='bbox 172 717 386 758; x_wconf 86' lang='lat' dir='ltr'>dissolvens</span> <span class='ocrx_word' id='word_1_67' title='bbox 411 718 584 759; x_wconf 86' lang='lat' dir='ltr'>ordinem</span> <span class='ocrx_word' id='word_1_68' title='bbox 604 734 731 760; x_wconf 90' lang='lat' dir='ltr'>rerum</span> <span class='ocrx_word' id='word_1_69' title='bbox 752 729 793 760; x_wconf 87' lang='lat' dir='ltr'>et</span> <span class='ocrx_word' id='word_1_70' title='bbox 811 724 848 761; x_wconf 92' lang='lat' dir='ltr'>in</span> <span class='ocrx_word' id='word_1_71' title='bbox 868 725 1090 775; x_wconf 85' lang='lat' dir='ltr'>passivitate</span> <span class='ocrx_word' id='word_1_72' title='bbox 1117 726 1244 763; x_wconf 86' lang='lat' dir='ltr'>omnia</span> <span class='ocrx_word' id='word_1_73' title='bbox 1260 737 1447 776; x_wconf 84' lang='lat' dir='ltr'>spargens</span> 
     </span>
     <span class='ocr_line' id='line_1_11' title="bbox 111 777 1449 832; baseline 0.004 -18"><span class='ocrx_word' id='word_1_74' title='bbox 111 782 155 814; x_wconf 88' lang='lat' dir='ltr'>ut</span> <span class='ocrx_word' id='word_1_75' title='bbox 178 777 333 815; x_wconf 86' lang='lat' dir='ltr'>eventui</span> <span class='ocrx_word' id='word_1_76' title='bbox 358 777 535 827; x_wconf 83' lang='lat' dir='ltr'>exposita</span> <span class='ocrx_word' id='word_1_77' title='bbox 560 784 601 816; x_wconf 91' lang='lat' dir='ltr'>et</span> <span class='ocrx_word' id='word_1_78' title='bbox 624 778 798 818; x_wconf 81' lang='lat' dir='ltr'>fortuita.</span> <span class='ocrx_word' id='word_1_79' title='bbox 862 779 985 818; x_wconf 92' lang='lat' dir='ltr'>Porro</span> <span class='ocrx_word' id='word_1_80' title='bbox 1011 782 1043 819; x_wconf 91' lang='lat' dir='ltr'>si</span> <span class='ocrx_word' id='word_1_81' title='bbox 1068 782 1121 819; x_wconf 90' lang='lat' dir='ltr'>ita</span> <span class='ocrx_word' id='word_1_82' title='bbox 1146 788 1218 828; x_wconf 90' lang='lat' dir='ltr'>est,</span> <span class='ocrx_word' id='word_1_83' title='bbox 1250 794 1346 832; x_wconf 87' lang='lat' dir='ltr'>ergo</span> <span class='ocrx_word' id='word_1_84' title='bbox 1373 782 1449 820; x_wconf 83' lang='lat' dir='ltr'>erit</span> 
     </span>
     <span class='ocr_line' id='line_1_12' title="bbox 113 833 1448 890; baseline 0.004 -19"><span class='ocrx_word' id='word_1_85' title='bbox 113 833 251 885; x_wconf 84' lang='lat' dir='ltr'>aliquis</span> <span class='ocrx_word' id='word_1_86' title='bbox 275 839 316 872; x_wconf 88' lang='lat' dir='ltr'>et</span> <span class='ocrx_word' id='word_1_87' title='bbox 338 834 514 871; x_wconf 85' lang='lat' dir='ltr'>veritatis</span> <span class='ocrx_word' id='word_1_88' title='bbox 539 842 710 882; x_wconf 83' lang='lat' dir='ltr'>eventus,</span> <span class='ocrx_word' id='word_1_89' title='bbox 738 837 825 887; x_wconf 87' lang='lat' dir='ltr'>quia</span> <span class='ocrx_word' id='word_1_90' title='bbox 851 850 927 874; x_wconf 91' lang='lat' dir='ltr'>non</span> <span class='ocrx_word' id='word_1_91' title='bbox 954 838 1058 890; x_wconf 85' lang='lat' dir='ltr'>capit</span> <span class='ocrx_word' id='word_1_92' title='bbox 1082 838 1201 876; x_wconf 91' lang='lat' dir='ltr'>solam</span> <span class='ocrx_word' id='word_1_93' title='bbox 1227 851 1311 876; x_wconf 90' lang='lat' dir='ltr'>eam</span> <span class='ocrx_word' id='word_1_94' title='bbox 1331 851 1448 877; x_wconf 90' lang='lat' dir='ltr'>even-</span> 
     </span>
     <span class='ocr_line' id='line_1_13' title="bbox 111 888 1449 947; baseline 0.005 -20"><span class='ocrx_word' id='word_1_95' title='bbox 111 890 167 928; x_wconf 84' lang='lat' dir='ltr'>tui</span> <span class='ocrx_word' id='word_1_96' title='bbox 194 889 368 928; x_wconf 84' lang='lat' dir='ltr'>omnibus</span> <span class='ocrx_word' id='word_1_97' title='bbox 399 888 531 929; x_wconf 84' lang='lat' dir='ltr'>debito</span> <span class='ocrx_word' id='word_1_98' title='bbox 564 892 693 930; x_wconf 80' lang='lat' dir='ltr'>eximi.</span> <span class='ocrx_word' id='word_1_99' title='bbox 760 892 949 932; x_wconf 81' lang='lat' dir='ltr'>Homerus</span> <span class='ocrx_word' id='word_1_100' title='bbox 963 895 1002 946; x_wconf 86' lang='grc'>1)</span> <span class='ocrx_word' id='word_1_101' title='bbox 1034 893 1127 933; x_wconf 89' lang='lat' dir='ltr'>duas</span> <span class='ocrx_word' id='word_1_102' title='bbox 1157 902 1290 947; x_wconf 86' lang='lat' dir='ltr'>portas</span> <span class='ocrx_word' id='word_1_103' title='bbox 1321 894 1449 934; x_wconf 84' lang='lat' dir='ltr'>divisit</span> 
     </span>
     <span class='ocr_line' id='line_1_14' title="bbox 111 947 1447 1004; baseline 0.004 -18"><span class='ocrx_word' id='word_1_104' title='bbox 111 947 288 994; x_wconf 86' lang='lat' dir='ltr'>somniis,</span> <span class='ocrx_word' id='word_1_105' title='bbox 327 960 509 987; x_wconf 87' lang='lat' dir='ltr'>corneam</span> <span class='ocrx_word' id='word_1_106' title='bbox 538 950 731 996; x_wconf 87' lang='lat' dir='ltr'>veritatis,</span> <span class='ocrx_word' id='word_1_107' title='bbox 768 950 948 989; x_wconf 83' lang='lat' dir='ltr'>fallaciae</span> <span class='ocrx_word' id='word_1_108' title='bbox 981 952 1209 999; x_wconf 79' lang='lat' dir='ltr'>eburneam3</span> <span class='ocrx_word' id='word_1_109' title='bbox 1247 954 1447 1004; x_wconf 80' lang='lat' dir='ltr'>respicere</span> 
     </span>
     <span class='ocr_line' id='line_1_15' title="bbox 111 1005 1447 1058; baseline 0.002 -14"><span class='ocrx_word' id='word_1_110' title='bbox 111 1010 172 1044; x_wconf 83' lang='lat' dir='ltr'>est</span> <span class='ocrx_word' id='word_1_111' title='bbox 207 1005 328 1051; x_wconf 87' lang='lat' dir='ltr'>enim,</span> <span class='ocrx_word' id='word_1_112' title='bbox 366 1005 559 1057; x_wconf 87' lang='lat' dir='ltr'>inquiunt,</span> <span class='ocrx_word' id='word_1_113' title='bbox 596 1019 668 1058; x_wconf 89' lang='lat' dir='ltr'>per</span> <span class='ocrx_word' id='word_1_114' title='bbox 704 1020 844 1054; x_wconf 91' lang='lat' dir='ltr'>cornu,</span> <span class='ocrx_word' id='word_1_115' title='bbox 883 1008 982 1046; x_wconf 91' lang='lat' dir='ltr'>ebur</span> <span class='ocrx_word' id='word_1_116' title='bbox 1015 1016 1142 1046; x_wconf 87' lang='lat' dir='ltr'>autem</span> <span class='ocrx_word' id='word_1_117' title='bbox 1180 1021 1339 1047; x_wconf 87' lang='lat' dir='ltr'>caecum</span> <span class='ocrx_word' id='word_1_118' title='bbox 1376 1015 1447 1048; x_wconf 85' lang='lat' dir='ltr'>est.</span> 
     </span>
     <span class='ocr_line' id='line_1_16' title="bbox 110 1059 1449 1117; baseline 0.001 -16"><span class='ocrx_word' id='word_1_119' title='bbox 110 1059 348 1101; x_wconf 84' lang='lat' dir='ltr'>Aristoteles</span> <span class='ocrx_word' id='word_1_120' title='bbox 360 1063 397 1110; x_wconf 89' lang='lat'>²)</span> <span class='ocrx_word' id='word_1_121' title='bbox 425 1063 573 1101; x_wconf 83' lang='lat' dir='ltr'>maiore</span> <span class='ocrx_word' id='word_1_122' title='bbox 592 1065 820 1102; x_wconf 87' lang='lat' dir='ltr'>sententiam</span> <span class='ocrx_word' id='word_1_123' title='bbox 840 1064 1041 1103; x_wconf 88' lang='lat' dir='ltr'>mendacio</span> <span class='ocrx_word' id='word_1_124' title='bbox 1062 1066 1245 1111; x_wconf 88' lang='lat' dir='ltr'>recitans,</span> <span class='ocrx_word' id='word_1_125' title='bbox 1271 1064 1449 1117; x_wconf 81' lang='lat' dir='ltr'>agnoscit</span> 
     </span>
     <span class='ocr_line' id='line_1_17' title="bbox 112 1118 1448 1171; baseline 0.002 -14"><span class='ocrx_word' id='word_1_126' title='bbox 112 1124 154 1157; x_wconf 85' lang='lat' dir='ltr'>et</span> <span class='ocrx_word' id='word_1_127' title='bbox 182 1130 329 1159; x_wconf 84' lang='lat' dir='ltr'>verum.</span> <span class='ocrx_word' id='word_1_128' title='bbox 375 1118 723 1171; x_wconf 83' lang='lat' dir='ltr'>Telmessenses³)</span> <span class='ocrx_word' id='word_1_129' title='bbox 760 1121 863 1159; x_wconf 88' lang='lat' dir='ltr'>nulla</span> <span class='ocrx_word' id='word_1_130' title='bbox 899 1122 1047 1160; x_wconf 89' lang='lat' dir='ltr'>somnia</span> <span class='ocrx_word' id='word_1_131' title='bbox 1077 1129 1289 1168; x_wconf 84' lang='lat' dir='ltr'>evacuant,</span> <span class='ocrx_word' id='word_1_132' title='bbox 1327 1121 1448 1160; x_wconf 90' lang='lat' dir='ltr'>imbe-</span> 
     </span>
     <span class='ocr_line' id='line_1_18' title="bbox 113 1174 1448 1226; baseline 0.002 -13"><span class='ocrx_word' id='word_1_133' title='bbox 113 1174 312 1214; x_wconf 87' lang='lat' dir='ltr'>cillitatem</span> <span class='ocrx_word' id='word_1_134' title='bbox 349 1176 646 1215; x_wconf 87' lang='lat' dir='ltr'>coniectationis</span> <span class='ocrx_word' id='word_1_135' title='bbox 682 1178 870 1216; x_wconf 80' lang='lat' dir='ltr'>incusant.</span> <span class='ocrx_word' id='word_1_136' title='bbox 931 1179 1024 1226; x_wconf 84' lang='lat' dir='ltr'>Quis</span> <span class='ocrx_word' id='word_1_137' title='bbox 1054 1185 1179 1217; x_wconf 88' lang='lat' dir='ltr'>autem</span> <span class='ocrx_word' id='word_1_138' title='bbox 1210 1186 1287 1216; x_wconf 87' lang='lat' dir='ltr'>tam</span> <span class='ocrx_word' id='word_1_139' title='bbox 1319 1185 1448 1217; x_wconf 81' lang='lat' dir='ltr'>extra-</span> 
     </span>
     <span class='ocr_line' id='line_1_19' title="bbox 112 1232 1448 1288; baseline 0.003 -18"><span class='ocrx_word' id='word_1_140' title='bbox 112 1244 207 1271; x_wconf 86' lang='lat' dir='ltr'>neus</span> <span class='ocrx_word' id='word_1_141' title='bbox 237 1232 501 1279; x_wconf 87' lang='lat' dir='ltr'>humanitatis,</span> <span class='ocrx_word' id='word_1_142' title='bbox 538 1240 580 1271; x_wconf 91' lang='lat' dir='ltr'>ut</span> <span class='ocrx_word' id='word_1_143' title='bbox 604 1248 679 1272; x_wconf 92' lang='lat' dir='ltr'>non</span> <span class='ocrx_word' id='word_1_144' title='bbox 705 1235 869 1287; x_wconf 85' lang='lat' dir='ltr'>aliquam</span> <span class='ocrx_word' id='word_1_145' title='bbox 899 1235 1104 1288; x_wconf 87' lang='lat' dir='ltr'>aliquando</span> <span class='ocrx_word' id='word_1_146' title='bbox 1134 1236 1320 1276; x_wconf 82' lang='lat' dir='ltr'>visionem</span> <span class='ocrx_word' id='word_1_147' title='bbox 1353 1235 1448 1274; x_wconf 85' lang='lat' dir='ltr'>fide-</span> 
     </span>
     <span class='ocr_line' id='line_1_20' title="bbox 110 1289 1447 1345; baseline 0.002 -17"><span class='ocrx_word' id='word_1_148' title='bbox 110 1289 188 1328; x_wconf 87' lang='lat' dir='ltr'>lem</span> <span class='ocrx_word' id='word_1_149' title='bbox 219 1290 411 1329; x_wconf 79' lang='lat' dir='ltr'>senserit?</span> <span class='ocrx_word' id='word_1_150' title='bbox 445 1289 574 1330; x_wconf 88' lang='lat' dir='ltr'>Pauca</span> <span class='ocrx_word' id='word_1_151' title='bbox 605 1291 652 1330; x_wconf 88' lang='lat' dir='ltr'>de</span> <span class='ocrx_word' id='word_1_152' title='bbox 684 1293 958 1343; x_wconf 85' lang='lat' dir='ltr'>insignioribus</span> <span class='ocrx_word' id='word_1_153' title='bbox 987 1295 1253 1345; x_wconf 86' lang='lat' dir='ltr'>perstringens</span> <span class='ocrx_word' id='word_1_154' title='bbox 1278 1292 1447 1345; x_wconf 90' lang='lat' dir='ltr'>Epicuro</span> 
     </span>
     <span class='ocr_line' id='line_1_21' title="bbox 113 1344 1449 1401; baseline 0.002 -16"><span class='ocrx_word' id='word_1_155' title='bbox 113 1344 300 1399; x_wconf 87' lang='lat' dir='ltr'>pudorem</span> <span class='ocrx_word' id='word_1_156' title='bbox 344 1347 556 1399; x_wconf 85' lang='lat' dir='ltr'>imperabo.</span> <span class='ocrx_word' id='word_1_157' title='bbox 634 1349 830 1401; x_wconf 83' lang='lat' dir='ltr'>Astyages</span> <span class='ocrx_word' id='word_1_158' title='bbox 871 1348 1074 1388; x_wconf 86' lang='lat' dir='ltr'>Medorum</span> <span class='ocrx_word' id='word_1_159' title='bbox 1117 1357 1304 1401; x_wconf 84' lang='lat' dir='ltr'>regnator</span> <span class='ocrx_word' id='word_1_160' title='bbox 1346 1348 1449 1401; x_wconf 86' lang='lat' dir='ltr'>quod</span> 
     </span>
     <span class='ocr_line' id='line_1_22' title="bbox 113 1403 1449 1457; baseline 0.001 -15"><span class='ocrx_word' id='word_1_161' title='bbox 113 1403 217 1443; x_wconf 81' lang='lat' dir='ltr'>filiae</span> <span class='ocrx_word' id='word_1_162' title='bbox 259 1403 476 1444; x_wconf 84' lang='lat' dir='ltr'>Mandanae</span> <span class='ocrx_word' id='word_1_163' title='bbox 524 1404 650 1444; x_wconf 87' lang='lat' dir='ltr'>adhuc</span> <span class='ocrx_word' id='word_1_164' title='bbox 698 1407 858 1457; x_wconf 84' lang='lat' dir='ltr'>virginis</span> <span class='ocrx_word' id='word_1_165' title='bbox 910 1408 1079 1446; x_wconf 89' lang='lat' dir='ltr'>vesicam</span> <span class='ocrx_word' id='word_1_166' title='bbox 1129 1408 1168 1445; x_wconf 92' lang='lat' dir='ltr'>in</span> <span class='ocrx_word' id='word_1_167' title='bbox 1215 1406 1449 1445; x_wconf 84' lang='lat' dir='ltr'>diluvionem</span> 
     </span>
     <span class='ocr_line' id='line_1_23' title="bbox 112 1459 1450 1513; baseline 0.001 -13"><span class='ocrx_word' id='word_1_168' title='bbox 112 1459 233 1500; x_wconf 84' lang='lat' dir='ltr'>Asiae</span> <span class='ocrx_word' id='word_1_169' title='bbox 269 1462 426 1501; x_wconf 83' lang='lat' dir='ltr'>fluxisse</span> <span class='ocrx_word' id='word_1_170' title='bbox 462 1463 613 1501; x_wconf 90' lang='lat' dir='ltr'>somnio</span> <span class='ocrx_word' id='word_1_171' title='bbox 655 1462 814 1509; x_wconf 85' lang='lat' dir='ltr'>viderit,</span> <span class='ocrx_word' id='word_1_172' title='bbox 853 1462 1073 1502; x_wconf 85' lang='lat' dir='ltr'>Herodotus</span> <span class='ocrx_word' id='word_1_173' title='bbox 1090 1464 1130 1513; x_wconf 76' lang='lat'>⁴)</span> <span class='ocrx_word' id='word_1_174' title='bbox 1174 1463 1327 1511; x_wconf 80' lang='lat' dir='ltr'>refert3·</span> <span class='ocrx_word' id='word_1_175' title='bbox 1357 1460 1450 1502; x_wconf 87' lang='lat' dir='ltr'>item</span> 
     </span>
     <span class='ocr_line' id='line_1_24' title="bbox 114 1518 1451 1571; baseline 0.001 -15"><span class='ocrx_word' id='word_1_176' title='bbox 114 1531 215 1557; x_wconf 85' lang='lat' dir='ltr'>anno</span> <span class='ocrx_word' id='word_1_177' title='bbox 243 1525 335 1571; x_wconf 81' lang='lat' dir='ltr'>post</span> <span class='ocrx_word' id='word_1_178' title='bbox 363 1519 516 1570; x_wconf 84' lang='lat' dir='ltr'>nuptias</span> <span class='ocrx_word' id='word_1_179' title='bbox 545 1520 629 1557; x_wconf 89' lang='lat' dir='ltr'>eius</span> <span class='ocrx_word' id='word_1_180' title='bbox 653 1532 704 1558; x_wconf 88' lang='lat' dir='ltr'>ex</span> <span class='ocrx_word' id='word_1_181' title='bbox 727 1518 865 1559; x_wconf 87' lang='lat' dir='ltr'>iisdem</span> <span class='ocrx_word' id='word_1_182' title='bbox 895 1521 994 1560; x_wconf 88' lang='lat' dir='ltr'>locis</span> <span class='ocrx_word' id='word_1_183' title='bbox 1023 1522 1140 1560; x_wconf 89' lang='lat' dir='ltr'>vitem</span> <span class='ocrx_word' id='word_1_184' title='bbox 1172 1527 1347 1560; x_wconf 83' lang='lat' dir='ltr'>exortam</span> <span class='ocrx_word' id='word_1_185' title='bbox 1378 1521 1451 1559; x_wconf 86' lang='lat' dir='ltr'>toti</span> 
     </span>
     <span class='ocr_line' id='line_1_25' title="bbox 51 1574 1452 1631; baseline 0.001 -17"><span class='ocrx_word' id='word_1_186' title='bbox 51 1619 53 1621; x_wconf 53' lang='grc'><strong>,</strong></span> <span class='ocrx_word' id='word_1_187' title='bbox 112 1574 233 1615; x_wconf 79' lang='lat' dir='ltr'>Asiae</span> <span class='ocrx_word' id='word_1_188' title='bbox 270 1574 488 1615; x_wconf 82' lang='lat' dir='ltr'>incubasse.</span> <span class='ocrx_word' id='word_1_189' title='bbox 560 1575 645 1615; x_wconf 91' lang='lat' dir='ltr'>Hoc</span> <span class='ocrx_word' id='word_1_190' title='bbox 676 1578 791 1616; x_wconf 85' lang='lat' dir='ltr'>etiam</span> <span class='ocrx_word' id='word_1_191' title='bbox 824 1577 978 1617; x_wconf 85' lang='lat' dir='ltr'>Charon</span> <span class='ocrx_word' id='word_1_192' title='bbox 1010 1577 1294 1631; x_wconf 90' lang='lat' dir='ltr'>Lampsacenus</span> <span class='ocrx_word' id='word_1_193' title='bbox 1325 1577 1452 1616; x_wconf 83' lang='lat' dir='ltr'>Hero-</span> 
     </span>
     <span class='ocr_line' id='line_1_26' title="bbox 115 1631 1450 1685; baseline -0.001 -13"><span class='ocrx_word' id='word_1_194' title='bbox 115 1631 209 1672; x_wconf 83' lang='lat' dir='ltr'>doto</span> <span class='ocrx_word' id='word_1_195' title='bbox 240 1634 350 1685; x_wconf 88' lang='lat' dir='ltr'>prior</span> <span class='ocrx_word' id='word_1_196' title='bbox 377 1632 522 1680; x_wconf 85' lang='lat' dir='ltr'>tradit,</span> <span class='ocrx_word' id='word_1_197' title='bbox 566 1635 631 1685; x_wconf 90' lang='lat' dir='ltr'>qui</span> <span class='ocrx_word' id='word_1_198' title='bbox 663 1635 779 1672; x_wconf 86' lang='lat' dir='ltr'>filium</span> <span class='ocrx_word' id='word_1_199' title='bbox 810 1636 893 1672; x_wconf 87' lang='lat' dir='ltr'>eius</span> <span class='ocrx_word' id='word_1_200' title='bbox 924 1641 1031 1672; x_wconf 89' lang='lat' dir='ltr'>tanto</span> <span class='ocrx_word' id='word_1_201' title='bbox 1064 1636 1175 1685; x_wconf 89' lang='lat' dir='ltr'>operi</span> <span class='ocrx_word' id='word_1_202' title='bbox 1205 1635 1450 1685; x_wconf 85' lang='lat' dir='ltr'>interpretati</span> 
     </span>
     <span class='ocr_line' id='line_1_27' title="bbox 115 1689 1451 1742; baseline 0 -15"><span class='ocrx_word' id='word_1_203' title='bbox 115 1696 220 1736; x_wconf 85' lang='lat' dir='ltr'>sunt,</span> <span class='ocrx_word' id='word_1_204' title='bbox 252 1703 328 1728; x_wconf 91' lang='lat' dir='ltr'>non</span> <span class='ocrx_word' id='word_1_205' title='bbox 361 1690 601 1736; x_wconf 68' lang='lat' dir='ltr'>fefellerunt,</span> <span class='ocrx_word' id='word_1_206' title='bbox 640 1689 828 1741; x_wconf 89' lang='lat' dir='ltr'>siquidem</span> <span class='ocrx_word' id='word_1_207' title='bbox 858 1689 990 1728; x_wconf 85' lang='lat' dir='ltr'>Asiam</span> <span class='ocrx_word' id='word_1_208' title='bbox 1022 1690 1147 1742; x_wconf 85' lang='lat' dir='ltr'>Cyrus</span> <span class='ocrx_word' id='word_1_209' title='bbox 1178 1697 1219 1728; x_wconf 91' lang='lat' dir='ltr'>et</span> <span class='ocrx_word' id='word_1_210' title='bbox 1250 1691 1380 1728; x_wconf 86' lang='lat' dir='ltr'>mersit</span> <span class='ocrx_word' id='word_1_211' title='bbox 1411 1697 1451 1727; x_wconf 87' lang='lat' dir='ltr'>et</span> 
     </span>
     <span class='ocr_line' id='line_1_28' title="bbox 115 1745 1450 1798; baseline -0.001 -14"><span class='ocrx_word' id='word_1_212' title='bbox 115 1746 269 1798; x_wconf 85' lang='lat' dir='ltr'>pressit.</span> <span class='ocrx_word' id='word_1_213' title='bbox 308 1745 504 1796; x_wconf 84' lang='lat' dir='ltr'>Philippus</span> <span class='ocrx_word' id='word_1_214' title='bbox 515 1745 697 1791; x_wconf 83' lang='lat' dir='ltr'>Macedo,</span> <span class='ocrx_word' id='word_1_215' title='bbox 722 1745 888 1784; x_wconf 89' lang='lat' dir='ltr'>nondum</span> <span class='ocrx_word' id='word_1_216' title='bbox 907 1754 1030 1798; x_wconf 87' lang='lat' dir='ltr'>pater,</span> <span class='ocrx_word' id='word_1_217' title='bbox 1057 1745 1294 1798; x_wconf 84' lang='lat' dir='ltr'>Olympiadis</span> <span class='ocrx_word' id='word_1_218' title='bbox 1318 1746 1450 1784; x_wconf 78' lang='lat' dir='ltr'>uxoris</span> 
     </span>
     <span class='ocr_line' id='line_1_29' title="bbox 117 1801 1450 1854; baseline -0.001 -13"><span class='ocrx_word' id='word_1_219' title='bbox 117 1809 291 1841; x_wconf 88' lang='lat' dir='ltr'>naturam</span> <span class='ocrx_word' id='word_1_220' title='bbox 322 1801 547 1852; x_wconf 85' lang='lat' dir='ltr'>obsignasse</span> <span class='ocrx_word' id='word_1_221' title='bbox 580 1801 730 1840; x_wconf 90' lang='lat' dir='ltr'>viderat</span> <span class='ocrx_word' id='word_1_222' title='bbox 759 1803 920 1850; x_wconf 86' lang='lat' dir='ltr'>annulo;</span> <span class='ocrx_word' id='word_1_223' title='bbox 958 1803 1021 1841; x_wconf 92' lang='lat' dir='ltr'>leo</span> <span class='ocrx_word' id='word_1_224' title='bbox 1047 1810 1134 1841; x_wconf 86' lang='lat' dir='ltr'>erat</span> <span class='ocrx_word' id='word_1_225' title='bbox 1157 1804 1323 1854; x_wconf 83' lang='lat' dir='ltr'>signum3</span> <span class='ocrx_word' id='word_1_226' title='bbox 1363 1815 1450 1840; x_wconf 91' lang='lat' dir='ltr'>cre-</span> 
     </span>
     <span class='ocr_line' id='line_1_30' title="bbox 118 1857 1452 1916; baseline -0.001 -17"><span class='ocrx_word' id='word_1_227' title='bbox 118 1857 272 1899; x_wconf 86' lang='lat' dir='ltr'>diderat</span> <span class='ocrx_word' id='word_1_228' title='bbox 295 1858 537 1910; x_wconf 89' lang='lat' dir='ltr'>praeclusam</span> <span class='ocrx_word' id='word_1_229' title='bbox 562 1859 790 1916; x_wconf 83' lang='lat' dir='ltr'>genituram,</span> <span class='ocrx_word' id='word_1_230' title='bbox 818 1860 970 1911; x_wconf 87' lang='lat' dir='ltr'>opinor,</span> <span class='ocrx_word' id='word_1_231' title='bbox 998 1861 1087 1912; x_wconf 82' lang='lat' dir='ltr'>quia</span> <span class='ocrx_word' id='word_1_232' title='bbox 1112 1860 1174 1898; x_wconf 92' lang='lat' dir='ltr'>leo</span> <span class='ocrx_word' id='word_1_233' title='bbox 1201 1859 1319 1898; x_wconf 90' lang='lat' dir='ltr'>semel</span> <span class='ocrx_word' id='word_1_234' title='bbox 1338 1866 1452 1912; x_wconf 85' lang='lat' dir='ltr'>pater</span> 
     </span>
     <span class='ocr_line' id='line_1_31' title="bbox 118 1914 1449 1968; baseline -0.002 -12"><span class='ocrx_word' id='word_1_235' title='bbox 118 1923 190 1956; x_wconf 88' lang='lat' dir='ltr'>est.</span> <span class='ocrx_word' id='word_1_236' title='bbox 262 1914 532 1955; x_wconf 81' lang='lat' dir='ltr'>Aristodemus</span> <span class='ocrx_word' id='word_1_237' title='bbox 568 1916 630 1954; x_wconf 84' lang='lat' dir='ltr'>vel</span> <span class='ocrx_word' id='word_1_238' title='bbox 665 1914 903 1968; x_wconf 85' lang='lat' dir='ltr'>Aristophon</span> <span class='ocrx_word' id='word_1_239' title='bbox 949 1918 1199 1964; x_wconf 87' lang='lat' dir='ltr'>coniectans,</span> <span class='ocrx_word' id='word_1_240' title='bbox 1242 1917 1318 1955; x_wconf 91' lang='lat' dir='ltr'>imo</span> <span class='ocrx_word' id='word_1_241' title='bbox 1356 1916 1449 1955; x_wconf 91' lang='lat' dir='ltr'>nihil</span> 
     </span>
     <span class='ocr_line' id='line_1_32' title="bbox 118 1972 1451 2026; baseline -0.001 -14"><span class='ocrx_word' id='word_1_242' title='bbox 118 1986 280 2013; x_wconf 86' lang='lat' dir='ltr'>vacuum</span> <span class='ocrx_word' id='word_1_243' title='bbox 318 1973 538 2024; x_wconf 86' lang='lat' dir='ltr'>obsignari,</span> <span class='ocrx_word' id='word_1_244' title='bbox 579 1972 694 2011; x_wconf 83' lang='lat' dir='ltr'>filium</span> <span class='ocrx_word' id='word_1_245' title='bbox 726 1981 766 2012; x_wconf 91' lang='lat' dir='ltr'>et</span> <span class='ocrx_word' id='word_1_246' title='bbox 798 1973 950 2026; x_wconf 86' lang='lat' dir='ltr'>quidem</span> <span class='ocrx_word' id='word_1_247' title='bbox 981 1975 1134 2013; x_wconf 81' lang='lat' dir='ltr'>maximi</span> <span class='ocrx_word' id='word_1_248' title='bbox 1164 1975 1328 2025; x_wconf 87' lang='lat' dir='ltr'>impetus</span> <span class='ocrx_word' id='word_1_249' title='bbox 1358 1986 1451 2025; x_wconf 88' lang='lat' dir='ltr'>por-</span> 
     </span>
     <span class='ocr_line' id='line_1_33' title="bbox 118 2029 1452 2083; baseline -0.001 -12"><span class='ocrx_word' id='word_1_250' title='bbox 118 2029 291 2079; x_wconf 78' lang='lat' dir='ltr'>tendi.⁵)</span> <span class='ocrx_word' id='word_1_251' title='bbox 350 2029 613 2069; x_wconf 84' lang='lat' dir='ltr'>Alexandrum</span> <span class='ocrx_word' id='word_1_252' title='bbox 644 2031 707 2083; x_wconf 91' lang='lat' dir='ltr'>qui</span> <span class='ocrx_word' id='word_1_253' title='bbox 738 2032 882 2078; x_wconf 88' lang='lat' dir='ltr'>sciunt,</span> <span class='ocrx_word' id='word_1_254' title='bbox 920 2031 1072 2071; x_wconf 86' lang='lat' dir='ltr'>leonem</span> <span class='ocrx_word' id='word_1_255' title='bbox 1103 2031 1232 2070; x_wconf 87' lang='lat' dir='ltr'>annuli</span> <span class='ocrx_word' id='word_1_256' title='bbox 1255 2044 1452 2081; x_wconf 87' lang='lat' dir='ltr'>recogno-</span> 
     </span>
     <span class='ocr_line' id='line_1_34' title="bbox 115 2086 1451 2143; baseline -0.002 -15"><span class='ocrx_word' id='word_1_257' title='bbox 115 2095 245 2128; x_wconf 78' lang='lat' dir='ltr'>scunt.</span> <span class='ocrx_word' id='word_1_258' title='bbox 303 2087 483 2140; x_wconf 84' lang='lat' dir='ltr'>Ephorus</span> <span class='ocrx_word' id='word_1_259' title='bbox 514 2087 663 2126; x_wconf 88' lang='lat' dir='ltr'>scribit.</span> <span class='ocrx_word' id='word_1_260' title='bbox 715 2086 795 2127; x_wconf 91' lang='lat' dir='ltr'>Sed</span> <span class='ocrx_word' id='word_1_261' title='bbox 820 2096 860 2128; x_wconf 86' lang='lat' dir='ltr'>et</span> <span class='ocrx_word' id='word_1_262' title='bbox 884 2088 1061 2143; x_wconf 86' lang='lat' dir='ltr'>Dionysii</span> <span class='ocrx_word' id='word_1_263' title='bbox 1087 2087 1246 2128; x_wconf 85' lang='lat' dir='ltr'>Siciliae</span> <span class='ocrx_word' id='word_1_264' title='bbox 1278 2089 1451 2140; x_wconf 79' lang='lat' dir='ltr'>tyranni-</span> 
     </span>
     <span class='ocr_line' id='line_1_35' title="bbox 117 2143 1449 2197; baseline 0 -13"><span class='ocrx_word' id='word_1_265' title='bbox 117 2143 207 2184; x_wconf 76' lang='lat' dir='ltr'>dem</span> <span class='ocrx_word' id='word_1_266' title='bbox 245 2144 451 2185; x_wconf 76' lang='lat' dir='ltr'>Himeraea</span> <span class='ocrx_word' id='word_1_267' title='bbox 488 2143 674 2196; x_wconf 82' lang='lat' dir='ltr'>quaedam</span> <span class='ocrx_word' id='word_1_268' title='bbox 715 2148 930 2186; x_wconf 85' lang='lat' dir='ltr'>somniavit.</span> <span class='ocrx_word' id='word_1_269' title='bbox 1003 2144 1231 2186; x_wconf 85' lang='lat' dir='ltr'>Heraclides</span> <span class='ocrx_word' id='word_1_270' title='bbox 1267 2143 1449 2197; x_wconf 83' lang='lat' dir='ltr'>prodidit.</span> 
     </span>
     <span class='ocr_line' id='line_1_36' title="bbox 120 2200 1450 2253; baseline -0.003 -12"><span class='ocrx_word' id='word_1_271' title='bbox 120 2202 173 2241; x_wconf 82' lang='lat' dir='ltr'>Et</span> <span class='ocrx_word' id='word_1_272' title='bbox 186 2200 354 2242; x_wconf 83' lang='lat' dir='ltr'>Seleuco</span> <span class='ocrx_word' id='word_1_273' title='bbox 374 2215 533 2253; x_wconf 84' lang='lat' dir='ltr'>regnum</span> <span class='ocrx_word' id='word_1_274' title='bbox 553 2201 673 2241; x_wconf 90' lang='lat' dir='ltr'>Asiae</span> <span class='ocrx_word' id='word_1_275' title='bbox 692 2201 866 2243; x_wconf 87' lang='lat' dir='ltr'>Laodice</span> <span class='ocrx_word' id='word_1_276' title='bbox 884 2211 1009 2243; x_wconf 86' lang='lat' dir='ltr'>mater</span> <span class='ocrx_word' id='word_1_277' title='bbox 1032 2201 1198 2243; x_wconf 87' lang='lat' dir='ltr'>nondum</span> <span class='ocrx_word' id='word_1_278' title='bbox 1223 2214 1308 2240; x_wconf 90' lang='lat' dir='ltr'>eum</span> <span class='ocrx_word' id='word_1_279' title='bbox 1334 2201 1450 2239; x_wconf 79' lang='lat' dir='ltr'>enixa</span> 
     </span>
     <span class='ocr_line' id='line_1_37' title="bbox 121 2258 1451 2312; baseline -0.004 -13"><span class='ocrx_word' id='word_1_280' title='bbox 121 2258 324 2312; x_wconf 77' lang='lat' dir='ltr'>praevidit.</span> <span class='ocrx_word' id='word_1_281' title='bbox 384 2258 608 2311; x_wconf 86' lang='lat' dir='ltr'>Euphorion</span> <span class='ocrx_word' id='word_1_282' title='bbox 632 2260 887 2312; x_wconf 83' lang='lat' dir='ltr'>provulgavit.</span> <span class='ocrx_word' id='word_1_283' title='bbox 939 2260 1199 2300; x_wconf 84' lang='lat' dir='ltr'>Mithridatem</span> <span class='ocrx_word' id='word_1_284' title='bbox 1225 2270 1374 2309; x_wconf 87' lang='lat' dir='ltr'>quoque</span> <span class='ocrx_word' id='word_1_285' title='bbox 1401 2269 1451 2295; x_wconf 86' lang='lat' dir='ltr'>ex</span> 
     </span>
     <span class='ocr_line' id='line_1_38' title="bbox 123 2310 1447 2371; baseline -0.002 -15"><span class='ocrx_word' id='word_1_286' title='bbox 123 2317 271 2356; x_wconf 91' lang='lat' dir='ltr'>somnio</span> <span class='ocrx_word' id='word_1_287' title='bbox 292 2315 405 2355; x_wconf 84' lang='lat' dir='ltr'>Ponti</span> <span class='ocrx_word' id='word_1_288' title='bbox 429 2317 590 2369; x_wconf 85' lang='lat' dir='ltr'>potitum</span> <span class='ocrx_word' id='word_1_289' title='bbox 616 2330 639 2356; x_wconf 87' lang='lat' dir='ltr'>a</span> <span class='ocrx_word' id='word_1_290' title='bbox 665 2315 857 2358; x_wconf 85' lang='lat' dir='ltr'>Strabone</span> <span class='ocrx_word' id='word_1_291' title='bbox 883 2310 1095 2371; x_wconf 75' lang='lat' dir='ltr'>cognosco,</span> <span class='ocrx_word' id='word_1_292' title='bbox 1121 2324 1161 2356; x_wconf 89' lang='lat' dir='ltr'>et</span> <span class='ocrx_word' id='word_1_293' title='bbox 1183 2313 1447 2364; x_wconf 67' lang='lat' dir='ltr'>Balaridemss)</span> 
     </span>
    </p>
   </div>
   <div class='ocr_carea' id='block_1_3' title="bbox 124 2465 1448 2600">
    <p class='ocr_par' dir='ltr' id='par_1_4' title="bbox 124 2465 1448 2600">
     <span class='ocr_line' id='line_1_39' title="bbox 217 2465 1448 2508; baseline -0.002 -10"><span class='ocrx_word' id='word_1_294' title='bbox 217 2467 256 2506; x_wconf 89' lang='lat'>1)</span> <span class='ocrx_word' id='word_1_295' title='bbox 280 2468 380 2498; x_wconf 76' lang='lat' dir='ltr'>Rom.</span> <span class='ocrx_word' id='word_1_296' title='bbox 400 2467 523 2506; x_wconf 75' lang='lat' dir='ltr'>Odyu.</span> <span class='ocrx_word' id='word_1_297' title='bbox 543 2467 599 2505; x_wconf 78' lang='lat'>19,</span> <span class='ocrx_word' id='word_1_298' title='bbox 621 2468 688 2498; x_wconf 74' lang='lat'>562</span> <span class='ocrx_word' id='word_1_299' title='bbox 706 2476 779 2506; x_wconf 75' lang='lat' dir='ltr'>sqq.</span> <span class='ocrx_word' id='word_1_300' title='bbox 898 2465 933 2508; x_wconf 85' lang='lat'>2)</span> <span class='ocrx_word' id='word_1_301' title='bbox 950 2467 1091 2498; x_wconf 73' lang='lat' dir='ltr'>Aristot.</span> <span class='ocrx_word' id='word_1_302' title='bbox 1113 2465 1154 2496; x_wconf 87' lang='lat' dir='ltr'>de</span> <span class='ocrx_word' id='word_1_303' title='bbox 1174 2465 1238 2496; x_wconf 86' lang='lat' dir='ltr'>div.</span> <span class='ocrx_word' id='word_1_304' title='bbox 1259 2473 1321 2505; x_wconf 83' lang='lat' dir='ltr'>per</span> <span class='ocrx_word' id='word_1_305' title='bbox 1339 2473 1448 2495; x_wconf 77' lang='lat' dir='ltr'>somn.</span> 
     </span>
     <span class='ocr_line' id='line_1_40' title="bbox 125 2509 1436 2557; baseline -0.005 -11"><span class='ocrx_word' id='word_1_306' title='bbox 125 2515 164 2553; x_wconf 80' lang='grc'>3)</span> <span class='ocrx_word' id='word_1_307' title='bbox 175 2514 300 2546; x_wconf 81' lang='lat' dir='ltr'>Herod.</span> <span class='ocrx_word' id='word_1_308' title='bbox 312 2515 345 2554; x_wconf 90' lang='lat'>1,</span> <span class='ocrx_word' id='word_1_309' title='bbox 359 2515 413 2544; x_wconf 79' lang='lat'>⁶18.</span> <span class='ocrx_word' id='word_1_310' title='bbox 438 2514 508 2544; x_wconf 84' lang='lat' dir='ltr'>Cic.</span> <span class='ocrx_word' id='word_1_311' title='bbox 523 2513 565 2544; x_wconf 82' lang='lat' dir='ltr'>de</span> <span class='ocrx_word' id='word_1_312' title='bbox 578 2512 642 2543; x_wconf 80' lang='lat' dir='ltr'>div.</span> <span class='ocrx_word' id='word_1_313' title='bbox 658 2515 688 2550; x_wconf 87' lang='lat'>1,</span> <span class='ocrx_word' id='word_1_314' title='bbox 698 2514 754 2544; x_wconf 75' lang='lat'>42.</span> <span class='ocrx_word' id='word_1_315' title='bbox 799 2551 814 2557; x_wconf 21' lang='lat'>⁷,</span> <span class='ocrx_word' id='word_1_316' title='bbox 837 2514 875 2552; x_wconf 66' lang='lat'>⁴)</span> <span class='ocrx_word' id='word_1_317' title='bbox 895 2513 1019 2543; x_wconf 81' lang='lat' dir='ltr'>Herod.</span> <span class='ocrx_word' id='word_1_318' title='bbox 1040 2513 1072 2552; x_wconf 87' lang='lat'>1,</span> <span class='ocrx_word' id='word_1_319' title='bbox 1094 2513 1158 2541; x_wconf 76' lang='lat'>107</span> <span class='ocrx_word' id='word_1_320' title='bbox 1174 2521 1223 2550; x_wconf 75' lang='lat' dir='ltr'>sq.</span> <span class='ocrx_word' id='word_1_321' title='bbox 1303 2511 1339 2551; x_wconf 82' lang='lat'>5)</span> <span class='ocrx_word' id='word_1_322' title='bbox 1358 2509 1436 2540; x_wconf 78' lang='lat' dir='ltr'>Plut</span> 
     </span>
     <span class='ocr_line' id='line_1_41' title="bbox 124 2557 1055 2600; baseline -0.002 -10"><span class='ocrx_word' id='word_1_323' title='bbox 124 2561 224 2591; x_wconf 83' lang='lat' dir='ltr'>Alex.</span> <span class='ocrx_word' id='word_1_324' title='bbox 245 2561 276 2591; x_wconf 90' lang='grc'>2.</span> <span class='ocrx_word' id='word_1_325' title='bbox 379 2558 416 2599; x_wconf 86' lang='grc'>6)</span> <span class='ocrx_word' id='word_1_326' title='bbox 437 2560 509 2600; x_wconf 83' lang='lat' dir='ltr'>Rig.</span> <span class='ocrx_word' id='word_1_327' title='bbox 524 2569 543 2590; x_wconf 90' lang='lat' dir='ltr'>e</span> <span class='ocrx_word' id='word_1_328' title='bbox 565 2558 638 2590; x_wconf 85' lang='lat' dir='ltr'>eod.</span> <span class='ocrx_word' id='word_1_329' title='bbox 658 2557 1055 2600; x_wconf 58' lang='lat' dir='ltr'>Agobst&#39;Baralirem.</span> 
     </span>
    </p>
   </div>
  </div>
 </body>
</html>
