1624 2826
187 219 294 257 2¹⁶
443 215 960 264 ADV.MARc10NEM
997 214 1173 245 LIBER
1210 213 1264 244 lV.

189 319 393 353 erecturos
429 309 582 348 scilicet
613 321 654 346 se
687 314 727 346 et
759 308 886 359 capita
918 307 1113 345 levaturos
1139 307 1176 344 in
1207 305 1522 357 tempore-regni

189 368 471 421 redemptos-¹)
518 365 640 417 Igitur
667 379 750 403 cum
777 372 816 403 et
840 365 951 412 haec,
979 377 1076 416 quae
1103 372 1189 402 sunt
1213 359 1521 415 promissionum,

190 425 355 481 proinde
383 424 614 463 conveniant
640 424 739 461 sicut
764 430 803 461 et
828 423 906 471 illa,
934 435 1031 474 quae
1053 428 1139 460 sunt
1165 421 1526 460 concussionumaex

194 483 446 524 consonantia
488 481 802 533 propheticarum
846 487 886 518 et
928 479 1204 518 dominicarum
1242 478 1525 530 pronuntiatio-

192 556 292 587 num,
319 539 458 578 nullam
486 539 548 577 hic
574 539 721 590 poteris
747 539 1000 576 interstruere
1028 537 1336 583 distinctionem,
1362 542 1406 574 ut
1430 548 1525 574 con-

195 599 391 638 cussiones
431 595 580 647 quidem
613 597 762 634 referas
800 595 848 633 ad
883 603 1120 640 creatorem,
1160 594 1346 632 saevitiae
1372 593 1526 632 scilicet

194 655 330 700 deum,
376 667 468 705 quas
505 667 577 691 nec
610 655 763 700 sinere,
802 652 939 691 nedum
973 658 1204 704 exspectare
1236 649 1526 707 deberet’deus

196 713 372 764 optimus,
446 711 725 748 Promissiones
761 723 854 748 vero
894 710 968 748 deo
1015 710 1158 761 optimo
1205 708 1386 761 deputes,
1433 720 1526 760 quas

197 775 370 814 creator,
398 768 580 818 ignorans
606 768 728 813 illum,
756 781 830 804 non
857 768 1146 818 prophetassetg
1175 774 1241 804 aut
1265 768 1297 804 si
1322 779 1410 804 suas
1435 779 1528 818 pro-

195 827 369 879 phetavit
393 838 468 862 non
495 823 681 863 distantes
707 838 729 862 a
754 824 1070 876 promissionibus
1101 824 1259 870 Christi,
1295 836 1364 874 par
1388 824 1464 862 erit
1488 824 1526 861 in

196 884 376 922 libertate
410 883 552 933 optimo
593 881 691 928 deo,
743 894 813 919 nec
858 882 941 932 plus
976 880 1170 919 videbitur
1207 894 1228 918 a
1267 880 1422 919 Christo
1460 887 1526 918 tuo

196 940 437 993 repromitti,
477 953 585 990 quam
624 953 645 977 a
683 952 768 977 meo
809 939 885 976 filio
924 939 1099 977 bominis.
1161 938 1285 989 Ipsum
1324 937 1526 977 decursum

197 999 412 1049 scripturae
440 997 689 1047 evangelicae
717 997 763 1034 ab
791 997 1097 1047 interrogatione
1119 995 1392 1047 discipulorum
1407 1007 1527 1047 usque

197 1054 246 1093 ad
272 1054 493 1106 parabolam
528 1054 589 1091 fici
622 1055 675 1091 ita
702 1054 874 1091 invenies
901 1061 1084 1091 contextu
1110 1065 1242 1090 sensus
1268 1053 1348 1090 filio
1363 1052 1528 1091 hominis

196 1112 286 1150 hinc
314 1118 427 1162 atque
454 1111 558 1149 illinc
585 1110 826 1157 adhaerere,
865 1118 906 1148 ut
931 1112 967 1148 in
1000 1111 1101 1148 inum
1136 1111 1358 1162 compingat
1387 1117 1428 1149 et
1458 1110 1529 1148 tri-

197 1170 271 1207 stia
309 1175 347 1206 et
380 1169 480 1206 laeta
512 1175 552 1206 et
589 1171 864 1206 concussiones
895 1175 934 1206 et
965 1168 1259 1220 promissiones,
1283 1168 1371 1206 vfiee
1403 1167 1528 1219 possis

198 1237 380 1277 separare
407 1225 453 1263 ab
486 1225 553 1262 illo
586 1226 744 1263 alteram
771 1232 932 1276 partem.
996 1224 1113 1264 Unius
1144 1226 1244 1263 enim
1271 1225 1339 1264 filii
1363 1225 1529 1264 hominis

198 1282 363 1321 adventu
396 1283 605 1320 constituto
637 1283 739 1321 inter
771 1282 866 1320 duos
898 1284 1022 1321 exitus
1055 1284 1348 1321 concussionum
1375 1289 1415 1321 et
1439 1295 1530 1335 pro-

198 1341 438 1387 missionum,
476 1353 636 1378 necesse
669 1347 728 1379 est
759 1339 807 1378 ad
838 1354 949 1379 unum
977 1342 1197 1391 pertineant
1223 1341 1338 1379 filium
1364 1333 1530 1391 hominis

183 1405 240 1435 «οι
264 1396 507 1435 incommoda
533 1399 728 1435 nationum
755 1405 795 1435 et
818 1405 909 1435 vota
936 1405 1175 1444 sanctorum,
1215 1399 1276 1450 qui
1303 1399 1356 1436 ita
1381 1398 1530 1450 positus

202 1461 261 1492 est
285 1455 322 1491 in
350 1453 494 1500 medio,
521 1461 563 1491 ut
589 1456 797 1492 communis
824 1455 988 1492 exitibus
1015 1455 1218 1501 ambobus,
1246 1456 1408 1494 alterum
1435 1468 1531 1494 con·

203 1512 376 1550 clusurus
402 1509 567 1549 adventu
593 1524 681 1558 suo,
709 1511 746 1549 id
774 1518 832 1549 est
857 1511 1098 1549 incommoda
1126 1513 1339 1559 nationum,
1367 1509 1530 1552 alteruui

201 1569 408 1619 incipiens,
441 1567 479 1606 id
506 1575 565 1606 est
589 1575 676 1606 vota
705 1576 942 1615 sanctornm,
971 1576 1030 1615 ut,
1057 1570 1137 1606 sive
1165 1570 1237 1607 mei
1266 1569 1408 1608 Christi
1435 1583 1530 1609 con·
1555 1579 1559 1581 ’

204 1627 369 1663 cesseris
406 1624 627 1672 adventum,
668 1626 732 1664 filii
772 1627 952 1672 hominis,
991 1639 1064 1678 qno
1098 1626 1196 1664 mala
1227 1627 1462 1664 imminentia
1494 1628 1532 1665 ei

203 1681 388 1734 deputes,
428 1696 524 1734 quae
562 1682 765 1722 adventum
804 1685 885 1721 eius
923 1682 1182 1730 antecedunt,
1223 1685 1378 1734 cogaris
1414 1685 1532 1723 etiam

200 1740 303 1778 bona
330 1740 365 1778 ei
393 1739 629 1787 adscribere,
658 1755 753 1792 quae
780 1741 826 1779 ab
854 1740 1019 1779 adventu
1046 1742 1127 1779 eius
1154 1742 1341 1788 oriuntur,
1369 1739 1450 1780 sive
1475 1742 1533 1780 tui

201 1798 404 1844 malueris,
444 1811 516 1849 quo
554 1798 655 1836 bona
693 1800 729 1837 ei
766 1798 987 1844 adscribas,
1027 1812 1123 1850 quae
1161 1799 1208 1836 ab
1245 1797 1412 1842 adventu
1449 1800 1532 1838 eius

204 1856 435 1903 oriuntur,¹)
465 1857 620 1906 cogaris
645 1857 743 1894 mala
770 1869 919 1908 quoque
935 1856 969 1894 ei
986 1855 1186 1907 deputare,
1214 1869 1312 1908 quae
1326 1855 1532 1895 adventum

203 1913 285 1949 cius
317 1911 561 1951 antecedunt.
622 1913 714 1951 Tam
753 1915 851 1951 enim
885 1914 980 1952 mala
1009 1914 1222 1952 cohaerent
1252 1913 1431 1952 adventui
1464 1913 1532 1952 lilii

202 1968 367 2007 hominis
393 1969 680 2018 antecedendo,
708 1970 816 2023 quam
844 1979 883 2010 ct
908 1972 1006 2010 bona
1034 1970 1315 2024 subsequendo,
1377 1971 1530 2019 Quaere

203 2026 334 2076 igitur,
363 2039 471 2077 quem
498 2040 547 2064 ex
573 2027 721 2066 duobus
742 2029 903 2067 Christis
930 2030 1141 2068 constituas
1167 2030 1203 2067 in
1229 2041 1396 2081 persona
1420 2030 1531 2080 unius

204 2083 273 2121 filii
299 2083 474 2130 hominis,
507 2085 544 2121 in
571 2098 679 2136 quam
707 2093 866 2138 utraque
892 2086 1093 2139 dispositio
1119 2087 1325 2126 referatur.
1385 2083 1466 2124 Aut
1491 2093 1532 2125 et

206 2147 423 2178 creatorem
450 2142 630 2192 optimum
662 2150 728 2181 aut
759 2151 798 2183 et
824 2144 933 2182 deum
965 2152 1067 2183 tuum
1093 2158 1270 2197 asperum
1297 2142 1436 2182 dedisti
1463 2157 1531 2183 na-

204 2204 303 2236 tura.
366 2197 407 2236 In
444 2212 609 2246 summa,
654 2201 770 2252 ipsius
808 2203 1014 2253 parabolae
1053 2201 1258 2241 considera
1300 2201 1528 2254 exemplum.
1546 2202 1557 2208 ”

204 2255 349 2306 Aspice
377 2256 486 2293 ficum
514 2263 554 2294 et
584 2258 744 2296 arbores
767 2272 925 2307 omnes,
966 2273 1049 2299 eum
1087 2261 1252 2299 fructum
1283 2259 1528 2312 protulerint,

204 2312 422 2364 intelligunt
459 2313 632 2353 homines
670 2323 854 2355 aestatem
893 2319 1239 2370 appropinquasse3
1291 2318 1347 2356 sic
1385 2324 1426 2356 et
1461 2329 1529 2356 vos

207 2382 288 2407 cum
320 2369 495 2409 videritis
526 2371 623 2411 haec
663 2373 764 2421 fleri,
803 2376 942 2414 scitote
976 2376 1014 2413 in
1051 2377 1225 2427 proximo
1258 2387 1343 2413 esse
1369 2375 1528 2425 regnum

206 2425 281 2464 dei.
310 2428 347 2475 3)
423 2427 464 2466 Si
519 2430 620 2468 enim
675 2431 996 2471 fructificationes
1045 2433 1332 2471 arbuscularum
1380 2432 1529 2482 signum

299 2519 334 2558 1)
362 2519 468 2552 Rhen.
499 2523 551 2553 ed.
570 2524 594 2553 1.
620 2527 849 2556 erecturus
877 2541 925 2547 —
949 2525 1176 2556 levaturus
1206 2540 1244 2545 —-
1270 2523 1529 2562 redemptus.

207 2563 243 2602 2)
281 2564 341 2594 Vv.
379 2566 468 2597 sive
493 2568 559 2598 tui
587 2570 790 2602 malueris
810 2588 832 2593 ν
874 2571 1075 2603 oriuntur
1098 2570 1222 2602 desunt
1244 2569 1279 2599 in
1300 2569 1407 2601 Rhen.
1430 2569 1481 2602 ed.
1503 2571 1528 2602 Ι.

208 2610 244 2646 3)
272 2610 355 2642 Luc.
370 2613 424 2651 21,
441 2614 607 2646 29-31,
