1566 2808
150 177 259 214 14⁰
412 178 537 210 ADV.
576 177 934 209 MARCIONEM
970 177 1146 208 LIBER
1169 178 1226 210 111.

153 271 308 310 scilicet
334 268 409 316 dei,
437 271 599 321 gloriam
625 270 726 321 patri
752 268 826 308 deo
851 270 1057 316 relaturos,
1085 269 1251 321 psalmus
1275 270 1482 320 vigesimus

152 329 297 380 primus
313 328 428 373 canit,
456 340 505 365 ex
524 339 692 378 persona
717 327 835 378 ipsius
850 326 994 365 Christi
1021 326 1068 364 ad
1094 333 1262 378 patrem:
1291 326 1482 365 enarrabo

157 397 295 423 nomen
327 391 429 422 tuum
461 383 647 424 fratribus
678 385 813 429 meis,
836 385 874 421 in
918 383 1045 422 medio
1079 384 1273 422 ecclesiae
1305 384 1484 436 hymnum

156 442 227 480 tihi
259 441 397 479 dicam.
450 440 560 489 Quod
593 442 692 480 enim
725 442 763 479 in
795 442 948 479 nomine
982 448 1022 480 et
1052 442 1187 492 spiritu
1220 441 1337 493 ipsius
1369 440 1484 479 hodie

158 500 242 538 fieri
268 498 454 545 hahebat,
489 499 627 537 merito
661 512 681 536 a
709 511 749 537 se
776 499 943 536 futurum
969 498 1234 550 praedicabat.
1296 497 1347 536 Et
1371 498 1486 550 paulo

158 557 276 595 infra:
304 569 327 594 a
352 563 390 594 te
418 556 499 594 laus
524 556 615 594 mihi
640 556 678 593 in
705 557 875 594 ecclesia
902 569 1054 607 magna.
1103 555 1216 594 Et'in
1242 556 1486 606 sexagesimo

160 615 343 666 septimo:
378 614 414 651 in
443 614 622 652 ecclesiis
648 613 871 652 benedicite
898 612 1092 653 dominum
1119 612 1249 660 deum3
1275 620 1318 651 ut
1341 613 1489 664 pariter

162 678 416 710 concurreret
441 678 481 710 et
505 671 723 709 Malachiae
750 664 974 723 prophetia:
1002 685 1078 709 non
1105 677 1164 709 est
1187 671 1364 709 voluntas
1389 682 1487 726 mea,

161 729 257 767 dicit
283 728 475 774 dominus,
509 736 548 766 et
572 729 767 767 sacrificia
799 736 928 767 vestra
960 742 1036 766 non
1068 729 1275 780 accipiam3
1311 728 1488 779 quoniam

163 787 209 825 ab
238 793 325 824 ortu
350 786 441 824 solis
476 798 594 837 usque
627 786 671 825 in
700 799 880 823 occasum
914 798 1053 823 nomen
1080 798 1201 823 meum
1230 785 1489 835 glorificatum

164 851 223 883 est
253 845 291 881 in
318 843 555 889 nationibus,
589 850 629 881 et
659 844 697 881 in
730 844 832 881 omni
860 843 947 881 loco
975 843 1205 881 sacrificium
1232 843 1375 880 nomini
1402 854 1488 880 meo

165 902 345 947 offertur,
373 907 413 938 et
438 900 670 938 sacrificium
698 899 873 938 mundum
897 902 954 949 1),
988 901 1138 950 gloriae
1171 900 1324 937 scilicet
1349 899 1489 938 relatio

165 966 205 997 et
233 957 456 997 benedictio
496 965 535 996 et
579 958 660 996 laus
698 965 738 996 et
769 958 910 1009 hymni.
969 957 1073 1004 Quae
1108 957 1232 994 omnia
1266 969 1350 995 cum
1382 957 1420 997 in
1451 963 1490 994 te

166 1029 318 1068 quoque
351 1014 709 1066 deprehendantur,
744 1022 784 1053 et
814 1015 1051 1065 signaculum
1083 1015 1263 1052 frontium
1297 1021 1337 1052 et
1362 1013 1492 1060 eccle-

166 1075 307 1113 siarum
334 1079 576 1110 sacramenta
614 1079 654 1110 et
679 1071 888 1110 munditiae
921 1072 1219 1118 sacrificiorum,
1259 1069 1379 1110 debes
1416 1072 1491 1109 iam

167 1130 446 1181 erumpere,uti
463 1128 582 1175 dicas,
592 1130 764 1181 spiritum
775 1130 964 1167 creatoris
979 1137 1043 1167 tuo
1055 1128 1208 1167 Christo
1223 1128 1491 1180 prophetasse.

283 1189 352 1229 23.
402 1185 533 1233 Nunc,
562 1188 649 1238 quia
676 1199 759 1224 cum
787 1185 939 1224 Iudaeis
971 1199 1090 1237 negas
1121 1186 1273 1224 venisse
1301 1185 1493 1224 Christum

169 1258 315 1291 eorum,
342 1256 586 1294 recognosce
614 1251 653 1282 et
678 1244 819 1282 exitum
848 1245 1028 1295 ipsorum,
1057 1256 1165 1295 quem
1192 1250 1280 1295 post
1302 1243 1494 1282 Christum

169 1302 331 1341 relaturi
357 1301 684 1353 praedicabantur
716 1302 764 1339 oh
792 1302 1047 1353 impietatem,
1088 1315 1160 1354 qua
1186 1314 1270 1339 eum
1303 1299 1494 1353 despexe-

169 1362 259 1398 runt
292 1367 337 1397 et·
362 1360 652 1397 interemerunt.
721 1358 886 1397 Primum
919 1360 1018 1397 enim
1046 1372 1096 1397 ex
1126 1358 1208 1405 die,
1249 1372 1322 1410 qua
1356 1357 1495 1397 secun-

171 1417 257 1455 dum
285 1416 435 1454 Esaiam
463 1417 631 1467 proiecit
661 1416 776 1454 homo
803 1424 1098 1467 aspernamenta
1124 1429 1191 1454 sua
1216 1429 1335 1454 aurea
1367 1423 1407 1454 et
1431 1429 1495 1454 ar-

172 1481 331 1526 gentea,
360 1486 456 1524 quae
482 1474 662 1511 fecerunt
686 1473 893 1511 adorandis
918 1474 1025 1511 vanis
1051 1481 1090 1512 et
1114 1473 1267 1511 noctuis
1279 1474 1333 1522 2),·
1356 1472 1395 1511 id
1422 1480 1493 1520 est,

173 1545 222 1571 ex
247 1545 320 1583 quo
360 1543 480 1581 genus
512 1530 723 1577 hominum,
757 1529 967 1570 dilucidata
998 1543 1068 1582 per
1100 1530 1290 1569 Christum
1315 1531 1494 1577 veritate,

172 1589 276 1628 idola
301 1589 487 1640 proiecit:
513 1588 621 1635 vide,
648 1601 696 1629 an
724 1587 825 1639 quod
851 1589 1024 1639 sequitur
1049 1594 1280 1640 expunctum
1306 1589 1374 1635 sit3
1408 1588 1496 1627 abs-

173 1648 260 1685 tulit
297 1647 395 1684 enim
434 1645 608 1684 dominus
646 1646 807 1684 sabaoth
845 1659 867 1683 a
906 1645 1047 1684 Iudaea
1086 1653 1126 1684 et
1171 1646 1217 1684 ab
1256 1645 1496 1684 Hierusalem

173 1706 276 1742 inter
313 1711 447 1742 cetera
489 1711 529 1742 et
565 1704 790 1755 prophetam
830 1710 869 1741 et
912 1704 1122 1754 sapientem
1166 1703 1495 1750 architectum³)‚

175 1763 348 1813 spiritum
374 1762 527 1809 scilicet
552 1767 742 1807 sanctum,
771 1761 832 1812 qui
859 1760 1041 1799 aedificat
1066 1755 1294 1807 ecclesiam,
1317 1760 1497 1813 templum

176 1820 327 1858 scilicet
352 1825 391 1857 et
416 1818 567 1857 domum
593 1825 633 1857 et
652 1819 845 1858 civitatem
872 1817 947 1856 dei.
998 1818 1096 1856 Nam
1123 1817 1262 1856 exinde
1287 1817 1386 1870 apud
1411 1818 1499 1856 illos

115 1908 117 1910 .
177 1877 327 1915 destitit
353 1875 415 1914 dei
441 1877 587 1927 gratia,
626 1883 665 1915 et
690 1875 907 1914 mandatum
940 1883 1000 1914 est
1030 1876 1208 1922 nubibus,
1247 1889 1295 1914 ne
1322 1876 1500 1928 pluerent

178 1935 336 1972 imbrem
368 1947 483 1985 super
511 1935 661 1972 vineam
694 1932 919 1980 Sorech4),
952 1933 991 1971 id
1023 1941 1083 1971 est
1113 1933 1347 1972 coelestibus
1376 1932 1499 1972 bene-

179 1992 289 2035 ficiis,
318 2003 364 2028 ne
390 1992 642 2042 provenirent
667 1991 796 2030 domui
821 1991 990 2029 Israelis.
1041 1990 1207 2030 Fecerat
1232 1991 1331 2029 enim
1358 1991 1498 2042 spinas,
1542 2035 1547 2038 ,

179 2063 229 2088 ex
256 2048 390 2100 quibus
416 2047 607 2086 dominum
634 2056 904 2095 coronaverat,
933 2055 972 2087 et
997 2062 1072 2086 non
1091 2049 1299 2094 iustitiam,
1323 2046 1394 2085 sed
1421 2047 1500 2085 cla-

179 2119 344 2152 morem,
374 2118 446 2157 quo
479 2106 517 2143 in
544 2119 698 2144 crucem
725 2119 809 2149 eum
843 2113 1075 2144 extorserat.
1136 2105 1187 2143 Et
1211 2105 1266 2143 ita
1292 2104 1501 2145 subtractis

182 2165 452 2203 charismatum
484 2163 636 2201 roribus
668 2163 731 2201 lex
763 2171 802 2202 et
826 2164 1041 2215 prophetae
1072 2175 1191 2213 usque
1223 2161 1270 2200 ad
1303 2161 1498 2200 Ioannem.

180 2222 329 2261 Dehinc
356 2234 440 2259 cum
467 2233 513 2259 ea
538 2222 827 2272 perseverantia
852 2221 995 2258 furoris
1026 2226 1066 2258 et
1091 2232 1230 2258 nomen
1256 2218 1401 2258 domini
1427 2230 1503 2272 per

180 2282 285 2332 ipsos
327 2278 678 2330 blasphemaretur,
726 2279 847 2326 (sicut
883 2278 1064 2329 scriptum
1109 2284 1187 2316 est:
1232 2284 1393 2329 propter
1433 2289 1502 2314 vos

180 2337 467 2389 blasphematur
498 2349 637 2374 nomen
669 2348 792 2374 meum
825 2336 863 2373 in
895 2334 1114 2373 nationibus
1127 2336 1187 2383 5),
1220 2334 1267 2373 ab
1298 2334 1375 2372 illis
1400 2334 1500 2372 enim

182 2396 313 2446 coepit
349 2393 540 2444 infamia),
586 2401 625 2432 et
662 2399 808 2445 tempus
845 2391 1009 2440 medium
1046 2405 1069 2431 a
1104 2392 1262 2431 Tiberio
1297 2402 1416 2443 usque
1454 2389 1502 2429 ad

275 2533 312 2576 1)
333 2534 480 2565 Malach.
494 2534 524 2573 1,
542 2535 583 2565 10
599 2543 648 2572 sq.
727 2529 763 2575 2)
784 2533 849 2566 les.
864 2533 896 2572 2,
912 2532 966 2564 20.
982 2532 1024 2562 cf.
1039 2530 1146 2561 LXX.
1218 2528 1254 2568 3)
1275 2529 1337 2560 les.
1353 2529 1385 2570 3,
1400 2529 1419 2559 1
1433 2537 1506 2567 sqq.

183 2578 221 2620 4)
249 2581 310 2609 les.
327 2581 357 2619 5,
374 2582 404 2610 6.
502 2581 537 2620 5)
562 2581 625 2611 les.
640 2579 694 2616 52,
711 2580 741 2611 5.
