1604 2800
147 200 251 239 224
661 198 736 228 DE
773 199 970 231 ΑΝιΜΑ.

141 296 228 347 ‚ipse
254 289 475 331 loricandus
486 290 527 339 ¹)
554 301 627 328 nec
652 297 694 328 ut
718 291 800 342 ipse
827 290 1097 340 tibicinandus,
1124 291 1194 333 sed
1218 296 1480 337 tantummodo

147 348 419 396 continendus,
459 348 547 400 quia
583 361 660 386 non
697 348 811 387 aliter
849 350 1040 388 contineri
1076 351 1199 402 possit
1229 349 1480 405 quamdomo

144 410 256 449 fulta.
296 406 480 459 Alioquin
507 405 641 444 licebit
665 406 814 446 animae
841 406 989 460 dilapsa
1015 406 1129 447 domo
1155 422 1206 449 ex
1231 408 1480 453 destitutione

143 466 388 520 propriorum
419 462 674 502 subsidiorum
707 465 889 504 incolumi
915 465 1043 513 abire,
1077 466 1235 507 habenti
1260 482 1328 508 sua
1353 470 1482 510 firma-

143 530 272 564 menta
316 530 355 562 et
397 522 577 575 propriae
623 520 857 561 conditionis
899 523 1105 572 alimenta,
1142 526 1482 575 immortalitatem,

144 581 470 627 rationalitatem,
519 580 831 628 sensualitatem,
881 580 1282 633 intellectualitatem,
1332 585 1483 625 arbitrii

144 639 375 679 libertatem.
1012 639 1014 641 ’

260 701 328 740 39.
381 696 486 745 Quae
514 696 641 735 omnia
666 698 846 737 nativitus
871 699 1020 738 animae
1047 700 1189 740 collata
1213 699 1327 748 idem,
1356 702 1419 754 qui
1444 702 1484 740 in

144 754 356 808 primordio
388 753 542 801 invidit,
581 768 680 793 nunc
719 769 869 808 quoque
903 757 1105 796 obumbrat
1134 765 1248 811 atque
1281 757 1483 811 depravat,

146 813 345 864 quominus
376 819 442 850 aut
472 811 573 849 ultro
604 814 891 864 prospiciantur
921 822 987 853 aut
1018 828 1092 867 qua
1129 823 1286 869 oportet
1321 815 1483 856 admini-

146 876 330 908 strentur.
353 869 390 916 2)
467 867 538 906 Cui
576 870 675 907 enim
712 870 905 909 hominum
943 886 1019 910 non
1056 872 1286 913 adhaerebit
1327 875 1483 926 spiritus

146 940 330 978 nequam,
362 925 409 964 ab
442 926 525 977 ipsa
550 926 665 964 etiam
691 926 805 964 ianua
830 930 1040 967 nativitatis
1065 931 1210 969 animas
1235 931 1483 984 aucupalmn-

146 984 228 1031 dus,
255 983 316 1023 vel
343 996 416 1035 qua
440 983 632 1030 invitatus,
662 989 742 1022 tota
767 984 833 1022 illa
859 987 1053 1037 puerperii
1079 989 1380 1039 superstitione?
1423 987 1484 1028 Ita

147 1054 279 1081 omnes
304 1039 526 1079 idololatria
553 1040 764 1080 obstetrice
790 1050 1010 1090 nascuntur,
1037 1042 1122 1081 dum
1144 1045 1216 1095 ipsi
1237 1044 1362 1084 adhuc
1383 1047 1484 1084 uteri

144 1100 275 1138 infulis
306 1096 406 1151 apud
437 1096 541 1136 idola
574 1098 764 1147 confectis
795 1098 963 1138 redimiti
1001 1101 1195 1151 genimina
1225 1115 1294 1141 sua
1324 1101 1484 1142 daemo-

144 1158 295 1195 niorum
339 1154 545 1194 candidata
586 1156 839 1207 profitentur,
886 1155 971 1195 dum
1009 1159 1047 1196 in
1083 1165 1196 1210 partu
1233 1158 1405 1199 Lucinae
1443 1167 1486 1200 et

146 1214 294 1253 Dianae
320 1213 497 1260 eiulatur,
531 1211 617 1251 dum
643 1226 714 1265 per
739 1221 857 1253 totam
883 1214 1162 1255 hebdomadam
1189 1216 1325 1257 Iunoni
1349 1230 1483 1258 mensa

145 1272 387 1324 proponitur,
416 1269 503 1309 dum
527 1271 660 1309 ultima
686 1270 748 1310 die
774 1273 854 1310 fata
880 1272 1088 1312 scribunda
1113 1273 1365 1323 advocantur,
1394 1274 1483 1315 dum

147 1330 270 1382 prima
295 1329 411 1368 etiam
437 1330 661 1368 constitutio
689 1330 843 1368 infantis
868 1343 985 1383 super
1009 1338 1152 1370 terram
1178 1331 1354 1373 Statinae
1383 1331 1482 1373 deae

147 1400 298 1426 sacrum
330 1393 401 1425 est.
471 1386 562 1434 Quis
594 1400 670 1424 non
702 1386 842 1426 exinde
875 1395 941 1427 aut
972 1395 1091 1428 totum
1128 1390 1198 1429 filii
1224 1397 1340 1443 caput
1362 1391 1487 1430 reatui

149 1451 283 1490 vovet,
315 1451 382 1481 aut
414 1443 579 1493 aliquem
612 1445 758 1495 excipit
789 1446 952 1492 crinem,
985 1454 1051 1485 aut
1077 1453 1159 1485 tota
1183 1449 1372 1487 novacula
1396 1461 1487 1501 pro-

151 1507 272 1546 secat,
299 1506 365 1537 aut
386 1500 579 1537 sacrificio
601 1499 760 1550 obligat,
787 1508 853 1539 aut
872 1515 985 1540 sacro
1007 1504 1198 1555 obsignat,
1225 1519 1296 1558 pro
1317 1507 1486 1558 gentica,

149 1570 221 1610 pro
247 1557 361 1603 avita,
388 1568 458 1607 pro
486 1555 652 1606 publica,
679 1564 744 1594 aut
769 1559 919 1608 privata
945 1558 1165 1600 devotione.
1212 1562 1279 1601 Sic
1305 1564 1424 1615 igitur
1448 1570 1489 1603 et

152 1614 355 1656 Socratem
382 1626 540 1665 puerum
565 1611 689 1652 adhue
715 1615 871 1666 spiritus
898 1614 1145 1656 daemonicus
1170 1619 1336 1667 invenit3
1365 1621 1421 1659 sie
1447 1627 1488 1659 et

151 1671 324 1710 omnibus
344 1671 449 1722 genii
469 1669 713 1722 deputantur,
741 1671 843 1723 quod
870 1671 1096 1712 daemonum
1123 1688 1262 1714 nomen
1282 1683 1359 1724 est3
1386 1675 1486 1716 adeo

151 1729 253 1767 nulla
283 1729 404 1767 ferme
437 1728 615 1766 nativitas
641 1727 780 1767 munda
806 1736 883 1776 est,
915 1731 1045 1782 utique
1072 1732 1326 1771 ethnicorum.
1389 1732 1487 1774 Hinc

151 1786 251 1825 enim
275 1793 314 1825 et
333 1785 529 1838 apostolus
550 1798 599 1824 ex
618 1786 861 1825 sanctificato
883 1787 1071 1826 alterutro
1097 1802 1192 1828 sexu
1216 1797 1372 1830 sanctos
1395 1803 1489 1843 pro-

153 1845 280 1883 creari
311 1844 384 1890 ait,
418 1850 491 1881 tam
525 1856 574 1882 ex
604 1844 759 1882 seminis
790 1846 1082 1897 praerogativa,
1122 1859 1231 1899 quam
1263 1860 1313 1887 ex
1337 1849 1490 1894 institue

152 1902 266 1940 tionis
298 1900 514 1953 disciplina.
589 1900 789 1949 Ceterum,
828 1903 967 1955 inquit,
1006 1904 1188 1944 immundi
1219 1913 1486 1954 nascerentur,

153 1960 259 2011 quasi
291 1958 514 2010 designatos
545 1966 674 1998 tamen
710 1961 906 1998 sanctitati
937 1973 983 1999 ac
1015 1974 1086 2013 per
1111 1962 1189 2002 -hoc
1220 1964 1336 2002 etiam
1373 1964 1487 2003 saluti

152 2016 314 2067 intelligi
342 2016 474 2055 volens
506 2015 674 2055 fidelium
706 2017 824 2064 filios,
859 2025 900 2056 ut
925 2018 1034 2057 huius
1059 2021 1142 2072 spei
1166 2021 1329 2072 pignora
1356 2022 1487 2061 matri·

153 2075 301 2121 moniis,
329 2087 425 2126 quae
446 2073 649 2113 retinenda
671 2083 888 2122 censuerat,
915 2078 1265 2127 patrocinarentur.
1300 2077 1486 2130 Alioquin

152 2132 378 2170 meminerat
391 2131 608 2170 dominicae
623 2131 876 2172 definitionis:
898 2134 970 2172 nisi
985 2135 1069 2186 quis
1082 2141 1264 2174 nascatur
1274 2148 1326 2174 ex
1338 2148 1438 2188 aqua
1446 2142 1487 2175 et

153 2190 299 2240 spiritu,
321 2203 396 2228 non
410 2189 586 2228 introibit
599 2191 636 2228 in
651 2203 811 2242 regnum
825 2189 947 2240 dei‚³)
975 2191 1014 2230 id
1029 2199 1100 2239 est,
1123 2206 1198 2231 non
1219 2193 1293 2231 erit
1314 2200 1483 2232 sanctus.

267 2248 386 2295 40-4)
449 2246 507 2286 Ita
533 2248 653 2286 omnis
684 2249 810 2286 anima
840 2261 888 2287 eo
919 2261 1038 2301 usque
1071 2250 1109 2287 in
1133 2249 1258 2289 Adam
1291 2257 1484 2298 censetur,

154 2301 277 2342 donec
303 2305 341 2342 in
368 2304 521 2342 Christo
547 2312 817 2354 recenseatur3
833 2307 870 2356 ⁵)
911 2305 1053 2345 tamdiu
1078 2306 1280 2356 immunda,
1308 2306 1486 2360 quamdiu

247 2416 282 2455 1)
305 2416 360 2447 Sic
387 2418 512 2460 Latin„
537 2419 623 2460 mg„
651 2420 772 2462 Semi-3
805 2421 928 2452 ceteri:
961 2421 1227 2461 gloriandum
1322 2423 1359 2463 2)
1386 2423 1484 2459 Quae

156 2464 347 2496 sequuntur
366 2462 401 2492 in
420 2464 485 2496 hoc
506 2475 581 2504 cap.
599 2465 635 2496 in
654 2466 762 2498 Rben.
777 2469 810 2497 et
824 2467 899 2498 Gel.
915 2467 987 2499 edd.
1002 2467 1172 2507 inscripta
1191 2470 1288 2501 sunt:
1312 2468 1484 2500 Nullam

155 2513 286 2542 paene
313 2508 488 2540 animam
514 2512 605 2542 sine
632 2511 856 2544 daemonio
883 2522 987 2544 esse.
1085 2513 1176 2555 3)10.
1192 2516 1224 2554 3,
1241 2517 1271 2545 5.
1349 2512 1389 2557 4)
1407 2515 1482 2545 Hoc

155 2558 230 2588 cap.
244 2551 278 2580 in
294 2552 396 2583 Rhen.
413 2558 446 2585 et
461 2556 533 2587 Gel.
547 2557 620 2589 edd.
642 2558 846 2596 inscriptum
867 2560 934 2591 est:
960 2559 1177 2596 Quomodo
1203 2569 1302 2593 caro
1327 2568 1483 2600 peeca-

154 2595 240 2625 trix
267 2595 443 2629 dicatur.
539 2601 575 2645 5)
590 2603 873 2646 Rom.5,14.21.
