1604 2800
144 224 247 261 814
648 219 719 250 DE
750 216 949 251 AanA.

146 317 289 356 cabulis
309 321 405 360 utar,
433 311 564 365 quibus
589 319 738 350 auctrix
764 311 981 362 opinionum
1008 307 1318 358 istarummagia'
1336 314 1459 356 sonat,

146 372 383 418 Hostanes¹)
411 377 449 408 et
473 368 634 422 Typhon
660 376 699 407 et
718 366 916 406 Dardanus
941 373 981 404 et
999 364 1231 415 Damigeron
1258 370 1299 402 et
1317 363 1461 410 Necte.-
1511 390 1514 392 -

144 431 200 468 bis
227 437 266 468 et
290 428 492 467 Berenice.
560 425 716 464 Publica
747 426 821 463 iam
853 425 1052 462 literatura
1082 428 1158 468 est,
1191 433 1287 473 quae
1318 422 1462 460 animas

143 488 257 525 etiam
289 487 387 524 iusta
418 491 545 523 aetate
578 484 740 534 sopitas,
779 482 892 520 etiam
929 479 1050 532 proba
1086 485 1208 517 morte
1241 477 1462 525 disiunctas,

144 545 256 582 ctiam
283 549 456 595 prompta
483 542 699 579 humatione
725 538 963 591 dispunctas,
997 542 1241 575 evocaturam
1267 547 1307 574 se
1333 535 1380 575 'ab
1406 535 1463 574 in-

143 601 264 639 ferum
301 600 470 638 incolatu
506 598 721 650 pollicetur.
802 595 899 644 Quid
941 607 1036 645 ergo
1074 592 1243 631 dicemus
1279 593 1465 643 magiam?

144 656 243 709 quod
282 669 411 694 omnes
447 667 588 707 paene,
626 654 833 693 fallaciam.
909 650 985 690 Sed
1018 651 1117 689 ratio
1148 650 1324 688 fallaciae
1361 649 1465 688 solos

143 728 219 752 non
252 715 347 764 fugit
373 713 629 757 Christianos,
663 712 725 763 qui
751 709 938 762 spiritalia
963 708 1174 759 nequitiae,
1206 719 1282 744 non
1314 705 1464 758 quidem

143 772 250 809 socia
277 770 526 815 conscientia,
559 767 627 807 sed
652 769 806 806 inimica
832 767 992 805 scientia
1018 765 1201 810 novimus,
1233 776 1304 802 nec
1330 764 1466 802 invita-

145 828 245 864 toria
277 827 520 876 operatione,
559 824 627 862 sed
659 824 938 876 expugnatoria
970 821 1228 860 dominatione
1260 826 1467 859 tractamus

146 883 413 921 multiformem
440 882 538 919 luem
565 882 700 918 mentis
726 880 923 924 humanae,
951 879 1068 916 totius
1094 877 1238 915 erroris
1263 877 1464 929 artificem,

146 940 277 978 salutis
302 940 449 990 pariter
474 939 697 988 animaeque
721 936 966 974 vastatricem
992 934 1191 973 scientiam
1217 933 1378 984 magiae,
1406 945 1467 971 sc-

145 995 293 1035 cundae
332 996 482 1033 scilicet
518 993 780 1039 idololatriae,
819 993 856 1030 iu
888 1004 961 1042 qua
991 1003 1032 1029 se
1065 989 1270 1029 daemones
1306 987 1466 1040 perinde

145 1060 314 1091 mortuos
348 1052 509 1102 fingunt,
542 1048 855 1101 quemadmodum
888 1049 925 1085 in
957 1047 1021 1084 illa
1053 1046 1176 1093 deos3·
1199 1044 1353 1097 quidni?
1383 1058 1466 1084 cum

145 1117 185 1148 et
209 1109 262 1147 dii
289 1109 441 1147 mortui.
495 1107 626 1158 Itaque
652 1107 878 1144 invocantur
903 1102 1052 1155 quidem
1078 1099 1198 1155 ἄωροι
1223 1109 1262 1140 et
1285 1099 1468 1156 βιαιοθοί-

142 1181 252 1206 vato:
276 1166 344 1203 sub
371 1165 436 1203 illo
464 1163 553 1202 fidei
579 1169 818 1215 argumento,
846 1160 946 1213 quod
973 1158 1160 1199 credibile
1185 1157 1374 1206 videatur,
1400 1172 1467 1198 eas

144 1224 377 1274 potissimum
403 1223 546 1260 animas
571 1220 619 1259 ad
644 1222 717 1258 vim
743 1227 783 1258 et
807 1219 980 1257 iniuriam
1006 1218 1151 1264 facere,
1184 1229 1276 1268 quas
1299 1229 1370 1267 per
1393 1217 1466 1255 vim

145 1288 183 1318 et
203 1281 377 1318 iniuriam
397 1292 531 1318 saevus
551 1285 590 1317 et
609 1280 827 1316 immaturus
849 1276 932 1314 finis
952 1275 1115 1314 extorsit
1140 1274 1246 1325 quasi
1271 1272 1319 1311 ad
1343 1274 1466 1312 vicem

145 1337 328 1375 offensae.
392 1335 469 1374 Sed
495 1335 700 1374 daemones
726 1340 936 1386 operantur
959 1331 1028 1371 sub
1054 1331 1212 1369 obtentu
1244 1342 1394 1376 earum,
1425 1337 1467 1368 et

144 1394 182 1430 hi
207 1394 268 1431 vel
294 1393 474 1437 maxime,
508 1394 569 1443 qui
602 1393 640 1430 in
667 1393 756 1442 ipsis
788 1398 876 1429 tunc
908 1391 1080 1435 fuerunt,
1113 1401 1196 1426 cum
1229 1386 1464 1432 adviverent,

147 1451 284 1500 quique
311 1450 395 1486 illas
420 1449 458 1485 in
485 1447 697 1486 huiusmodi
722 1449 962 1498 impegerant
987 1447 1127 1485 exitus.
1189 1443 1287 1484 Nam
1313 1450 1354 1483 et
1377 1456 1466 1495 sug-

143 1507 342 1555 gessimus,
375 1505 514 1542 nullum
540 1517 660 1555 paene
688 1504 876 1541 hominem
903 1516 1038 1541 carere
1064 1501 1286 1548 daemonio,
1319 1508 1359 1539 et
1383 1501 1466 1553 plu-

142 1562 247 1599 ribus
273 1568 400 1599 notum
432 1567 508 1607 est,
548 1559 832 1598 daemoniorum
866 1571 1014 1610 quoque
1041 1571 1160 1609 opera
1184 1565 1223 1596 et
1247 1560 1465 1596 immaturas

144 1625 183 1656 et
207 1625 361 1657 atroces
393 1617 489 1656 effici
521 1624 682 1661 mortes,
721 1629 812 1668 quas
849 1614 1063 1653 incursibus
1094 1613 1290 1665 deputant.
1357 1613 1464 1652 Hanc

144 1688 292 1726 quoque
324 1674 514 1713 fallaciam
541 1675 694 1725 spiritus
720 1685 880 1724 nequam
905 1672 972 1710 sub
999 1671 1173 1722 personis
1199 1669 1464 1708 defunctorum

142 1731 422 1777 delitescentis,
461 1732 533 1769 nisi
570 1730 700 1776 fallor,
739 1731 851 1768 etiam
883 1728 997 1766 rebus
1029 1727 1252 1778 probamus,
1290 1739 1399 1778 quum
1425 1727 1465 1764 in

141 1789 366 1826 exorcismis
387 1787 576 1833 interdum
601 1787 764 1838 aliquem
789 1798 830 1824 se
857 1798 906 1824 ex
931 1783 1152 1836 parentibus
1176 1783 1364 1835 hominem
1386 1783 1464 1821 suis

141 1845 311 1891 affirmat,
338 1844 525 1883 interdum
553 1843 805 1895 gladiatorem
829 1842 891 1880 vel
914 1841 1150 1886 bestiarium,
1182 1840 1283 1878 sicut
1306 1846 1347 1878 et
1371 1838 1463 1878 alibi

140 1901 263 1947 deum,
290 1902 383 1940 nibil
409 1902 529 1952 magis
554 1914 704 1946 curans,
732 1913 841 1951 quam
867 1899 940 1937 hoc
966 1899 1085 1950 ipsum
1112 1895 1333 1943 excludere,
1361 1895 1463 1948 quod

140 1957 417 2008 praedicamus,
446 1970 492 1996 ne
513 1958 628 1996 facile
649 1955 849 1996 credamus
869 1956 1012 1998 animas
1032 1955 1229 1992 universas
1249 1951 1297 1991 ad
1316 1953 1461 1992 inferos

138 2013 283 2064 redigi,
320 2021 362 2052 ut
397 2021 437 2052 et
466 2013 597 2053 iudicii
627 2021 667 2053 et
697 2012 991 2052 resurrectionis
1027 2009 1140 2049 fidem
1180 2009 1344 2048 turbent.
1410 2008 1461 2048 Et

136 2077 264 2108 tamen
301 2070 365 2108 ille
403 2069 582 2117 daemon,
620 2077 818 2123 postquam
838 2070 1146 2108 circumstantes
1183 2066 1458 2105 circumvenire

135 2128 317 2173 tentavit,
356 2127 534 2165 instantia
566 2127 715 2166 divinae
748 2127 896 2179 gratiae
925 2126 1067 2171 victus,
1104 2122 1144 2161 id
1175 2121 1276 2174 quod
1300 2123 1339 2161 in
1362 2134 1457 2161 vero

137 2190 198 2222 est
232 2185 370 2222 invitus
407 2184 622 2223 confitetur.
696 2183 762 2222 Sic
795 2190 834 2222 et
864 2184 901 2220 in
931 2182 996 2220 illa
1026 2181 1101 2219 alia
1133 2180 1262 2231 specie
1293 2179 1456 2230 magiae,

138 2253 235 2291 quae
259 2241 332 2278 iam
357 2241 598 2291 quiescentes
623 2242 766 2279 animas
791 2240 959 2279 evellere
984 2237 1032 2276 ab
1057 2237 1191 2275 inferis
1222 2234 1393 2275 creditur
1417 2243 1459 2274 et

139 2297 362 2348 conspectui
393 2295 594 2342 exhibere,
633 2311 708 2335 non
744 2298 819 2335 alia
854 2296 1031 2334 fallaciae
1069 2295 1125 2332 vis
1155 2299 1215 2332 est
1245 2293 1454 2345 operatior,

137 2354 249 2403 plane
276 2354 362 2403 quia
386 2360 426 2391 et
449 2353 669 2404 phantasma
699 2359 932 2405 praestatur,
965 2351 1050 2403 quia
1077 2357 1116 2389 et
1140 2362 1278 2400 corpus
1309 2347 1456 2400 affingi-

136 2416 216 2455 tur3
244 2421 314 2447 nec
340 2422 527 2460 magnum,
554 2410 609 2447 illi
635 2412 848 2448 exteriores
875 2408 1008 2447 oculos
1034 2405 1365 2451 circumscribere,
1392 2405 1453 2443 cui

138 2466 360 2503 interiorem
391 2467 525 2504 mentis
550 2467 671 2504 aciem
697 2478 910 2505 excaecare
936 2464 1122 2517 perfacile
1148 2470 1218 2502 est.
1280 2457 1454 2513 Corpora

230 2587 266 2631 1)
281 2590 370 2620 Get:
397 2591 423 2619 o
433 2592 553 2622 stane
563 2601 588 2622 s.
615 2575 667 2622 cf.
680 2591 781 2622 rnna
793 2591 872 2622 hist.
886 2593 956 2622 nat.
971 2591 1025 2629 30,
1039 2591 1070 2619 1.
1085 2590 1114 2619 2.
