1604 2800
167 198 274 237 320
623 198 750 230 ADv.
786 199 1064 232 IUDAEOS.

169 293 320 333 domum
347 290 505 330 domini.
523 290 560 342 ¹)
598 290 696 330 Nam
725 290 865 331 exinde
886 290 1036 331 destitit
1056 288 1157 343 apud
1178 290 1265 330 illos
1284 288 1348 331 dei
1367 292 1508 344 gratia.

168 352 216 390 Et
237 349 454 389 mandatum
475 356 535 388 est
555 349 729 396 nubibus,
758 363 805 389 ne
831 350 1009 402 pluerent
1033 349 1194 388 imbrem
1219 362 1336 402 super
1358 349 1510 389 vineam

169 408 334 456 Sorech,
349 410 387 456 2)
416 406 454 446 id
476 414 535 446 est
555 408 790 447 coelestibus
809 407 1024 455 beneficiis,
1052 421 1100 447 ne
1115 408 1367 460 provenirent
1381 406 1512 448 domui

168 467 305 506 Israel.
370 463 536 504 Fecerat
567 467 667 504 enim
700 467 848 518 spinas,
882 479 932 506 ex
964 465 1098 518 quibus
1125 465 1318 505 Christum
1345 478 1512 505 corona-

168 531 292 571 verat,
320 531 360 562 et
385 537 460 562 non
487 524 687 571 iustitiam,
721 523 790 563 sed
817 524 1044 571 clamorem,
1079 537 1153 576 quo
1180 524 1218 562 in
1245 536 1400 563 crucem
1427 530 1514 563 eu'm

170 589 402 623 extorserat.
465 581 514 620 Et
541 584 594 620 ita
626 583 835 622 subtractis
873 582 1114 622 charismatis
1150 581 1411 634 prioribus,³)
1450 581 1516 621 lex

170 649 211 679 et
236 640 449 692 prophetae
477 653 595 692 usque
622 640 671 679 ad
699 640 881 680 Ioannem
895 642 935 691 4)
962 641 1129 687 fuerunt,
1157 647 1197 679 et
1220 640 1369 692 piscina
1394 638 1515 679 Beth-

170 698 279 738 saida
316 711 434 749 usque
472 697 521 736 ad
558 698 762 737 adventum
796 698 959 746 Christi,
1000 697 1171 737 curando
1197 695 1440 736 valetudines
1465 695 1513 746 ab

171 756 307 803 lsrael,
342 755 457 795 desiit
482 770 505 794 a
531 755 731 795 beneficiis
759 756 920 804 deinde,
954 770 1038 796 cum
1065 770 1114 795 ex
1140 755 1431 808 perseverantia
1457 755 1517 794 fu-

170 815 273 852 roris
311 815 368 852 sui
406 827 545 852 nomen
590 813 734 852 domini
771 828 842 866 per
879 817 983 866 ipsos
1026 814 1379 866 blasphemaretur,
1418 813 1519 852 sicut

173 872 356 922 scriptum
390 878 466 908 est:
506 878 669 922 propter
694 885 762 910 vos
789 885 927 909 nomen
955 871 1017 910 dei
1043 872 1333 923 blasphematur
1357 871 1396 909 in
1422 883 1518 921 gen·
1564 884 1575 893 ·

173 929 287 966 tibus.
305 929 343 978 ⁵)
403 926 464 965 Ab
498 927 573 965 illis
599 929 699 966 enim
726 928 873 979 incepit
897 928 1073 976 infamia,
1105 935 1145 967 et
1177 935 1326 980 tempus
1351 927 1518 967 medium

173 999 193 1024 a
220 986 378 1024 Tiberio
405 998 524 1036 usque
552 984 601 1022 ad
628 985 920 1036 Vespasianum.
990 985 1063 1033 Qui
1089 999 1175 1024 cum
1201 986 1271 1023 ista
1287 986 1325 1032 6)
1360 986 1519 1024 commi-

174 1044 331 1089 sissent,
365 1055 437 1080 nec
470 1042 753 1080 intellexissent
780 1042 971 1081 Christum
998 1043 1036 1081 in
1062 1050 1236 1094 tempore
1263 1053 1356 1081 suae
1387 1043 1520 1083 visita-

174 1101 291 1139 tionis
306 1099 588 1146 inveniendum,
616 1100 719 1138 facta
741 1107 800 1138 est
814 1107 920 1139 terra
934 1113 1067 1139 eorum
1082 1099 1251 1148 deserta,
1278 1107 1319 1140 et
1343 1101 1521 1140 civitates

175 1172 308 1197 eorum
341 1159 421 1210 igni
453 1165 632 1206 exustae,
666 1159 849 1209 regiones
881 1160 1050 1212 ipsorum
1076 1160 1114 1197 in
1142 1165 1355 1211 conspectu
1387 1169 1522 1198 eorum

175 1217 354 1255 extranei
392 1215 644 1263 devorantes,
684 1215 875 1255 derelicta
913 1217 992 1255 filia
1025 1215 1121 1255 Sion
1151 1223 1332 1269 tanquam
1362 1215 1523 1270 specula

176 1276 214 1313 in
247 1275 359 1313 vinea
389 1275 451 1313 vel
482 1282 524 1312 ut
554 1275 593 1313 in
626 1276 893 1314 cucumerario
932 1273 1130 1327 casula,⁷)
1169 1288 1219 1314 ex
1256 1286 1330 1326 quo
1369 1275 1524 1314 scilieet

177 1332 300 1371 lsrael
327 1331 519 1370 dominum
547 1346 623 1371 non
645 1334 843 1384 cognovit,
872 1339 912 1372 et
931 1333 1094 1385 populus
1114 1345 1199 1371 eum
1218 1345 1295 1371 non
1315 1333 1521 1379 intellexit,

178 1389 247 1429 sed
268 1389 477 1441 dereliquit
496 1391 616 1441 magis
637 1398 677 1429 et
697 1390 745 1429 ad
767 1390 1070 1442 indignationem
1097 1391 1326 1443 provocavit
1350 1397 1524 1430 sanetum

178 1447 369 1499 lsrae1.8)
432 1446 498 1485 Sic
531 1455 571 1486 et
603 1448 833 1487 machaerae
873 1448 1147 1487 conditionalis
1186 1449 1453 1488 comminatiot
1492 1448 1525 1486 si

180 1505 384 1543 nolueritis
421 1517 494 1542 nee
534 1504 805 1552 obaudieritis,
845 1505 995 1556 gladius
1031 1520 1101 1545 vos
1140 1505 1392 1560 comedet.⁹)
1464 1505 1526 1545 Ex

182 1575 256 1613 quo
285 1560 511 1612 probamuS,
546 1562 790 1600 machaeram
817 1562 1010 1601 Christum
1041 1563 1178 1609 fuisse,
1218 1577 1329 1615 quem
1355 1577 1433 1602 non
1457 1577 1526 1602 au·

180 1618 323 1658 diendo
345 1619 556 1670 perierunt,
584 1620 647 1670 qui
667 1627 707 1658 et
726 1621 765 1658 in
785 1621 931 1672 psalmo
953 1619 1233 1672 dispersionem
1254 1621 1336 1659 eius
1355 1621 1527 1672 postulat

181 1691 205 1716 a
231 1684 340 1728 patre
379 1675 533 1714 dicens:
572 1675 755 1729 disperge
793 1678 880 1715 illos
912 1678 950 1716 in
981 1678 1124 1716 virtute
1163 1678 1326 1728 tua-1⁰)
1389 1677 1461 1726 Qui
1487 1684 1528 1717 et

181 1748 329 1773 rursum
367 1747 438 1785 per
470 1733 622 1772 Esaiam
661 1736 904 1773 exustionem
942 1748 1076 1774 eorum
1116 1742 1221 1774 orat:
1259 1741 1421 1788 propter
1451 1747 1526 1782 me,

181 1793 323 1844 inquit,
362 1792 460 1830 haee
498 1792 602 1831 facta
639 1800 727 1831 sunt
763 1793 892 1841 vobis,
931 1793 971 1831 in
1002 1791 1200 1832 afflietate
1233 1791 1527 1843 dormietis.¹¹)

184 1849 291 1889 Haec
318 1850 437 1902 igitur
462 1863 546 1889 cum
573 1852 654 1902 pati
679 1850 956 1903 praedicentur
976 1850 1111 1890 Iudaei
1135 1857 1297 1903 propter
1319 1850 1537 1898 Christum,

183 1915 224 1946 et
248 1921 382 1960 passos
408 1921 477 1947 eos
503 1921 589 1947 esse
616 1910 866 1956 inveniamus,
894 1917 934 1948 et
958 1910 996 1948 in
1023 1908 1303 1961 dispersionem
1331 1907 1529 1961 demorari

185 1979 405 2014 cernamus,
444 1967 686 2007 manifestum
724 1974 802 2014 est,
842 1975 1003 2020 propter
1035 1967 1228 2006 Christum
1267 1966 1422 2007 ludaeis
1453 1967 1529 2010 ista

184 2023 394 2071 accidisse,
429 2025 676 2077 conspirante
708 2038 822 2064 sensu
853 2027 1130 2077 scripturarum
1157 2037 1242 2064 cum
1267 2026 1375 2064 exitu
1399 2037 1529 2064 rerum

185 2091 226 2119 et
246 2081 391 2120 ordinis
412 2089 641 2134 temporum.
677 2081 758 2122 Aut
782 2084 814 2122 si
840 2083 1007 2122 nondum
1027 2083 1132 2123 venit
1153 2081 1340 2130 Christus,
1366 2088 1530 2134 propter

186 2152 297 2191 quem
323 2139 420 2178 haec-
452 2142 601 2192 passuri
632 2140 976 2193 praedicabantur,
1016 2154 1100 2180 eum
1130 2140 1300 2187 venerit,
1338 2151 1530 2191 ergopa-

184 2198 341 2237 tientur.
402 2197 454 2236 Et
477 2198 541 2237 ubi
567 2205 658 2237 tune
685 2199 764 2237 filia
790 2198 885 2238 Sion
911 2196 1184 2252 relinquenda,
1217 2210 1315 2249 quae
1347 2197 1529 2247 nullast)

186 2254 304 2294 hodie
343 2257 426 2294 est?
462 2256 528 2294 ubi
566 2257 743 2296 civitates
781 2256 1023 2304 exurendae,
1062 2268 1159 2309 quae
1189 2256 1266 2295 iam
1297 2257 1336 2295 in
1374 2254 1529 2296 tumulis

283 2382 319 2422 1)
334 2384 398 2415 les.
415 2385 446 2422 3,
463 2384 479 2413 1
491 2394 540 2422 sq.
600 2382 639 2427 2)
654 2386 717 2416 les.
727 2386 758 2424 5,
769 2387 806 2425 6,
862 2385 899 2425 3)
913 2385 971 2416 Sic
987 2383 1190 2416 codd-Fuld.
1204 2383 1239 2414 et
1252 2382 1408 2421 Divion.;
1422 2381 1530 2413 Rhea.

191 2436 281 2457 corr.
306 2430 488 2460 roribus.
559 2430 595 2468 4)
613 2432 695 2461 Luc.
711 2433 835 2472 16,16.
864 2431 985 2463 Matth.
1001 2432 1055 2470 11,
1073 2432 1128 2462 13.
1190 2430 1226 2469 5)
1246 2431 1310 2460 les.
1327 2429 1382 2468 52,
1399 2430 1430 2460 5.
1491 2426 1529 2465 6)

192 2473 249 2503 Sic
266 2474 340 2505 cod.
354 2474 470 2513 Fuld.;
497 2475 603 2506 Rhen.
619 2480 652 2507 et
667 2477 740 2517 Rig.
767 2477 885 2512 Quae
912 2487 929 2507 c
941 2486 1003 2507 um
1028 2477 1099 2508 ita.
1172 2474 1211 2518 7)
1227 2475 1288 2507 les.
1304 2476 1335 2516 1,
1348 2475 1427 2512 ’789-
1491 2471 1528 2511 8)

190 2518 234 2549 ib.
250 2528 279 2548 v.
296 2521 326 2551 3.
400 2519 437 2562 9)
453 2521 496 2553 ib.
510 2531 541 2553 v.
555 2524 610 2554 20.
693 2522 750 2560 10)
764 2523 818 2554 Pa.
835 2525 888 2561 59,
905 2524 956 2554 12.
1036 2524 1094 2563 11)
1109 2525 1172 2554 [es.
1187 2523 1244 2563 50,
1257 2522 1312 2552 11.
1398 2518 1458 2558 12)
1471 2517 1529 2549 Sic

194 2564 246 2616 ed.
266 2564 367 2599 Fran.
389 2569 423 2597 et
443 2567 535 2608 Rig.;
562 2569 669 2600 Rhen.
689 2569 740 2600 ed,
759 2571 783 2600 Ι.
811 2578 916 2608 quae
941 2569 1105 2608 invida5
1131 2568 1206 2602 cod.
1229 2569 1329 2599 Gora.
1357 2573 1462 2604 quae
1487 2564 1529 2596 in

194 2618 269 2641 via.
