1624 2826
184 192 295 229 3⁰ss
436 193 560 224 ADV.
596 192 957 224 MARCIONEM
993 192 1170 223 LIBER
1199 193 1240 223 V.

187 287 373 334 Quantum
399 286 499 323 enim
525 283 573 322 ad
598 283 871 331 substantiam,
909 285 1028 332 fecit,
1067 291 1244 337 quantum
1276 283 1325 323 ad
1350 287 1513 336 gratiam

187 342 370 382 condidit.
421 342 572 394 Inspice
599 348 638 380 et
664 342 927 382 cohaerentia.
977 343 1189 390 Memores,
1215 355 1284 382 vos
1309 342 1513 396 aliquando

186 403 362 440 nationes
388 402 426 439 in
452 413 588 447 carne,
628 400 690 451 qui
715 400 1054 452 appellabamini¹)
1083 401 1341 453 praeputium,
1379 401 1426 440 ab
1453 414 1512 448 ea,

187 473 283 512 quae
311 457 454 497 dicitur
479 458 723 497 circumcisio
750 459 788 496 in
814 471 931 497 carne
957 472 1070 497 manu
1094 459 1218 506 sacta,
1252 457 1353 510 quod
1379 461 1516 498 essetis

186 518 252 556 illo
279 518 318 555 in
344 524 517 568 tempore
543 517 626 555 sine
642 515 810 563 Christo,
837 517 994 555 alienati
1019 530 1042 554 a
1068 517 1364 555 conversatione
1392 515 1518 556 lsrae-

187 576 232 614 lis
258 582 298 614 et
323 575 519 626 peregrini
547 580 860 612 testamentorum
885 581 925 613 et
950 574 1214 626 promissionis
1239 587 1384 622 eorum,
1411 587 1517 627 spem

188 647 263 671 non
295 632 500 679 habentes,
540 638 580 670 et
610 632 691 670 sine
731 630 805 670 deo
837 632 875 670 in
901 630 1101 679 mundo.²)
1165 630 1257 671 Sine
1290 645 1364 684 quo
1391 638 1517 671 autem

188 690 262 729 deo
288 691 443 728 fuerunt
467 690 656 735 nationes,
685 696 724 727 et
748 689 830 728 sine
857 702 931 741 quo
959 689 1140 728 Christo?
1164 690 1294 741 utique
1319 702 1382 736 eo,
1410 690 1517 728 cuius

188 755 274 787 erat
310 749 554 785 conversatio
588 745 743 784 Israelis
781 753 821 785 et
852 753 1082 785 testamenta
1113 753 1154 786 et
1188 748 1406 798 promissio.
1467 745 1521 786 At

189 818 308 852 nunc,
346 804 491 855 inquit,
530 804 567 841 in
594 803 748 841 Christo
774 817 861 850 vos,
901 805 964 855 qui
990 805 1110 842 eratis
1136 804 1270 855 longe,
1308 805 1402 843 facti
1427 805 1521 844 estis

191 875 311 915 prope
344 863 381 900 in
408 862 593 912 sanguine
621 856 762 908 eiusssj
823 859 858 898 A
886 861 1020 912 quibus
1045 868 1158 900 erant
1187 868 1293 901 retro
1321 861 1462 912 longe?
1498 874 1520 899 a

191 920 325 972 quibus
356 932 470 971 supra
501 917 619 964 dicit,
669 931 692 956 a
725 917 878 956 Christo
912 920 1125 966 creatoris,
1164 932 1188 957 a
1225 920 1520 958 conversatione

191 977 357 1024 Israelis,
385 989 407 1015 a
434 977 691 1023 testamentis,
723 989 746 1013 a
771 988 839 1027 spe
866 977 1142 1027 promissionis,
1169 989 1193 1014 a
1218 974 1292 1014 deo
1318 977 1415 1027 ipso.
1478 974 1522 1014 Si

191 1036 287 1074 haec
314 1036 366 1072 ita
393 1041 497 1081 sunt,
537 1046 632 1084 ergo
659 1033 717 1071 his
742 1046 864 1084 prope
897 1034 990 1072 fiunt
1015 1047 1114 1072 nunc
1141 1034 1318 1072 nationes
1343 1034 1382 1071 in
1409 1032 1521 1072 Chri-

191 1100 271 1139 sto,
304 1106 326 1130 a
353 1092 486 1143 quibus
519 1098 608 1129 tunc
641 1090 755 1141 longe
782 1091 962 1130 fuerant..
1015 1089 1057 1129 Si
1083 1098 1209 1129 autem
1236 1091 1522 1130 conversationi

191 1149 365 1195 Israelis,
405 1155 588 1200 quaeest
613 1149 650 1186 in
676 1148 868 1199 religione
895 1147 958 1187 dei
985 1149 1192 1196 creatoris,
1219 1155 1260 1187 et
1283 1149 1525 1188 testamentis

191 1215 231 1247 et
268 1207 511 1259 promissioni
549 1212 589 1244 et
625 1207 697 1257 ipsi
735 1204 808 1244 deo
841 1219 973 1245 eorum
1007 1207 1172 1257 proximi
1202 1219 1329 1244 sumus
1360 1206 1454 1246 facti
1484 1199 1530 1245 inx

193 1265 367 1311 Christo,
413 1263 614 1302 ridiculum
646 1264 758 1310 satis,
804 1264 834 1301 si
870 1277 939 1302 nos
971 1264 1132 1302 alterius
1164 1262 1228 1302 dei
1259 1263 1434 1303 Christus
1473 1262 1522 1303 de

193 1323 400 1373 longinquo
428 1321 595 1359 admovit
621 1322 803 1360 creatori.
853 1320 1084 1360 Meminerat
1109 1321 1306 1374 apostolus
1331 1322 1386 1360 ita
1410 1334 1526 1374 prae-

194 1379 360 1418 dicatum
394 1378 441 1417 de
474 1380 669 1416 nationum
701 1379 907 1417 vocatione
940 1380 1223 1431 exsslonginquo
1247 1378 1521 1418 vocandarum.

195 1436 268 1483 Qui
295 1436 409 1486 longe
437 1442 548 1473 erant
572 1448 594 1472 a
620 1448 692 1482 me,
726 1437 1129 1487 appropinquaverunt
1154 1437 1321 1476 iustitiae
1347 1438 1521 1486 meae-⁴)

193 1493 286 1531 Tam
312 1493 410 1530 enim
438 1492 593 1538 iustitia,
622 1505 730 1543 quam
758 1499 797 1529 et
822 1505 897 1543 pax
922 1495 1123 1539 creatoris,
1150 1495 1188 1531 in
1203 1494 1358 1533 Christo
1379 1493 1526 1534 adnun-

195 1550 375 1596 tiabatur,
403 1556 443 1587 ut
467 1562 583 1600 saepe
610 1550 683 1587 iam
710 1547 957 1587 ostendimus.
1020 1549 1154 1601 Itaque
1179 1551 1261 1602 ipse
1289 1558 1360 1598 est,
1387 1552 1522 1603 inquit,

195 1621 270 1660 pax
295 1614 445 1653 nostra,
472 1608 535 1658 qui
561 1607 656 1645 fecit
681 1605 755 1644 duo
782 1620 913 1652 unum,
944 1606 1142 1645 Iudaicum
1168 1608 1321 1646 seilicet
1346 1609 1525 1660 populum

195 1673 236 1704 et
268 1664 472 1704 Gentilem.
535 1663 645 1711 Quod
683 1677 804 1715 prope
843 1671 882 1702 et
919 1664 1020 1716 quod
1052 1665 1194 1715 longe,
1232 1665 1359 1703 soluto
1397 1665 1525 1704 medio

196 1722 344 1774 pariete
371 1721 608 1767 inimicitiae,
636 1721 674 1758 in
701 1734 818 1760 carne
845 1723 973 1772 sua25)
1036 1720 1115 1760 Sed
1145 1721 1323 1761 Marcion
1349 1722 1524 1763 abstulit:

195 1794 280 1826 sua,
319 1786 359 1818 ut
385 1780 607 1818 inimicitiae
635 1777 746 1817 daret
772 1792 951 1826 carnem,
991 1780 1098 1831 quasi
1124 1780 1268 1818 carnali
1295 1780 1410 1827 vitio,
1449 1793 1526 1819 non

196 1838 350 1876 Christo
377 1836 563 1875 aemulae.
628 1835 751 1875 Sicuti
771 1836 808 1884 ⁶)
838 1836 928 1875 alibi
946 1837 985 1885 ⁷)
1014 1835 1115 1883 dixi,
1143 1843 1184 1875 et
1209 1837 1292 1884 hic,
1319 1850 1395 1875 non
1420 1836 1526 1877 Mar·-

196 1896 347 1941 rucine,
386 1893 454 1933 sed
479 1893 660 1941 Pontice,
701 1894 809 1932 cuius
841 1907 955 1946 supra
986 1895 1210 1946 sanguinem
1242 1895 1443 1933 confessus
1469 1908 1524 1943 es,

196 1953 258 1990 hic
292 1965 409 2003 negas
443 1965 611 1990 carnem.
675 1950 716 1990 Si
748 1951 874 2004 legem
907 1959 1204 2004 praeceptorum
1230 1952 1434 1991 sententiis
1460 1965 1526 1991 va·
1573 1958 1583 1966 ⁶

199 2023 306 2048 cuam
333 2010 438 2055 fecit,
466 2008 710 2061 adimplendo
738 2016 846 2048 certe
874 2010 1012 2060 legem,
1040 2009 1170 2063 (vacat
1199 2010 1300 2048 enim
1325 2010 1420 2048 iam:
1449 2023 1525 2048 non

197 2066 456 2113 adulterabis,
497 2080 580 2105 cum
607 2066 766 2106 dicitur:
806 2080 879 2105 nec
904 2066 1053 2106 videbis
1083 2066 1133 2106 ad
1158 2065 1523 2119 concupiscendum,

196 2131 327 2164 vacat:
356 2137 430 2162 non
457 2121 632 2171 occides,
661 2138 745 2163 cum
771 2123 932 2163 dicitur:
960 2138 1032 2164 nec
1059 2123 1303 2172 maledices‚)
1343 2123 1525 2164 adversa-

198 2184 292 2221 rium
320 2183 418 2234 legis
444 2181 491 2220 de
518 2181 695 2221 adiutore
722 2196 797 2220 non
829 2189 942 2234 potes
967 2183 1114 2230 facere,
1146 2189 1188 2220 ut
1213 2180 1309 2221 duos
1335 2181 1527 2222 conderet

197 2242 234 2278 in
260 2247 382 2278 semet
402 2241 505 2292 ipso,
545 2241 606 2292 qui
633 2240 782 2279 fecerat
808 2239 908 2279 idem
941 2239 1130 2287 condens,
1172 2238 1396 2290 (secundum
1424 2239 1526 2292 quod

198 2305 237 2335 et
267 2311 398 2350 supra:
438 2298 556 2350 ipsius
588 2299 688 2336 enim
714 2299 865 2337 factura
890 2311 1016 2337 sumus
1042 2296 1188 2338 conditi
1219 2299 1259 2337 in
1291 2296 1527 2349 Christo‚)⁸)

291 2409 328 2453 1)
354 2411 479 2443 Pamel.
507 2415 542 2444 et
567 2413 640 2454 Rig.
666 2414 706 2444 in
733 2424 861 2445 carne
888 2415 1050 2455 fuisse,
1088 2412 1432 2454 appellabamini
1458 2413 1526 2444 etc.

198 2455 306 2486 Rhen.
333 2457 384 2487 ed.
410 2458 434 2486 Ι.
460 2459 750 2498 appellamini.
856 2461 893 2500 2)
922 2461 1052 2500 Eph.2‚
1071 2461 1197 2492 11.12.
1255 2457 1265 2467 ⁸
1303 2455 1341 2500 3)
1365 2459 1410 2490 ib.
1425 2467 1454 2490 v.
1471 2459 1524 2489 13.

199 2500 236 2538 4)
263 2502 325 2530 les.
338 2503 393 2540 46,
410 2504 452 2531 12
467 2513 516 2542 sq.
601 2505 636 2544 5)
662 2506 751 2544 Eph.
767 2507 798 2549 2,
814 2508 867 2537 14.
882 2508 936 2538 15.
1021 2504 1060 2547 ὅ)
1087 2506 1148 2536 Ed.
1162 2505 1264 2536 Fran.
1275 2505 1312 2535 et
1323 2503 1378 2535 Fr.
1390 2504 1526 2536 lunius:

200 2546 515 2621 {izugiimceteriz
553 2551 709 2583 sicubi.
857 2553 894 2593 7)
932 2552 983 2583 cf.
1008 2552 1084 2583 adv.
1116 2552 1226 2582 Marc.
1251 2551 1285 2590 4,
1311 2550 1366 2582 40.
1485 2548 1525 2594 8)

231 2601 250 2631 P
278 2614 285 2623 ·
321 2612 331 2631 7
392 2612 399 2620 ·
