1566 2808
388 200 514 232 Αον.
549 198 911 231 ΜΑΒοιοΝΕΜ
947 197 1123 229 mame
1157 198 1183 229 1.
1321 175 1323 177 ¹
1378 195 1448 232 ol

121 292 190 332 riis
215 304 368 332 sumam.
403 290 606 344 Separatio
628 291 726 344 legis
745 299 785 331 et
804 291 994 344 evangelii
1017 290 1212 342 proprium
1239 295 1278 328 et
1303 290 1446 341 princi·

121 348 209 402 pale
246 362 341 402 opus
378 356 437 388 est
471 349 701 396 Marcionis,
754 363 826 388 nec
870 355 1051 401 poterunt
1087 360 1231 398 negare
1270 346 1447 399 discipuli

123 407 224 454 eius,
251 405 352 459 quod
377 407 415 444 in
447 420 591 445 summo
623 408 875 446 instrumento
902 406 1063 452 habent,
1098 419 1171 457 quo
1199 403 1362 456 denique
1389 405 1446 442 in-

122 465 280 504 itiantur
309 470 350 503 et
372 462 604 502 'indurantur
618 467 654 512 ¹)
683 466 720 503 in
754 464 853 502 lianc
885 464 1076 502 haeresin.
1138 462 1237 501 Nam
1262 462 1335 501 hae
1361 469 1448 500 sunt

56 559 68 564 „
119 521 346 560 Antitheses
370 521 593 568 Marcionis,
633 521 671 560 id
698 529 757 561 est
784 522 1004 560 contrariae
1032 521 1309 572 oppositiones,
1349 532 1446 571 quae

122 585 311 618 conantur
341 578 574 617 discordiam
606 580 849 630 evangelii2)
884 593 967 617 cum
995 579 1082 628 lege
1110 578 1369 623 committere,
1407 583 1448 615 ut

121 648 172 675 ex
196 635 420 675 diversitate
452 637 726 675 sententiarum
754 637 951 687 utriusque
978 635 1218 673 instrumenti
1245 633 1447 673 diversita-

120 699 198 732 tem
230 706 379 745 quoque
413 700 729 743 argumententur
765 693 937 730 deorum.
999 692 1122 741 Igitur
1153 704 1236 729 cum
1263 703 1310 729 ea
1335 703 1447 742 sepa-

120 752 222 789 ratio
248 750 346 800 legis
371 756 412 788 et
441 750 635 798 evangelii
662 750 745 801 ipsa
770 750 837 795 sit,
877 761 972 800 quae
999 748 1113 785 alium
1139 746 1251 786 deum
1278 760 1447 799 evange-

120 806 162 846 lii
186 807 439 845 insinuaverit
463 805 646 844 adversus
673 805 783 844 deum
811 806 926 857 legis,
954 812 1133 857 apparet,
1162 812 1249 843 ante
1276 806 1359 846 eam
1386 818 1447 844 se-

119 864 359 916 parationem
392 862 504 902 dcum
536 864 574 900 in
606 864 743 902 notitia
775 876 850 901 non
882 863 1017 909 fuisse,
1058 863 1120 914 qui
1146 862 1193 900 ab
1220 869 1446 914 argumento

120 921 375 973 separationis
406 921 589 967 innotuit,
628 928 742 973 atque
775 921 828 959 ita
866 934 941 958 non
974 934 996 958 a
1029 920 1183 958 Christo
1220 920 1445 966 revelatum,

121 979 185 1031 qui
209 978 282 1017 fuit
305 985 394 1017 ante
421 979 723 1030 separationem,
762 977 831 1017 sed
862 991 885 1016 a
908 978 1109 1016 Marcione
1137 985 1445 1023 commentatum,

120 1036 184 1088 qui
216 1036 380 1074 instituit
409 1037 693 1087 separationem
730 1035 914 1075 adversus
945 1036 1136 1086 evangelii
1169 1035 1341 1088 legisque
1379 1048 1447 1087 pa-

121 1106 224 1140 cem,
263 1106 373 1145 quam
409 1100 516 1132 retro
555 1094 725 1132 illaesam
764 1100 804 1132 et
841 1094 1108 1132 inconcussam
1141 1092 1187 1131 ab
1220 1093 1447 1144 apparentia

121 1150 265 1190 Christi
295 1164 414 1202 usque
447 1150 495 1189 ad
527 1150 725 1189 audaciam
750 1151 961 1189 Marcionis
992 1151 1058 1188 illa
1082 1150 1212 1201 utiquc
1239 1151 1338 1188 ratio
1366 1162 1447 1188 ser-

118 1208 240 1254 vavit,
279 1221 375 1260 quae
407 1221 484 1246 non
509 1208 623 1246 alium
656 1208 768 1247 deum
795 1215 834 1246 ct
860 1208 957 1258 legis
984 1215 1024 1245 et
1049 1207 1241 1257 evangelii
1267 1206 1445 1245 tuebatur

53 1261 58 1264 ⁴
120 1272 285 1318 praeter*
309 1272 545 1311 creatorem,
585 1264 766 1304 adversus
799 1278 908 1317 quem
943 1271 1046 1302 tanto
1073 1271 1161 1315 post
1186 1271 1359 1316 tempore
1385 1276 1447 1303 se-

119 1323 272 1375 paratio
296 1336 319 1361 a
343 1322 505 1361 Pontico
532 1323 696 1361 immissa
728 1329 798 1363 est.

235 1383 306 1422 20.
361 1379 456 1418 Huic
489 1379 799 1431 expeditissimae
831 1379 1053 1431 probationi
1084 1377 1260 1418 defensio
1293 1391 1444 1430 quoque

119 1451 143 1477 a
167 1437 278 1476 nobis
304 1438 526 1476 necessaria
551 1444 610 1475 est
635 1436 818 1476 adversus
839 1436 1140 1488 obstrepitacula
1161 1435 1336 1474 diversae
1357 1449 1446 1487 par-

118 1496 180 1534 tis.
252 1494 372 1533 Aiunt
402 1495 501 1532 enim
531 1493 771 1533 Marcionem
809 1507 884 1532 non
922 1500 998 1532 tam
1030 1495 1233 1542 innovasse
1272 1494 1445 1545 regulam

118 1553 364 1605 separatione
397 1552 494 1602 legis
526 1558 566 1590 et
590 1552 800 1603 evangelii,
835 1565 944 1603 quam
970 1558 1076 1591 retro
1103 1550 1357 1590 adulteratam
1383 1563 1446 1590 re-

119 1623 290 1650 curasse.
358 1609 388 1648 0
422 1609 594 1656 Christe,
631 1610 909 1661 patientissime
943 1608 1113 1655 domine,
1154 1609 1217 1660 qui
1248 1615 1306 1647 tot
1336 1610 1446 1647 annis

118 1664 438 1706 interversionem
474 1666 775 1718 praedicationis
813 1674 901 1705 tuae
939 1667 1169 1712 sustinuisti,
1213 1665 1338 1705 donec
1377 1666 1445 1704 tibi

117 1725 294 1764 Marcion
320 1725 560 1763 subveniret!
593 1724 692 1763 Nam
718 1732 758 1763 et
783 1725 904 1776 ipsum
923 1723 1077 1762 Petrum
1105 1730 1349 1775 ceterosque,
1378 1736 1445 1761 co-

119 1781 271 1820 lumnas
289 1782 526 1832 apostolatus
539 1782 597 1829 3),
624 1795 647 1819 a
671 1781 789 1820 Paulo
816 1781 1074 1833 reprehensos
1101 1787 1315 1831 opponunt,
1343 1779 1445 1832 quod

119 1852 196 1878 non
221 1845 331 1877 recto
356 1837 455 1889 pede
486 1837 714 1876 incederent
744 1837 792 1876 ad
826 1838 1017 1888 evangelii
1041 1838 1264 1884 veritatem,
1303 1836 1350 1875 ab
1377 1838 1444 1876 illo

120 1903 228 1936 certe
254 1895 393 1942 Paulo,
433 1890 496 1947 qui
521 1894 646 1934 adhue
673 1896 710 1935 in
737 1896 862 1946 gratia
888 1895 1012 1942 rudis,
1041 1893 1237 1946 trepidans
1263 1893 1442 1946 denique,

118 1966 168 1993 ne
194 1954 232 1992 in
256 1947 416 1994 uacuum
450 1954 687 1991 cucurrisset
710 1961 776 1991 aut
812 1959 1006 1999 curreret,
1045 1959 1134 1990 tunc
1167 1953 1326 2004 primum
1359 1965 1443 1991 cum

118 2010 429 2050 antecessoribus
454 2011 639 2062 apostolis
665 2010 904 2049 conferebat.
948 2009 1071 2061 Igitur
1094 2010 1126 2047 si
1152 2010 1351 2048 ferventer
1374 2009 1444 2049 ad-

118 2069 212 2115 huc,
238 2075 280 2106 ut
304 2067 540 2120 neophytus,
578 2067 760 2106 adversus
786 2067 1014 2107 Iudaismum
1046 2066 1190 2119 aliquid
1217 2069 1253 2105 in
1280 2080 1443 2106 conver-

118 2127 269 2165 satione
295 2123 652 2177 reprehendendum
679 2126 927 2173 existimavit,
954 2125 1142 2177 passivum
1169 2125 1323 2163 scilicet
1349 2138 1443 2164 con-

118 2184 278 2230 victum,
315 2182 553 2235 postmodum
585 2190 627 2222 et
656 2184 737 2235 ipse
769 2197 838 2222 usu
870 2183 1043 2221 omnibus
1075 2183 1202 2221 omnia
1226 2183 1374 2221 futurus
1387 2184 1441 2231 4),

119 2247 162 2278 ut
192 2253 324 2279 omnes
354 2240 570 2279 lucraretur
582 2241 633 2289 ⁵),
673 2240 824 2279 Iudaeis
856 2242 965 2293 quasi*
993 2239 1175 2286 Iudaeus,
1215 2247 1256 2278 et
1290 2241 1346 2278 eis
1379 2240 1442 2291 qui

118 2297 188 2336 sub
227 2297 314 2347 lege
351 2303 528 2349 tanquam
559 2299 597 2336 in
631 2298 738 2349 lege:
770 2306 811 2336 tu
842 2299 944 2337 illam
977 2299 1095 2336 solius
1121 2297 1440 2342 conversationis,

118 2355 332 2407 placiturae
351 2361 486 2405 postea
505 2357 723 2394 accusatori
749 2369 832 2403 suo,
859 2356 1199 2408 reprehensionem
1224 2361 1440 2406 suspectam

211 2503 250 2548 1)
276 2506 383 2536 Rhen.
409 2505 462 2536 ed.
488 2506 513 2536 l.
538 2505 802 2537 indicantur.
903 2506 939 2545 2)
964 2507 1004 2536 V.
1029 2505 1259 2544 evangelii
1285 2504 1379 2535 deest
1405 2505 1439 2536 in

117 2552 224 2583 Rhen.
244 2551 295 2583 ed.
318 2553 342 2581 Ι.
424 2552 460 2588 3)
489 2552 562 2582 Gal.
582 2553 613 2590 2,
638 2554 669 2582 9.
753 2550 790 2593 4)
817 2552 1003 2590 „Historia
1017 2552 1093 2584 Gal.
1110 2553 1141 2590 2,
1158 2552 1198 2581 11
1214 2560 1285 2590 sqq.
1300 2552 1439 2590 ponitur

117 2606 137 2627 a
151 2598 366 2629 Tertulliano
381 2600 460 2628 ante
473 2599 587 2629 Actor.
603 2597 683 2630 13.“
709 2598 851 2630 semler.
948 2598 983 2638 5)
1009 2598 1027 2627 1
1044 2598 1119 2628 Cor.
1133 2600 1165 2638 9,
1188 2599 1241 2629 22.
