1604 2800
158 141 230 178 30
523 129 649 168 Anv.
685 130 1125 167 HERMOGENEM.

160 248 243 274 cum
270 231 505 272 substantiva
531 243 594 269 res
620 242 696 268 non
723 230 790 274 sit,
819 228 905 280 quia
932 241 1004 267 nec
1032 227 1266 280 corporalis,
1294 224 1362 267 sed
1388 227 1495 268 acci·-

159 293 273 338 dens,
312 291 344 329 si
374 290 496 335 forte,
536 288 774 326 substantiae
805 293 846 325 et
871 286 1047 339 corpori,
1086 293 1127 324 ut
1151 292 1260 325 actus
1287 293 1327 326 et
1350 286 1494 339 pulsus,

161 358 201 389 ut
226 351 372 401 lapsus,
411 354 452 386 ut
484 360 613 392 casus,
653 346 708 384 ita
733 351 773 385 et
799 351 934 383 motus.
999 343 1095 382 Nam
1123 345 1155 382 si
1179 343 1241 383 vel
1261 343 1300 393 1)
1328 356 1350 382 a
1375 351 1497 384 semet

160 410 243 460 ipso
270 404 360 459 quid
386 412 581 450 movetur,
619 409 729 442 actus
762 403 844 442 eius
874 409 935 442 est
965 409 1107 448 motus,
1147 408 1256 441 certe
1288 414 1378 454 pars
1409 401 1498 442 suh·

160 466 324 504 stantiae
351 477 426 502 non
453 469 524 506 est,
552 462 652 501 sicut
677 468 716 500 tu
748 468 890 500 motum
916 460 1166 499 substantiam
1192 460 1290 499 sacis
1311 460 1498 500 materiae

161 522 458 575 incorporalem.
522 519 658 559 Omnia
683 518 848 572 deniqne
874 524 1077 558 moventur
1101 525 1167 557 aut
1191 531 1214 556 a
1239 524 1362 557 semet
1393 518 1498 571 ipsis,

162 589 201 620 ut
226 580 425 626 animalia,
464 586 530 618 aut
555 577 603 616 ab
629 578 736 622 aliis,
775 584 817 616 ut
841 576 1082 622 inanimalia,
1122 583 1249 615 tamen
1275 589 1349 615 nee
1376 575 1499 615 homi—

162 653 247 678 nem
279 651 352 678 nec
385 635 551 688 lapidem
584 643 624 675 et
656 635 902 688 corporalem
935 641 975 673 et
998 634 1284 686 incorporalem
1311 633 1498 680 dicemus,

163 699 249 749 quia
276 703 315 734 et
341 708 481 746 corpus
512 693 655 732 habeat
685 700 725 732 et
756 700 917 740 motum,
956 691 1025 731 sed
1063 705 1174 732 unam
1215 691 1390 732 omnibus
1421 691 1502 731 for-

163 767 261 792 mam
287 753 406 791 solius
433 751 741 802 corporalitatis,
769 763 867 802 quae
894 750 1132 789 substantiae
1162 763 1226 789 res
1251 757 1329 797 est,
1367 751 1399 789 si
1426 762 1500 802 qua

164 809 426 862 incorporalia
451 808 507 847 eis
532 807 682 854 adsunt,
710 814 776 846 aut
800 814 921 854 actus,
949 814 1015 846 aut
1033 807 1246 859 passiones,
1273 815 1340 846 aut
1362 807 1501 855 officia,

164 876 230 907 aut
256 866 454 912 libidines,
494 878 627 904 eorum
660 879 736 903 non
762 866 963 916 portiones
989 863 1228 916 deputamus.
1293 864 1378 912 Quo
1405 877 1501 916 ergo

165 927 279 972 facit,
311 924 528 977 portionem
556 923 740 962 materiae
767 923 804 960 in
832 930 972 961 motum
1000 921 1228 974 disponere,
1262 923 1323 974 qui
1352 935 1429 960 non
1455 920 1503 960 ad

166 983 415 1023 substantiam
453 981 639 1033 pertinet,
678 979 746 1018 sed
779 979 827 1019 ad
860 981 1095 1019 substantiae
1134 980 1331 1018 habitum?
1404 978 1504 1028 Quid

166 1043 280 1088 enim,
307 1041 339 1078 si
365 1039 598 1078 immobilem
624 1038 833 1090 placuisset
858 1038 927 1076 tibi
948 1037 1134 1076 inducere
1156 1037 1370 1084 materiam,
1398 1050 1504 1077 num·

167 1098 257 1151 quid
284 1097 528 1136 immobilitas
554 1095 725 1135 secunda
749 1109 840 1148 pars
866 1097 1013 1134 formae
1041 1094 1265 1134 videretur?
1326 1093 1392 1134 Sic
1430 1096 1504 1135 ita·

168 1170 239 1209 qne
267 1169 339 1194 nec
366 1161 509 1202 motus3
537 1153 605 1192 sed
633 1152 680 1192 de
707 1161 811 1192 motu
838 1161 878 1192 et
904 1153 993 1192 alibi
1022 1152 1169 1192 licebit.

286 1215 353 1255 37.
404 1211 517 1251 Nune
543 1212 644 1250 enim
669 1210 784 1251 video
813 1218 851 1250 te
877 1212 924 1250 ad
952 1211 1054 1250 illam
1075 1224 1206 1250 rursus
1225 1211 1415 1250 rationem
1440 1223 1505 1251 re·

169 1273 280 1319 verti,
315 1284 411 1323 quae
438 1269 508 1308 tibi
534 1269 626 1308 nihil
654 1271 752 1308 certi
778 1270 1001 1308 renuntiare
1029 1269 1244 1308 consuevit.
1303 1267 1402 1308 Nam
1429 1269 1506 1309 sic·

171 1337 212 1368 ut
243 1343 315 1368 nec
350 1328 594 1380 corporalem
628 1340 699 1365 nec
733 1328 1018 1378 incorporalem
1047 1328 1167 1366 infers
1193 1327 1412 1374 materiam,
1450 1328 1506 1366 ita

170 1400 242 1426 nec
268 1387 406 1425 bonam
438 1398 510 1423 nec
543 1385 678 1423 malam
712 1385 877 1435 allegas,
917 1392 957 1423 et
988 1384 1151 1436 proinde
1183 1398 1510 1438 superargumen-

171 1452 274 1490 tans,
302 1444 333 1481 si
359 1443 477 1488 enim,
505 1442 647 1493 inquis,
681 1448 784 1479 esset
808 1442 929 1488 bona,
964 1455 1060 1493 quae
1086 1455 1240 1495 semper
1264 1443 1339 1483 hoc
1365 1443 1506 1491 fuerat,

173 1515 249 1540 non
282 1498 524 1539 desideraret
555 1499 872 1549 compositionem
907 1497 988 1546 dei3
1029 1501 1059 1537 si
1092 1507 1196 1538 esset
1227 1507 1362 1538 natura
1395 1501 1506 1548 mala,

173 1572 250 1598 non
276 1558 493 1609 accepisset
518 1556 806 1595 translationem
833 1557 871 1594 in
899 1557 1045 1603 melius,
1075 1570 1146 1595 nec
1174 1557 1375 1608 quicquam
1402 1570 1508 1596 com—

172 1616 375 1670 positionis
399 1627 491 1653 suae
517 1614 767 1666 applicuisset
793 1614 848 1652 illi
876 1613 969 1652 deus
995 1615 1062 1652 tali
1089 1621 1243 1662 natura,
1277 1616 1314 1653 in
1345 1627 1506 1654 vacuum

174 1675 274 1713 enim
309 1673 535 1711 laborasset.
596 1670 729 1711 Verba
754 1672 851 1711 haec
878 1679 943 1710 tua
974 1679 1074 1719 sunt,
1102 1685 1259 1724 quorum
1287 1679 1326 1711 te
1352 1679 1392 1711 et
1417 1672 1508 1712 alibi

174 1732 390 1770 meminisse
417 1735 655 1782 oportuerat,
683 1743 730 1768 ne
758 1728 846 1782 quid
873 1729 930 1768 his
957 1731 1190 1769 contrarium
1211 1730 1390 1770 inferres,
1428 1727 1507 1770 Sed

176 1790 351 1842 quoniam
391 1786 438 1826 de
470 1788 557 1826 mali
596 1794 635 1826 et
671 1787 761 1826 boni
799 1787 1203 1840 ambiguitatelsuper
1240 1788 1438 1827 materiam
1471 1788 1508 1827 iu

177 1847 397 1900 praeteritis
435 1844 577 1897 aliquid
615 1846 929 1893 retractavimus,
969 1859 1067 1884 nnnc
1106 1844 1155 1884 ad
1187 1852 1430 1898 praesentem
1468 1852 1510 1886 et

177 1906 296 1943 solam
324 1904 626 1955 propositionem
653 1910 694 1942 et
719 1905 1092 1955 argumentationem
1119 1910 1220 1942 tuam
1246 1902 1508 1957 respondebo.

178 1961 263 2000 Nec
289 1960 426 2007 dicam,
455 1967 493 1998 et
519 1961 580 1999 bie
607 1968 644 1999 te
678 1969 823 2001 certum
851 1961 992 2014 aliquid
1020 1961 1199 2000 debuisse
1224 1962 1507 2014 pronuntiasse,

179 2026 244 2057 aut
280 2018 417 2056 bonam
456 2025 521 2056 aut
558 2019 693 2057 malam
731 2027 797 2058 aut
832 2021 986 2058 tertium
1024 2018 1186 2071 aliquid,
1225 2017 1292 2058 sed
1326 2031 1398 2058 nec
1431 2018 1507 2065 bic,

180 2075 280 2129 quod
307 2076 376 2114 tibi
407 2075 515 2113 libuit
547 2078 831 2128 pronuntiasse,
872 2077 1098 2116 custodisse.
1161 2075 1363 2116 Rescindis
1394 2077 1507 2125 enim,

180 2133 280 2186 quod
308 2134 577 2186 pronuntiasti,
611 2147 683 2173 nec
709 2135 848 2174 bonam
877 2149 948 2174 nee
975 2135 1124 2182 malam,
1152 2135 1252 2187 quia,
1281 2148 1365 2174 cum
1392 2133 1508 2173 dicis:

180 2194 211 2231 si
239 2198 343 2231 esset
366 2191 487 2238 bona,
514 2205 590 2229 non
617 2190 860 2232 desideraret
885 2194 1062 2246 componi
1088 2207 1110 2232 a
1127 2192 1231 2240 -deo,
1258 2192 1394 2231 malam
1419 2204 1511 2244 por-

182 2249 325 2296 tendis,
353 2256 393 2287 et
419 2262 502 2288 cum
528 2251 707 2301 apponis:
734 2252 765 2289 si
792 2259 897 2290 esset
922 2252 1021 2290 mala
1046 2258 1201 2297 natura,
1229 2263 1305 2288 non
1330 2249 1510 2289 admitte-

182 2315 242 2346 ret
267 2308 304 2345 in
331 2307 464 2346 melius
490 2308 793 2355 translationem,
820 2309 959 2348 bonam
985 2307 1243 2348 subostendis.
1303 2307 1431 2360 Atque
1457 2308 1509 2345 ita

183 2373 222 2402 et
246 2365 336 2403 boni
362 2371 402 2403 et
431 2364 519 2402 mali
552 2364 697 2404 affinem
733 2368 981 2415 constituisti,
1021 2380 1130 2419 quam
1164 2379 1235 2406 nec
1266 2365 1509 2421 bonam‘nec

184 2422 316 2460 malam
344 2423 611 2474 pronuntiasti.
675 2423 724 2462 Ut
749 2432 875 2464 autem
906 2418 1298 2477 argumentationem,
1338 2434 1410 2475 qua
1439 2434 1510 2475 pu·

277 2550 313 2588 1)
338 2549 421 2581 Edd.
435 2559 569 2583 omnes:
589 2550 687 2583 sive.
