1566 2808
143 194 245 231 120
396 196 520 226 ADV.
557 194 924 226 MARCIONEM
960 193 1137 224 LIBER
1166 193 1223 224 IV.

147 287 342 339 sequentis
379 287 496 326 ferias
528 286 704 338 pridiana
735 286 863 338 pabuli
896 292 1077 337 paratura
1101 285 1246 324 ieiunio
1272 284 1469 326 liberaret.

146 346 253 385 Bene
280 345 414 395 igitur,
449 343 549 396 quod
576 351 617 382 et
642 357 812 382 caussam
839 342 999 382 eandem
1027 350 1180 381 secutus
1211 348 1271 381 est
1301 341 1474 382 dominus

147 405 185 441 in
212 402 380 448 sabbati,
413 403 444 440 si
470 403 522 439 ita
546 401 678 440 volunt
704 400 792 447 dici,
826 399 1110 448 destructione,
1150 400 1268 447 be‘ne,
1309 399 1410 452 quod
1436 407 1476 439 et

147 460 327 498 affectum
362 460 551 498 creatoris
583 456 775 510 expressit
811 459 859 496 in.
883 458 1044 496 sabbato
1077 471 1152 496 non
1177 456 1373 496 ieiunandi
1404 457 1475 496 ho—

147 530 257 555 nore.
320 516 493 568 Denique
528 523 615 554 tunc
648 515 797 554 demum
823 515 1019 554 sabbatum
1046 514 1315 561 destruxisset,
1360 516 1476 553 etiam

148 577 271 626 ipsum
304 581 543 620 creatorem,
577 574 608 611 si
634 572 843 624 discipulos
868 573 1028 611 sabbato
1055 573 1227 611 ieiunare
1254 571 1474 610 mandasset

151 622 333 670 adversus
360 639 497 670 statum
526 632 659 683 scripti
686 638 726 669 et
751 631 957 669 voluntatis
985 630 1185 668 creatoris.
1249 628 1327 669 Sed
1354 642 1474 681 quon-

149 691 223 726 iam
250 688 458 740 discipulos
485 702 560 727 non
587 675 811 727 constaffler
836 686 1026 734 tuebatur,
1053 686 1122 725 sed
1148 693 1326 733 excusat,
1354 699 1475 740 quon-

150 748 225 784 iam
257 746 456 784 humanam
496 747 656 797 opponit
693 747 965 785 necessitatem
1004 746 1110 796 quasi
1154 743 1473 796 deprecatricem,

152 804 330 854 quoniam
355 804 545 855 potiorem
572 803 756 840 honorem
782 803 931 840 sabbati
957 808 1086 840 servat
1111 815 1187 839 non
1209 800 1476 847 contristandi,

153 873 263 912 quam
287 859 474 906 vacandi,
515 860 689 911 quoniam
716 859 839 897 David
872 859 1108 910 comitesque
1142 859 1223 897 eius
1249 872 1332 897 cum
1360 857 1476 896 disci-

151 918 251 969 pulis
277 918 354 955 suis
379 924 516 968 aequat
543 919 580 955 in
608 918 718 968 culpa
745 923 784 955 et
810 917 847 954 in
872 916 1011 963 venia,
1049 917 1225 967 quoniam
1251 916 1381 967 placet
1405 915 1474 962 illi,

154 976 240 1026 quia
265 977 424 1016 'creator
449 974 616 1020 indulsit,
643 974 818 1025 quoniam
846 973 892 1012 de
919 974 1095 1024 exemplo
1122 974 1203 1011 eius
1229 979 1268 1011 ct
1292 974 1375 1024 ipse
1403 979 1479 1013 tam

152 1031 276 1070 bonus
308 1039 390 1070 est:
424 1031 512 1070 ideo
539 1032 686 1070 alienus
712 1038 771 1070 est
795 1045 818 1069 a
844 1033 1055 1069 creatore?
1087 1029 1238 1075 Exinde
1269 1030 1480 1068 observant

152 1089 365 1141 pharisaei„
389 1089 420 1127 si
447 1088 656 1127 medicinas
677 1088 846 1126 sabbatis
860 1088 1480 1140 ageret,.utae‹':u'sarenteum,¹)

156 1153 264 1184 certe
299 1159 372 1197 qua
398 1145 546 1186 sabbati
572 1144 876 1192 destructorem,
922 1159 997 1183 non
1029 1158 1102 1197 qua
1128 1146 1216 1183 novi
1242 1143 1305 1182 dei
1330 1145 1481 1198 profes-

154 1216 304 1250 sorem,
332 1203 497 1241 fortasse
523 1203 622 1241 enim
648 1203 748 1241 hunc
775 1203 895 1240 solum
921 1203 1123 1240 articulum
1140 1201 1280 1254 ubique
1295 1201 1481 1253 ingeram,

155 1261 269 1298 alium
308 1260 500 1298 Christum
543 1271 724 1311 nusquam
768 1259 1044 1311 praedicatum.
1118 1259 1160 1298 In
1197 1266 1317 1297 totum
1339 1264 1482 1298 'autem

157 1318 341 1356 errabant
365 1318 559 1369 pharisaei
585 1319 692 1356 circa
718 1317 866 1356 sabbati
894 1317 1032 1368 legem,
1066 1331 1142 1355 non
1173 1314 1481 1358 animadverten-

157 1382 240 1420 tes,
297 1373 611 1413 conditionaliter
653 1388 737 1413 eam
778 1375 1012 1420 indicentem
1055 1375 1173 1414 ferias
1217 1387 1375 1426 operum
1413 1374 1482 1413 sub

159 1438 268 1469 certa
293 1432 423 1482 speeie
451 1444 596 1469 eorum.
646 1432 744 1470 Nam
772 1446 854 1470 cum
882 1432 929 1470 de
957 1431 1018 1470 die
1045 1432 1194 1470 sabbati
1221 1431 1337 1470 dicit:
1366 1439 1482 1470 romne

159 1501 254 1540 opus
279 1495 380 1525 tuum
408 1501 484 1525 non
514 1489 636 1526 facies
667 1489 704 1525 in
730 1501 790 1535 ea,
809 1490 847 1537 2)
881 1488 1046 1526 (licendo
1074 1496 1200 1537 tuum,
1243 1488 1292 1526 'de
1319 1486 1509 1527 humano‘

160 1558 278 1596 opere
317 1544 481 1591 definiit,
527 1544 625 1596 quod
665 1546 821 1597 quisque
861 1558 910 1583 ex
940 1545 1104 1583 artificio
1137 1546 1196 1583 vel
1230 1546 1388 1597 negotio
1415 1559 1483 1584 suo

160 1603 396 1654 exsequitur,
430 1616 504 1640 non
531 1601 578 1640 de
605 1601 753 1650 divin03
786 1616 881 1654 opus
906 1609 1032 1641 autem
1059 1602 1192 1640 salutis
1218 1609 1258 1641 et
1282 1603 1485 1641 incolumi-

159 1661 250 1698 tatis
277 1673 352 1698 non
379 1667 438 1698 est
462 1660 643 1706 hominis,
676 1659 744 1698 sed
770 1659 832 1698 dei
856 1661 1074 1711 propriumg
1101 1661 1201 1698 sicut
1225 1667 1265 1698 et
1289 1673 1419 1699 rursus
1445 1661 1483 1698 in

160 1718 268 1768 lege<
319 1730 395 1760 nen
420 1718 560 1763 facies,
594 1718 732 1768 inquit,
767 1729 879 1755 omne
906 1730 1000 1768 opus
1026 1711 1065 1754 in
1090 1729 1156 1763 ea,
1188 1717 1260 1755 nisi
1286 1716 1387 1769 quod
1418 1717 1485 1756 fiet

162 1774 264 1811 omni
290 1775 452 1820 animae,
472 1774 510 1823 ³)
542 1773 581 1811 id
608 1781 691 1819 est,
723 1775 761 1812 in
789 1771 924 1812 caussa
948 1774 1096 1812 animae
1123 1773 1365 1822 liberandae,
1399 1775 1486 1826 quia
1524 1796 1527 1798 —

162 1844 256 1882 opus
292 1830 355 1869 dei
393 1833 507 1870 etiam
544 1844 615 1883 per
652 1832 839 1870 hominem
872 1832 955 1870 fieri
988 1838 1116 1886 potest
1145 1833 1183 1870 in
1215 1832 1375 1870 salutem
1400 1833 1484 1885 ani-

161 1901 260 1934 mae,
292 1902 315 1926 a
339 1887 414 1926 deo
440 1896 580 1936 tamen,
613 1888 715 1940 quod
739 1890 910 1927 facturus
935 1887 1063 1928 fuerat
1088 1887 1326 1928 et‘Ghristus
1352 1889 1480 1936 bomo,

163 1945 251 1995 quia
277 1953 316 1983 et
342 1944 448 1983 deus.
510 1945 553 1984 In
578 1946 678 1984 hunc
709 1959 805 1997 ergo
837 1960 986 1985 sensum
1020 1947 1116 1998 legis
1141 1945 1325 1985 inducere
1349 1947 1485 1997 volens

162 2001 250 2038 illos
274 2015 345 2052 per
369 2016 499 2040 manus
525 2004 722 2042 arefactae
747 2005 1048 2052 restitutionem,
1075 2000 1308 2055 interrogat:
1342 2004 1485 2043 licetne

164 2058 333 2096 sabbatis
358 2058 618 2106 benefacere,
657 2074 705 2098 an
731 2064 838 2100 non?
864 2079 868 2081 >
891 2059 1053 2100 animam
1091 2061 1283 2108 liberare,
1322 2074 1370 2100 an
1395 2074 1486 2113 per-

165 2114 285 2154 dere?
301 2117 338 2164 ⁴¹)
371 2123 413 2154 ut
437 2116 475 2154 id
502 2118 629 2169 operis
655 2120 897 2169 permittens,
937 2117 1036 2171 quod
1069 2132 1139 2170 pro
1165 2119 1290 2157 anima
1314 2119 1486 2158 facturus

165 2180 292 2220 esset,
326 2172 552 2227 admoneret
583 2188 675 2222 eos,
708 2189 804 2227 quae
831 2189 953 2228 opera
982 2175 1131 2214 sabbati
1155 2176 1221 2226 lex
1245 2176 1485 2228 prohiberet,

165 2230 331 2269 humana·
353 2232 523 2278 scilicet,
556 2239 596 2270 et
621 2246 716 2284 quae
739 2235 1004 2284 praeciperet,
1037 2232 1164 2271 divina
1189 2234 1359 2280 seilicet,
1387 2245 1484 2286 qnae

166 2288 305 2326 fierent
329 2289 623 2327 animaeomni.
673 2289 857 2328 Dominus
887 2290 1036 2329 sabbati
1068 2289 1251 2339 dictus‚⁵)
1284 2292 1372 2343 quia
1397 2287 1485 2329 sab*-

164 2344 306 2392 batum,
338 2352 382 2384 ut
405 2358 485 2384 rem
511 2357 634 2393 suam,
661 2347 852 2386 tuebatur.
909 2347 1019 2395 Quod
1045 2349 1193 2387 etiamsi
1218 2347 1482 2394 destruxisset,

167 2403 317 2449 merito,
346 2416 418 2454 qua
433 2402 606 2443 dominus
621 2406 741 2456 magis
755 2405 832 2453 ille,
861 2406 1112 2458 quiinstituit‘.
1146 2405 1224 2445 Sed
1237 2418 1313 2444 non
1327 2405 1480 2444 omnino

259 2539 297 2583 1)
323 2542 405 2573 Luc.
433 2544 465 2580 6,
493 2543 524 2573 7.
595 2543 631 2583 2)
656 2543 766 2575 Exod.
793 2544 847 2585 20,
864 2545 917 2574 10.
976 2544 1012 2583 3)
1037 2542 1285 2581 Exod.12‚1e.
1338 2543 1483 2581 4)·1,uc.

167 2587 198 2624 6,
225 2587 255 2615 9.
350 2588 383 2620 ω
407 2588 491 2619 Luc.
520 2590 551 2628 e,
580 2591 610 2621 ⁵.
