1598 2794
149 170 182 207 S
296 172 370 203 DE
409 172 1042 204 PRAESCRIPTIONIBUS
1078 173 1330 206 HAERET.

152 279 262 318 quam
289 263 391 317 quod
418 265 592 304 instituit.
654 264 712 304 De
744 264 819 304 hoc
846 264 997 317 quidem
1029 266 1061 304 si
1088 266 1170 317 quis
1198 264 1357 313 dubitat,
1386 274 1480 305 con‘-

150 324 268 362 stabit
303 335 423 375 penes
460 336 530 361 nos
569 335 653 361 esse
691 321 730 360 id
768 322 868 374 quod
906 337 929 361 a
966 323 1120 361 Christo
1158 324 1370 362 institutum
1407 331 1478 362 est.

150 379 308 418 Interim
343 393 391 418 cx
423 379 563 418 fiducia
595 379 835 431 probationis
861 381 1091 432 praevenio,
1125 380 1335 420 admonens
1367 394 1482 434 quos-

151 436 256 483 dam,
295 437 387 474 nihil
426 450 510 474 esse
545 437 822 488 quaerendum,
868 439 968 476 ultra
1001 437 1101 490 quod
1135 437 1402 486 crediderunt,
1442 437 1481 477 id

150 507 256 542 esse,
286 492 387 546 quod
414 507 600 545 quaerere
628 493 860 542 debuerunt,
887 508 954 533 ne:
995 496 1168 547 quaerite
1196 503 1236 534 et
1261 497 1478 543 invenietis,

150 553 231 591 sine
259 551 460 604 disciplina
485 553 647 590 rationis
673 553 989 604 interpretentur.

269 612 333 650 10.
385 609 498 647 Ratio
525 617 651 648 autem
685 609 779 656 dicti
811 610 921 648 huius
959 611 1007 647 in·
1029 609 1151 648 tribus
1183 610 1356 650 articulis
1388 624 1483 650 con-

151 668 260 713 stitit,
280 660 326 704 'iu
352 680 414 713 re,
442 668 479 705 in
507 674 699 718 tempore,
727 668 765 705 in
791 667 924 716 modo,
952 669 989 706 in
1016 680 1079 715 re,
1106 674 1148 705 ut
1175 666 1265 720 quid
1291 668 1341 706 sit
1366 681 1483 719 quae-

150 724 310 763 rendum
337 724 581 771 consideres,
620 725 658 762 in
691 732 885 776 tempore,
923 732 965 763 ut
996 724 1166 776 quando,
1205 726 1242 763 in
1268 723 1403 772 modo,
1443 732 1485 764 ut

152 795 363 834 quousque.
415 781 538 832 Igitur
563 782 820 833 quaerendum
847 790 918 829 cst,
947 782 1048 834 quod
1063 783 1237 821 Christus
1251 783 1481 831 instituit¹)‚

150 840 280 890 utique
320 838 444 877 donec
484 840 668 878 invenias.
731 840 916 879 Invenisti
954 847 1101 887 autem,
1142 854 1226 879 cum
1265 839 1482 879 credidisti».

150 895 251 934 Nam
277 910 352 934 non
391 896 643 944 credidisses,
683 898 714 937 si
746 912 822 936 non
860 898 1091 946 invenisses,
1130 899 1231 937 sicut
1266 911 1340 937 nec
1367 910 1484 950 quae-

151 955 279 1000 sisses,
307 955 378 992 nisi
404 961 445 992 ut
470 956 676 994 invenires.
725 954 789 993 Ad
815 956 890 994 hoc
917 969 1012 1005 ergo
1040 957 1282 1005 quaeris,·ut
1296 956 1482 1001 invenias,

151 1018 192 1048 et
229 1010 376 1049 adhoc
414 1013 579 1058 invenis,
619 1020 660 1050 ut
697 1012 847 1050 eredas.
898 1012 1056 1049 Omnem
1081 1012 1338 1061 prolationem
1367 1024 1484 1062 quae-

150 1067 263 1106 rendi
300 1075 341 1106 et
365 1069 586 1106 inveniendi
620 1068 818 1106 credendo
856 1068 992 1114 -fixisti3
1032 1067 1132 1104 hunc
1170 1067 1240 1104 tibi
1278 1066 1485 1114 modum2)

151 1125 284 1163 statuit
315 1125 461 1162 fructus
492 1125 573 1175 ipse
608 1123 892 1175 quaerendi³);
942 1124 1041 1162 hanc
1077 1124 1144 1161 tibi
1177 1124 1319 1161 fossam
1353 1121 1486 1162 deter-
1536 1132 1541 1142 ‘

150 1181 310 1220 minavit
335 1182 437 1231 ipse,
466 1182 528 1231 qui
555 1188 593 1219 te
620 1195 696 1218 non
721 1181 802 1218 vult
826 1179 929 1217 aliud
957 1178 1134 1226 credere,
1163 1193 1272 1231 quam
1299 1178 1402 1231 quod
1426 1180 1486 1218 in·

152 1239 292 1284 stituit,
332 1237 497 1289 ideoque
536 1251 608 1276 nec
648 1250 848 1289 quaerere.
901 1236 1081 1277 Ceterum
1119 1237 1298 1288 si,‘-quia
1333 1244 1374 1276 et
1410 1237 1488 1281 alia
1544 1235 1547 1238 ”

151 1302 258 1333 tauta
284 1294 331 1332 ab
358 1296 443 1332 aliis
470 1302 556 1333 sunt
589 1296 781 1341 instituta,
814 1301 1025 1346 propterea
1055 1295 1093 1332 in
1119 1301 1263 1332 tantum
1296 1306 1486 1346 quaerere
1533 1306 1542 1312 ·

154 1352 356 1398 debemus,
390 1353 427 1389 in
462 1359 639 1403 quantum
671 1366 870 1403 possumus
903 1353 1096 1397 invenire,
1136 1364 1290 1403 semper
1322 1364 1487 1403 quaere·-

153 1423 235 1447 mus
267 1416 306 1447 et
343 1423 530 1460 nunquam
575 1411 727 1446 omnino
763 1408 976 1447 credemus.
1045 1408 1119 1446 Ubi
1157 1410 1256 1447 euim
1294 1410 1370 1447 erit
1400 1409 1486 1448 finis

155 1461 389 1519 quaerendi?
432 1467 496 1504 ubi
523 1467 636 1504 statio
665 1465 875 1504 credendi?
918 1466 980 1504 ubi
1009 1467 1216 1517 expunctio
1243 1466 1488 1505 inveniendi?

153 1523 267 1575 Apud
294 1523 559 1562 Marcionem?
591 1524 660 1562 sed
686 1531 725 1562 et
755 1523 985 1562 Valentinus
1011 1524 1211 1575 proponit:
1245 1525 1420 1575 quaerite
1446 1531 1488 1564 et

155 1582 371 1620 invenietis.
421 1581 535 1633 Apud
560 1580 831 1619 Valentinum?
868 1580 936 1619 sed
963 1588 1002 1619 ct
1027 1581 1186 1633 Apelles
1211 1581 1283 1620 hac
1309 1594 1369 1620 me
1394 1595 1486 1634 pro-

155 1637 397 1677 nuntiatione
428 1640 610 1690 pulsavit,
650 1646 690 1677 et
715 1639 867 1677 Hebion
899 1646 939 1676 et
965 1637 1097 1676 Simon
1124 1646 1164 1676 et
1189 1652 1321 1677 omnes
1347 1652 1397 1677 ex
1422 1651 1487 1677 or-

157 1695 246 1734 dine
274 1710 350 1734 non
376 1696 520 1734 habent
545 1695 660 1743 aliud,
689 1710 762 1747 quo
789 1709 830 1734 se
858 1697 947 1734 mihi
975 1697 1210 1734 insinuantes
1235 1709 1295 1735 me
1321 1696 1393 1734 sibi
1418 1695 1488 1735 ad·-

157 1753 300 1791 dicaut.
362 1752 441 1792 Ero
454 1755 492 1802 4)
520 1755 648 1805 itaque
675 1767 876 1804 nusquam,
919 1753 1005 1797 dum
1033 1754 1174 1805 ubique
1201 1754 1414 1792 convenior
1426 1755 1485 1803 5):

158 1811 333 1862 quaerite
367 1818 406 1848 et
437 1811 652 1849 invenietis.
704 1811 755 1848 Et
784 1811 905 1848 velint
934 1823 994 1848 me
1027 1812 1082 1849 sic
1117 1823 1201 1849 esse
1216 1811 1253 1859 6)
1287 1824 1486 1862 nusquam,

159 1869 266 1919 quasi
293 1868 355 1919 qui
382 1881 569 1920 nunquam
595 1867 916 1920 apprehenderim
942 1867 1055 1915 illud,
1095 1867 1196 1920 quod
1223 1868 1397 1907 Christus
1418 1869 1487 1907 'in-

160 1926 294 1972 stituit,
323 1925 439 1977 [quod
467 1925 575 1964 credi
602 1933 768 1977 oportet,
797 1924 899 1977 quod
925 1926 1058 1976 quaeri
1085 1939 1246 1964 necesse
1272 1926 1359 1976 est.]
1374 1925 1412 1975 ⁷)

278 1987 342 2023 11.
394 1983 549 2035 Impune
576 1991 740 2030 erratur,
768 1984 840 2021 nisi
867 1982 1128 2034 delinquatur,
1157 1984 1325 2034 quamvis
1352 1996 1486 2022 errare

159 2040 383 2092 delinquere
421 2048 493 2079 est.
555 2041 731 2093 Impune,
770 2041 940 2092 inquam,
980 2048 1159 2091 vagatur,
1200 2041 1262 2092 qui
1299 2041 1392 2079 nihil
1419 2040 1487 2080 de-

158 2100 266 2136 serit.
317 2097 371 2137 At
408 2099 520 2146 enim,
548 2100 580 2137 si
619 2098 722 2151 quod
760 2097 876 2137 debui
909 2097 1072 2137 credere
1100 2096 1269 2146 credidi,
1308 2105 1348 2139 et
1384 2096 1511 2157 aliud⁵

251 2249 288 2288 1)
312 2249 488 2280 Pamelius
515 2250 659 2282 addidit:
685 2250 834 2289 utique
860 2250 1058 2289 quamdiu
1083 2250 1166 2280 non
1192 2249 1381 2288 invenis;
1401 2250 1488 2290 mg.

157 2295 308 2333 utique
340 2296 504 2333 quando
536 2306 617 2327 non
650 2296 831 2327 invenis.
957 2298 992 2336 2)
1019 2298 1080 2327 Vv.
1108 2296 1320 2327 credendo
1342 2312 1385 2318 —
1405 2304 1487 2335 mo·

158 2342 248 2371 dum
274 2342 397 2372 desunt
412 2342 446 2372 in
461 2343 511 2373 ed.
526 2343 631 2372 Rhen.
728 2341 764 2384 3)
791 2343 871 2373 Cod.
899 2342 1030 2373 Ursini:
1057 2341 1274 2373 credendi.
1368 2339 1404 2381 4)
1429 2341 1486 2372 Sic

157 2387 285 2417 Pamel.
300 2391 333 2418 et
346 2388 438 2427 Rig.;
465 2388 500 2418 in
527 2389 600 2420 cod.
614 2389 803 2429 Agebardi:
829 2388 1056 2427 Eritaque;
1090 2388 1290 2419 Rhenanus:
1315 2387 1367 2418 Et
1392 2387 1486 2418 erit.

160 2430 196 2474 5)
224 2435 261 2463 ln
276 2434 372 2466 codd.
400 2435 620 2466 convenio.
687 2448 699 2451 *
718 2433 752 2474 G)
775 2436 827 2466 lta
851 2435 966 2466 locum
992 2434 1147 2465 restituit
1171 2433 1355 2464 Pameliun.
1377 2432 1486 2464 Rhen.

160 2479 200 2507 et
225 2479 363 2510 velint
389 2480 449 2511 sic
475 2481 790 2520 nusquam3Rig.
817 2483 857 2511 et
884 2481 1003 2511 velut
1025 2481 1061 2511 si
1085 2486 1303 2517 nusquam.
1369 2476 1486 2520 7)vv‘.-

158 2524 259 2554 uncis
281 2524 427 2565 inclusa,
444 2537 531 2565 quae
556 2529 590 2558 et
604 2527 638 2557 in
652 2528 750 2558 libris
775 2536 856 2559 mss·
880 2528 915 2557 et
938 2527 973 2557 in
999 2526 1072 2557 edd.
1087 2525 1184 2556 vario
1211 2524 1329 2555 ordine
1355 2523 1487 2567 scripta

160 2571 252 2610 sunt,
279 2570 443 2601 videntur
469 2582 542 2604 esse
569 2573 698 2613 spuria.
824 2565 830 2571 ³
