1624 2826
0 1485 8 1510 ἱ

0 1511 10 1563 ᾗ

0 1572 14 1637 Ξ

0 1641 15 1688 Ξ

0 1702 18 1726 '1

0 1731 24 1827 l

374 219 502 252 Anv,
534 217 898 250 ΜΑιιοιοΝΕ-ιι
933 216 1111 247 menn
1148 216 1203 247 ιν.
1357 211 1459 249 253

250 315 322 355 43.
383 310 619 364 Oportuerat
649 311 763 348 etiam
797 309 1030 361 sepultorem
1061 307 1204 346 domini
1235 306 1461 359 prophetari

137 384 185 411 ac
218 372 294 410 iam
318 376 408 408 tunc
434 369 573 406 merito
599 367 796 413 benedici,
822 368 854 405 si
880 380 951 404 nec
978 366 1175 404 mulierum
1201 366 1350 402 illarum
1375 364 1462 410 ‚offi-

113 448 121 451 ⁷
139 429 238 468 cium
263 426 452 479 praeterit
477 426 700 477 prophetia
728 437 824 475 quae
850 431 938 462 ante
966 424 1088 461 lucem
1121 428 1385 471 convenerunt
1414 420 1462 459 ad

138 485 355 538 sepulcrum
395 496 487 522 cunr
518 482 677 520 odorum
716 489 910 534 paratura.
934 483 970 527 ¹)
1033 480 1089 518 De
1133 481 1207 518 hoc
1252 480 1350 518 enim
1393 491 1465 530 per

140 543 254 590 Osee,
276 548 321 585 ,ut
345 547 544 592 quaerant,
573 541 705 591 inquit,
733 540 871 577 faciem
898 551 1031 584 meam,
1058 545 1147 576 ante
1174 538 1297 576 lucem
1327 537 1465 586 vigila-

138 599 256 639 bunt
263 598 313 638 ad
338 611 397 637 me
424 597 617 636 dicentes:
658 610 788 635 eamus
819 603 859 634 et
890 602 1159 634 convertamur
1183 593 1231 632 ad
1258 594 1464 640 dominum,

139 657 247 710 quia
260 657 342 708 ipse
380 655 521 705 eripuit
552 661 592 696 et
621 654 775 692 curabit
805 667 893 699 nos,
931 654 1122 704 percussit
1152 659 1192 690 et
1221 651 1467 690 miserebitur

141 714 277 759 nostri,
303 711 455 751 sanabit
479 723 549 749 nos
575 718 666 762 post
685 710 853 756 biduum,
880 712 918 748 in
945 710 1005 748 die
1027 711 1142 748 tertia
1161 722 1418 759 resurgemus.
1426 709 1465 754 2)

144 771 236 819 Quis
261 770 374 808 euim
382 769 483 806 haec
510 782 585 806 non
610 767 747 806 credat
771 769 808 805 in
842 768 1059 816 recogitatu
1090 766 1288 804 mulierum
1318 766 1466 803 illarum

141 827 314 867 volutata
338 827 440 864 iuter
464 824 637 862 dolorem
663 825 877 876 praesentis
902 822 1179 869 destitutionis,
1213 835 1284 874 qua
1310 835 1468 873 percus-

143 897 210 924 sae
246 883 320 922 sibi
350 881 578 921 videbantur
607 895 631 920 a
653 879 828 927 domino,
856 887 895 919 et
920 894 1024 932 spem
1049 881 1347 919 resurrectionis
1377 880 1469 931 ipsi-

142 955 208 989 us,
245 953 320 993 qua
355 940 505 978 restitui
536 940 610 977 rite
642 939 901 976 arbitrantur?
949 938 1123 989 Corpore
1161 945 1284 976 autem
1312 950 1388 975 non
1413 937 1469 974 in-

144 997 260 1038 ventb
304 997 453 1036 sublata
497 1003 583 1035 erat
623 997 819 1048 sepultura
856 996 939 1034 eius
975 994 1023 1033 de
1061 994 1212 1042 medio,
1262 993 1470 1033 secundum

144 1055 366 1106 Esaiam.³)
426 1052 506 1092 Sed
542 1061 584 1092 et
613 1053 687 1091 duo
725 1052 866 1092 ibidem
903 1053 1032 1104 angeli
1067 1059 1338 1104 apparuerunt.
1397 1051 1473 1089 Tot

146 1113 231 1153 fere
267 1112 522 1152 laterensibus
556 1112 611 1149 uti
643 1111 861 1150 solebat-in
895 1109 1042 1149 duobus
1072 1111 1233 1148 testibus
1259 1109 1473 1148 consistens

149 1168 218 1209 dei*
236 1182 377 1209 sermo·
433 1167 688 1207 Revertentes
713 1181 863 1219 quoque
889 1181 912 1206 a
933 1167 1115 1219 sepulcro
1142 1168 1333 1212 mulieres,
1360 1172 1401 1203 et
1424 1165 1472 1202 ab

149 1227 218 1266 illa
239 1226 462 1276 angelorum
486 1226 634 1263 visione
659 1224 922 1291 prospiciebat
946 1224 1100 1261 Esaias:
1122 1224 1312 1268 mulieres,
1339 1222 1472 1274 inquit,

149 1284 351 1337 venientes
375 1295 399 1320 a
421 1282 634 1329 visione,¹)
660 1282 808 1329 venite,
835 1280 882 1319 ad
909 1280 1200 1319 renuntiandam
1226 1280 1380 1323 scilicet
1404 1278 1476 1317 do-

150 1341 252 1380 mini
273 1339 610 1379 resurrectionem.
672 1329 779 1377 Beue
815 1345 960 1383 autem,
1000 1337 1100 1389 quod
1138 1337 1386 1377 incredulitas
1418 1335 1475 1375 di-

151 1397 383 1450 scipulorum
407 1396 740 1448 perseverabat,⁵)
767 1403 808 1435 ut
834 1396 870 1434 in
892 1396 1003 1433 [inem
1017 1408 1150 1446 usque
1156 1394 1330 1432 defensio
1346 1400 1475 1432 nostra

153 1456 397 1500 consisteret,
425 1453 616 1492 Christum
643 1452 766 1490 Iesum
792 1466 868 1490 non
888 1453 1001 1490 alium
1021 1465 1063 1490 se
1083 1451 1281 1503 discipulis
1294 1450 1475 1496 edidisse,

153 1525 263 1565 quam
287 1510 573 1564 prophetarum.
627 1509 726 1548 Nam
753 1523 836 1548 cum
863 1508 938 1548 duo
964 1522 1014 1548 ex
1037 1510 1117 1548 illis
1137 1510 1213 1548 iter
1236 1515 1411 1560 agerent,
1438 1515 1478 1547 et

153 1568 327 1609 dominus
351 1569 408 1607 eis
433 1566 690 1613 adhaesisset,
729 1581 805 1605 non
831 1580 1077 1619 comparens,
1115 1566 1215 1619 quod
1247 1568 1329 1619 ipse
1355 1573 1476 1611 esset,

153 1627 268 1667 etiam
293 1625 533 1664 dissimulans
557 1624 605 1664 de
632 1626 868 1664 conscientia
897 1626 954 1663 rei
979 1631 1132 1675 gestae,
1164 1638 1234 1663 nos
1258 1631 1393 1665 autem,
1410 1636 1473 1676 pu-

153 1683 339 1729 tabamus,
364 1683 550 1734 inquiunt,
575 1684 696 1734 ipsum
711 1694 796 1721 esse
812 1681 1098 1734 redemptorem
1112 1682 1328 1733 IsraeliS,⁶)
1347 1681 1477 1732 utique

154 1754 263 1783 snum
288 1740 500 1786 Christum,
538 1739 575 1778 id
603 1747 663 1778 est
687 1741 891 1778 creatoris.
950 1739 1063 1778 Adeo
1089 1752 1163 1778 nec
1188 1740 1302 1777 alium
1327 1751 1369 1776 se
1395 1737 1479 1775 edi-

157 1796 270 1852 derat
291 1797 380 1834 illis.
441 1796 621 1834 Ceterum
654 1810 730 1833 non
767 1797 1031 1834 existimarent
1066 1809 1151 1834 eum
1189 1795 1397 1840 creatoris,
1441 1801 1481 1832 et

159 1866 244 1895 eum
281 1852 471 1891 creatoris
502 1853 816 1906 existimaretur,
849 1865 923 1889 non
956 1852 1197 1890 sustinuisset
1228 1852 1326 1890 hanc
1358 1851 1407 1890 de
1437 1863 1480 1890 se

158 1910 500 1954 existimationem,
527 1909 558 1946 si
583 1922 660 1946 non
685 1909 718 1954 is
742 1915 866 1955 esset,
897 1909 960 1960 qui
985 1910 1236 1947 existimatur.
1293 1908 1375 1947 Aut
1399 1910 1480 1960 ipse

159 1969 237 2007 erit
264 1973 402 2006 auctor
432 1966 577 2004 erroris
608 1973 648 2003 et
675 1967 966 2017 praevaricator
1002 1966 1176 2005 veritatis
1205 1965 1388 2005 adversus
1418 1965 1482 2004 dei

159 2024 293 2078 optimi
318 2023 479 2062 titulum.
541 2021 620 2060 Sed
650 2035 723 2061 nec
753 2029 841 2074 post
870 2025 1195 2062 resurrectionem
1219 2024 1332 2063 alium
1351 2031 1399 2062 'se
1425 2024 1482 2062 eis

160 2080 350 2128 ostendit,
383 2093 494 2132 quam
520 2093 629 2131 quem
654 2081 908 2121 existimatum
933 2081 1005 2119 sibi
1031 2081 1220 2120 dixerant.
1259 2095 1261 2097 ·
1281 2081 1399 2120 Plane
1424 2082 1482 2119 in·

159 2146 295 2186 vectus
318 2145 379 2177 est
402 2139 442 2175 in
466 2138 575 2175 illos:
619 2150 641 2175 o
672 2138 863 2182 insensati.
887 2145 928 2177 et
952 2138 1054 2178 tardi
1084 2138 1203 2178 corde
1230 2140 1268 2177 in
1294 2152 1372 2177 non
1397 2151 1483 2177 cre-

162 2195 290 2235 dendo
315 2195 506 2241 omnibus,
546 2207 642 2245 quae
674 2195 823 2234 locutus
853 2203 916 2235 est
938 2195 987 2234 ad
1009 2210 1092 2235 vos.
1100 2197 1140 2247 7)
1202 2196 1307 2244 Quae
1334 2197 1484 2234 locutus

161 2266 239 2292 non
253 2252 423 2296 alterius
445 2265 487 2290 se
513 2251 576 2289 dei
601 2260 686 2294 esse
711 2253 867 2304 probat,
905 2252 974 2292 sed
999 2253 1170 2292 eiusdem
1195 2253 1270 2291 dei.
1285 2255 1325 2303 ⁸)
1385 2251 1483 2290 Nam

162 2308 299 2349 eadem
322 2316 365 2348 et
387 2310 515 2360 angeli
538 2308 590 2347 ad
613 2308 817 2349 mulieres-
849 2313 1174 2358 rememoramini,
1211 2323 1308 2362 quae
1335 2309 1484 2348 locutus

257 2425 295 2464 1)
320 2425 404 2455 Luc.
418 2425 474 2463 24,
502 2426 520 2454 1
535 2434 608 2463 sqq.
702 2423 740 2467 2)
765 2426 848 2458 Hos.
874 2428 905 2466 5,
929 2428 983 2457 15².
1004 2429 1035 2466 6,
1058 2428 1076 2456 1
1096 2436 1147 2464 sq.
1241 2425 1277 2464 3)
1302 2426 1367 2456 len.
1382 2426 1437 2464 57,
1452 2426 1485 2456 2.

165 2470 212 2502 ef.
224 2477 310 2502 Lxx.
404 2469 439 2510 4)
463 2472 527 2501 les.
543 2472 597 2510 27,
613 2468 666 2501 11.
681 2472 724 2501 cf.
740 2474 825 2503 Lxx.
920 2475 956 2511 5)
984 2474 1065 2503 Luc.
1078 2473 1133 2508 24,
1149 2473 1191 2501 11
1206 2481 1254 2509 sq.
1349 2472 1386 2510 6)
1401 2471 1483 2501 Luc.

166 2517 223 2553 24,
238 2518 281 2548 1³
295 2526 367 2555 sqq.
461 2515 498 2558 ἵ)
526 2518 609 2546 Luc.
633 2517 687 2556 24,
703 2518 756 2548 25.
851 2516 888 2556 8)
915 2519 967 2548 lta
989 2518 1115 2549 Pamel.
1141 2520 1175 2548 et
1199 2517 1349 2556 Rigalt?
1376 2517 1483 2548 Rhen.

166 2561 219 2593 ed.
242 2564 268 2593 1.
293 2562 507 2598 Quaenam
525 2563 735 2593 locutunz-
753 2563 950 2594 Alterius
975 2573 1018 2594 ae
1043 2564 1111 2595 dei
1134 2569 1229 2594 ene
1252 2565 1420 2603 probat,
1445 2566 1485 2594 et

171 2616 315 2639 manus
341 2605 513 2650 (Semlerz
540 2607 694 2648 minus)
721 2608 767 2640 de
793 2609 876 2640 deo.
924 2608 982 2640 Au
1009 2610 1149 2643 eadem
1176 2609 1259 2641 etc.
