1604 2800
566 232 692 280 stov.
726 231 1021 265 PRAXEAN.
1357 235 1458 274 25³
1507 265 1509 267 .

131 329 187 366 tui
212 326 374 379 pulsum.
439 323 700 379 Quodcunque
727 327 973 377 cogitaveriS,
1000 338 1126 364 sermo
1153 333 1229 375 est3
1263 327 1461 381 quodcun-

132 397 206 437 que
231 384 416 430 senseris,
449 383 548 422 ratio
581 390 652 422 est.
719 382 908 435 Loquaris
938 382 1031 421 illud
1057 384 1094 421 in
1120 386 1265 432 animo,
1298 399 1459 428 necesse

132 449 204 489 est,
230 449 271 480 et
290 440 376 480 dum
397 441 577 494 loqueris,
605 440 883 480 collocutorem
909 442 1053 493 pateris
1073 454 1300 491 sermonem,
1327 445 1364 483 iu
1384 458 1458 498 quo

131 500 234 538 inest
262 499 361 538 haec
393 500 475 552 ipsa
511 500 630 546 ratio,
670 512 743 550 qua
775 512 856 537 cum
884 512 931 537 eo
959 500 1134 550 cogitans
1165 501 1351 552 loquaris,
1389 516 1462 554 per

133 570 243 610 quem
270 557 430 610 loquens
455 558 617 608 cogitas.
668 555 726 594 Ita
750 555 940 595 secundus
967 555 1246 609 quodammodo
1272 559 1310 597 in
1338 566 1374 598 te
1400 567 1461 599 est

131 627 278 661 sermo,
305 627 375 667 per
405 627 515 666 quem
548 614 716 666 loqueris
748 613 976 666 cogitando,
1009 622 1049 653 et
1078 628 1150 667 per
1174 629 1284 668 quem
1310 618 1460 669 cogitas

131 671 346 724 loquendo,
378 672 460 724 ipse
492 685 618 710 sermo
650 671 747 710 alius
778 679 850 711 est.
913 671 1063 720 Quanto
1090 685 1185 724 ergo
1211 674 1359 725 plenius
1384 675 1460 713 hoc

131 731 261 780 agitur
283 730 321 768 in
347 728 435 776 deo,
464 730 570 767 cuius
597 736 636 767 tn
662 742 812 781 quoque
838 730 965 781 imago
986 736 1026 767 et
1045 730 1251 769 similitudo
1274 733 1459 778 censeris,

133 785 235 839 qnod
266 786 408 825 babeat
431 787 470 824 in
496 799 537 824 se
569 787 684 824 etiam
720 785 887 824 tacendo
925 787 1130 833 rationem,
1170 795 1209 826 et
1239 789 1278 826 in
1309 790 1460 827 ratione

130 845 373 883 sermonem?
401 843 558 881 Possum
579 843 709 894 itaque
729 856 804 880 non
825 850 972 881 temere
991 845 1285 894 praestruxisse,
1312 852 1353 883 et
1370 853 1462 884 tuuc

131 899 245 940 deum
280 907 371 939 ante
406 900 667 938 universitatis
709 900 1019 938 constitutionem
1059 901 1179 939 solum
1217 915 1292 939 non
1329 902 1460 949 fuisse,

129 957 337 997 habentem
356 958 537 996 insemet
562 958 645 1008 ipso
670 955 833 1008 proinde
859 958 1048 996 rationem
1074 965 1113 996 et
1138 959 1175 996 in
1200 960 1352 998 ratione
1378 972 1462 998 ser-

128 1028 295 1062 monem,
321 1027 432 1067 quem
457 1012 665 1052 secundum
691 1027 714 1051 a
738 1026 780 1052 se
806 1014 956 1052 faceret
980 1014 1162 1065 agitando
1188 1017 1287 1054 intra
1312 1030 1367 1055 se.

116 1062 130 1075 ⁶
247 1075 287 1114 6.
349 1071 456 1109 Haec
493 1071 551 1109 vis
587 1078 628 1108 et
663 1070 761 1108 haec
799 1069 915 1108 divini
952 1084 1084 1109 sensus
1122 1071 1322 1123 dispositio
1360 1071 1461 1124 apud

131 1129 343 1181 scripturas
369 1129 484 1166 etiam
510 1128 549 1166 in
576 1125 746 1179 Sophiae
772 1128 925 1165 nomine
953 1126 1180 1168 ostenditur.
1237 1128 1334 1176 Quid
1361 1130 1460 1168 enim

131 1187 343 1239 sapientius
366 1186 518 1224 ratione
546 1183 609 1223 dei
634 1185 715 1223 sive
741 1186 945 1223 sermone?
996 1184 1130 1236 Itaque.
1158 1184 1339 1238 Sophiam
1366 1200 1461 1238 quo-

132 1256 205 1296 que
231 1241 390 1290 exaudi,
423 1249 464 1280 ut
493 1240 700 1280 secundam
730 1254 934 1293 personam
966 1241 1170 1281 conditam.
1237 1242 1364 1281 Primo
1392 1243 1461 1282 do-

131 1302 255 1340 minus
286 1301 434 1339 creavit
465 1313 525 1338 me
557 1300 704 1337 initium
734 1300 880 1337 viarum
911 1300 949 1337 in
981 1312 1101 1351 opera
1125 1313 1211 1348 sua,
1243 1302 1461 1352 priusquam

131 1366 274 1398 terram
288 1358 453 1404 faceret,
479 1357 697 1410 priusquam
717 1363 867 1395 montes
887 1357 1193 1405 collocarentur-3
1220 1365 1308 1396 ante
1330 1371 1462 1396 omnes

131 1423 259 1455 antem
281 1415 402 1454 colles
422 1415 624 1466 generavit
637 1427 709 1460 me,
725 1416 762 1463 ¹)
788 1415 827 1452 in
846 1426 959 1452 sensu
978 1428 1046 1452 suo
1067 1415 1219 1453 scilicet
1238 1414 1409 1454 condens
1423 1421 1463 1453 et

132 1486 337 1525 generans.
370 1471 520 1511 Dehinc
534 1471 782 1510 adsistentem
797 1484 880 1509 eam
895 1472 977 1523 ipsa
991 1473 1236 1523 separatione
1252 1484 1461 1523 cognosce.

133 1526 411 1584 Cum‘pararet,
431 1530 566 1581 inquit,
587 1529 751 1575 coelum,
772 1527 927 1567 aderam
941 1529 997 1566 illi
1010 1529 1140 1576 simul3
1167 1536 1206 1567 et
1221 1542 1332 1581 quum
1342 1529 1463 1567 fortia

130 1587 305 1628 faciebat
317 1600 434 1639 super
445 1593 595 1633 ventos,
611 1599 709 1638 quae
723 1599 871 1625 sursum
885 1585 1026 1633 nubila,
1042 1593 1082 1624 et
1100 1599 1211 1637 quum
1225 1593 1328 1624 tutos
1340 1599 1462 1638 pone-

129 1645 200 1685 bat
210 1645 340 1684 fontes
352 1645 448 1692 eius,
464 1656 561 1696 quae
575 1643 787 1689 subcoelo,
808 1656 883 1693 ego
898 1656 1003 1681 eram
1018 1656 1102 1681 cum
1116 1643 1183 1680 illo
1198 1644 1460 1694 compingens,

131 1715 209 1753 ego
229 1715 348 1748 eram,
374 1700 424 1739 ad
450 1713 562 1752 quam
588 1698 801 1749 gaudebat3
833 1695 1155 1750 quotidie‘autem
1176 1698 1404 1736 oblectabar
1423 1700 1461 1737 in

130 1771 300 1812 persona
318 1758 496 1808 ipsius&
533 1755 633 1794 Nam
659 1762 699 1792 ut
723 1755 884 1806 primum
910 1753 1004 1792 deus
1027 1755 1148 1792 voluit
1172 1767 1231 1801 ea,
1259 1767 1356 1807 quae
1376 1767 1462 1793 cum

134 1814 306 1868 Sophiae
325 1814 475 1852 ratione
496 1819 537 1850 et
556 1823 731 1850 sermone
753 1809 997 1862 disposuerat
1015 1812 1116 1849 intra
1140 1824 1195 1858 se,
1222 1812 1260 1849 in
1285 1811 1461 1850 substan-

132 1874 207 1912 tias
226 1879 267 1911 et
291 1871 442 1923 species
467 1882 555 1908 suas
580 1867 712 1913 edere,
739 1868 858 1919 ipsum
882 1868 1042 1920 primum
1067 1869 1228 1920 protulit
1246 1881 1460 1907 sermonem

132 1929 339 1970 habentem
371 1929 411 1966 in
441 1939 484 1965 se
516 1923 731 1964 individuas
766 1938 854 1963 suas
890 1926 1078 1963 rationem
1110 1933 1150 1964 et
1182 1924 1382 1977 Sophiam,
1419 1932 1463 1963 ut

132 2000 206 2041 per
234 1988 355 2039 ipsum
387 1984 527 2023 fierent
555 1983 750 2028 universa,
782 1995 854 2035 per
878 1995 988 2034 quem
1013 1989 1127 2022 erant
1152 1983 1322 2034 cogitata
1347 1990 1461 2034 atque

134 2045 339 2097 disposita,
377 2043 452 2081 imo
484 2047 525 2080 et
554 2040 659 2078 facta
687 2039 781 2087 iam,
821 2047 999 2092 quantum
1030 2041 1069 2078 iu
1100 2038 1164 2079 dei
1195 2053 1320 2079 sensu.
1377 2039 1464 2079 Hoc

134 2103 236 2142 enim
266 2102 324 2140 eis
355 2098 508 2145 deerat,
539 2104 582 2135 ut
610 2110 740 2136 eoram
773 2110 923 2149 quoque
948 2098 987 2136 in
1012 2098 1089 2136 suis
1114 2097 1317 2150 speciebus
1347 2104 1463 2150 atque

133 2158 355 2198 substantiis
381 2161 712 2208 cognoscerentur
735 2161 776 2192 et
799 2161 1036 2193 tenerentur.

250 2218 292 2257 7.
349 2214 456 2252 Tunc
487 2213 606 2264 igitur
629 2212 744 2250 etiam
769 2211 851 2263 ipse
876 2225 1002 2250 sermo
1028 2214 1195 2264 speciem
1223 2219 1263 2250 et
1288 2218 1461 2248 ornatum

133 2286 242 2313 snum
272 2273 403 2317 sumit,
436 2283 570 2309 sonum
594 2275 636 2308 et
659 2281 813 2314 vocem,
845 2281 929 2307 cum
961 2267 1056 2307 dicit
1085 2268 1199 2308 deus:
1232 2264 1304 2306 'fiat
1331 2268 1405 2306 lux.
1421 2267 1460 2315 ⁸)

135 2329 245 2370 Haec
264 2320 329 2379 ests
349 2329 526 2367 nativitas
550 2326 726 2378 perfecta
752 2325 950 2372 sermonis,
977 2325 1065 2364 dum
1090 2339 1140 2364 ex
1164 2325 1238 2363 deo
1264 2323 1460 2376 procedit3

137 2386 316 2427 conditus
346 2386 394 2424 ab
426 2398 475 2424 eo
506 2386 665 2436 primum
697 2381 746 2420 ad
778 2383 986 2432 cogitatum
1016 2384 1055 2420 in
1086 2383 1239 2420 nomine
1271 2380 1465 2433 Sophiae.-

136 2443 310 2483 dominus
342 2441 517 2481 condidit
546 2454 605 2480 me
642 2440 787 2479 initium
823 2440 1039 2487 viarum34)
1078 2438 1217 2478 dehinc
1254 2445 1464 2490 generatus

231 2583 268 2621 1)
282 2582 379 2614 Prov.
396 2583 427 2622 8,
442 2582 487 2611 22
498 2589 548 2619 sq.
642 2579 676 2619 2)
691 2577 736 2609 ib.
748 2586 780 2608 v,
795 2578 837 2607 2¹1
851 2585 923 2615 sqq.
1008 2577 1044 2616 3)
1058 2577 1141 2608 Gen.
1157 2578 1187 2616 1,
1204 2578 1234 2607 3.
1315 2574 1349 2616 4)
1362 2576 1462 2607 Prov.

138 2629 171 2668 8,
198 2629 251 2658 22.
