1604 2800
471 205 599 238 ADV.
634 207 1070 240 HERMOGENEM.
1386 212 1453 250 ,ὅ

125 301 217 340 salis
242 301 344 339 illius
369 301 479 339 molis
503 308 731 351 argumenta
758 300 1003 353 portendant.
1064 301 1207 354 Atquin
1234 304 1454 356 singillatim

124 357 314 401 deliniens
347 358 546 405 tenebras,
592 358 788 410 abyssum,
834 360 1006 411 spiritum
1039 357 1123 407 dei,
1173 374 1311 413 aquas,
1363 364 1455 402 nibil

126 416 326 455 confusum
357 429 430 454 nec
469 417 507 453 iu
541 416 767 455 confusione
800 417 987 455 incertum
1019 419 1213 457 aestimari
1251 417 1350 459 facit
1382 428 1455 459 tam

126 472 248 518 divisa
273 474 415 512 relatio
442 481 637 513 certorum
665 481 703 512 et
730 474 997 513 distinctorum
1023 476 1316 515 elementorum.
1373 478 1456 517 Hoc

125 530 277 587 quidem
303 532 483 583 amplius,
523 545 607 570 cum
633 533 726 570 situs
758 534 936 584 proprios
961 534 1018 572 eis
1042 533 1248 580 adscribit,
1277 536 1458 574 tenebras

127 601 245 642 super
268 589 468 641 abyssum,
506 590 680 641 spiritum
705 603 822 642 super
846 603 983 642 aquas,
1010 593 1166 642 negavit
1192 594 1457 632 confusionem

127 646 444 692 substantiarum,
471 660 628 698 quarum
654 645 955 686 demonstrando
982 647 1274 700 dispositionem
1298 650 1458 689 demon·

128 705 266 743 stravit
296 705 412 742 etiam
445 703 745 743 distinctionem.
807 704 1061 744 Vanissimum
1088 706 1274 758 denique,
1311 715 1354 746 ut
1379 722 1459 746 ma·

128 763 247 807 teria,
286 774 384 813 quae
410 761 585 799 informis
611 761 823 807 inducitur,
862 761 909 800 de
938 768 996 800 tot
1026 763 1234 802 formarum
1259 765 1458 804 vocabulis

127 819 304 862 informis
328 817 599 864 adseveretur,
633 832 709 856 non
735 817 860 864 edito,
889 817 976 870 quid
1003 821 1054 858 sit
1076 819 1170 859 illud
1198 834 1339 873 corpus
1365 836 1461 861 cou-

126 876 303 923 fusionis,
330 875 429 928 quod
457 876 609 914 unicum
635 877 765 927 utique
792 875 1026 915 credendum
1049 885 1121 924 est,
1147 879 1180 916 si
1200 879 1365 918 informe
1386 888 1458 919 est.

128 933 327 993 Uniforme
353 934 514 980 etenim,
548 932 649 985 quod
676 933 838 972 informe
866 941 943 981 est,
986 935 1149 974 informe
1176 943 1323 983 autem,
1358 938 1460 989 quod

126 1005 177 1031 es
209 992 397 1034 »arietante
429 991 628 1030 confusum
660 991 737 1037 est,
776 1005 886 1030 unam
921 992 1062 1031 babeat
1095 1007 1256 1032 necesse
1288 1002 1347 1034 est
1373 1010 1461 1047 spe-

108 1045 241 1095 ciem,
268 1047 369 1101 quod
397 1062 471 1087 non
498 1048 615 1087 babet
639 1050 828 1101 speciem,
861 1048 948 1087 dum
980 1063 1030 1088 cx
1056 1051 1182 1089 multis
1206 1065 1318 1090 uuam
1344 1052 1462 1091 habet

128 1108 311 1160 speciem.
365 1106 546 1145 Ceterum
572 1114 637 1144 ant
663 1106 831 1144 habebat
856 1108 893 1144 in
920 1119 961 1144 se
987 1109 1139 1158 species
1166 1109 1259 1146 istas
1285 1111 1460 1155 materia,

129 1163 178 1202 de
212 1177 370 1216 quarum
400 1163 600 1201 vocabulis
633 1162 885 1214 ¹intelligenda
917 1171 1039 1208 esset,
1079 1165 1260 1203 tenebras
1292 1165 1383 1204 dico
1422 1174 1464 1204 et

129 1221 310 1273 abyssum
335 1227 376 1260 et
399 1221 571 1271 spiritum
598 1228 636 1258 et
669 1233 806 1272 aquas,
843 1228 910 1258 aut
939 1234 1015 1259 non
1047 1221 1228 1260 habebat.
1289 1222 1332 1262 Si
1360 1226 1460 1263 enim

133 1278 322 1324 babebat,
359 1276 551 1329 quomodo
585 1277 780 1316 inducitur
812 1291 886 1316 nou
919 1277 1064 1317 babens
1098 1279 1267 1318 forinas?
1315 1279 1358 1320 Si
1385 1295 1460 1320 uon

131 1335 319 1381 habebat,
347 1334 538 1387 quomodo
564 1336 816 1386 agnoscitur?

249 1396 317 1434 31.
370 1391 448 1431 Sed
474 1399 514 1430 et
545 1391 635 1430 illud
663 1394 795 1445 utique
823 1394 1059 1445 captabitur,
1098 1394 1145 1434 de
1172 1395 1286 1434 coelo
1311 1396 1397 1434 solo
1423 1403 1463 1434 et

132 1449 181 1490 tle
209 1458 312 1490 terra
339 1451 411 1488 ista
436 1451 664 1502 scripturam
690 1450 944 1502 significasse,
970 1451 1071 1503 quod
1098 1465 1180 1490 eam
1207 1453 1245 1490 iu
1273 1453 1462 1504 principio

128 1507 230 1549 deus
253 1508 414 1557 (acerit,
441 1506 489 1547 de
517 1507 722 1569 speciebus
747 1515 873 1547 autem
899 1522 1014 1562 supra
1040 1508 1154 1548 dictis
1179 1510 1272 1548 nihil
1305 1511 1397 1557 tale,
1423 1518 1465 1549 et

132 1565 224 1606 ideo
247 1578 334 1612 eas,
363 1578 460 1617 quae
486 1558 618 1605 factae
641 1579 717 1604 non
743 1566 1027 1616 significentur,
1059 1566 1109 1606 ad
1134 1568 1315 1606 infectam
1342 1575 1463 1607 mate-

128 1625 230 1664 riam
269 1624 490 1676 pertinere.
562 1622 895 1675 Respondebimus
938 1624 1028 1662 huic
1072 1638 1223 1676 qnoque
1267 1626 1459 1677 scrupulo.

134 1680 339 1734 Scriptura
371 1679 499 1720 diviua
530 1681 623 1719 satis
654 1680 883 1726 dissereret,
910 1682 943 1719 si
968 1693 1132 1720 summas
1158 1683 1261 1734 ipsas
1286 1695 1414 1720 rerum
1440 1696 1462 1720 a

129 1738 212 1783 deo
230 1739 363 1782 saetas
395 1736 703 1776 commendasset
735 1738 885 1776 coelum
909 1744 951 1777 et
976 1733 1139 1803 terram,
1178 1739 1365 1777 hahentes
1389 1741 1464 1777 uti-

137 1807 210 1847 que
242 1801 446 1845 suggestus
464 1807 567 1832 suos
599 1795 797 1844 proprios,
838 1795 901 1849 qui
932 1795 970 1832 in
996 1795 1090 1846 ipsis
1119 1797 1273 1834 summis
1298 1797 1463 1847 intelligi

132 1858 309 1905 possent.
358 1849 572 1902 Suggestus
597 1858 723 1889 autem
751 1851 852 1890 coeli
877 1858 918 1889 et
948 1858 1077 1891 terrae
1110 1853 1232 1903 primo
1265 1859 1354 1891 tuuc
1380 1853 1465 1892 fue-

138 1911 215 1949 rint
239 1907 426 1949 tenebrae
452 1914 493 1947 et
516 1907 676 1960 abyssus
700 1914 742 1946 et
764 1909 921 1960 spiritus
944 1916 985 1948 et
1014 1922 1149 1960 aquae.
1209 1909 1308 1948 Nam
1334 1917 1464 1950 terrae

141 1965 294 2020 quidem
318 1966 478 2006 suberat
506 1965 675 2017 abyssus·
691 1973 732 2004 et
756 1965 956 2006 tenebrae.
1001 1965 1043 2005 Si
1063 1968 1163 2006 euim
1184 1967 1344 2019 abyssus
1364 1969 1463 2007 inira

141 2032 303 2071 terram,
342 2023 528 2062 tenebrae
553 2029 679 2062 autem
704 2036 821 2075 super
844 2023 1039 2075 abyssum,
1078 2025 1160 2063 sine
1193 2024 1310 2064 dubio
1341 2033 1382 2064 et
1406 2033 1465 2065 te-

135 2082 298 2127 nebrae
323 2089 365 2120 et
398 2082 559 2133 abyssus
597 2080 697 2119 infra
732 2087 889 2122 terram,
943 2081 1196 2121 Coeloffvero
1233 2083 1389 2134 spiritus
1425 2092 1464 2121 et

143 2152 267 2191 aquae
289 2138 560 2184 subiacebant,
600 2151 684 2175 uam
709 2138 743 2176 si
767 2151 888 2194 aquae
914 2146 1037 2191 super'
1055 2146 1217 2186 terram,
1257 2153 1354 2192 quae
1379 2154 1464 2179 eam

135 2202 341 2242 texerant,
366 2197 522 2247 spiritus
547 2203 673 2236 autem
698 2208 814 2247 super
843 2209 979 2248 aquaS,
1011 2199 1157 2249 pariter
1181 2205 1221 2236 et
1245 2197 1401 2249 spiritus
1426 2205 1466 2237 et

142 2266 267 2305 aquae
303 2266 420 2305 super
449 2261 607 2292 terram.
661 2251 767 2300 Quae
795 2266 891 2294 vero
916 2267 1032 2306 super
1064 2262 1224 2300 terram,
1261 2267 1308 2293 ea
1334 2256 1464 2306 utique

141 2311 244 2350 infra
282 2311 446 2349 coelum.
505 2310 557 2348 Et
591 2311 690 2348 sicut
725 2317 831 2349 terra
867 2310 1007 2364 abysso
1038 2319 1078 2351 et
1109 2311 1297 2355 tenebris,
1336 2313 1389 2349 ita
1426 2319 1467 2350 et

145 2369 296 2407 coelum
323 2368 471 2420 spiritui
497 2375 536 2406 et
561 2368 669 2419 aquis
694 2367 917 2414 incubabat,
945 2376 984 2407 et
1010 2367 1378 2420 complectebantur.
1416 2368 1467 2407 Et

145 2427 200 2464 ita
225 2438 362 2464 novum
389 2439 464 2463 non
490 2432 568 2471 est,
595 2432 636 2463 ut
659 2423 698 2462 id
723 2425 862 2472 solum,
889 2425 990 2477 quod
1017 2427 1208 2471 continet,
1236 2426 1463 2471 nominetur,

147 2495 230 2536 qna
246 2483 442 2529 summale,
470 2483 507 2520 iu
533 2484 607 2521 isto
628 2487 755 2521 autem
775 2483 1024 2534 intelligatur,
1052 2490 1090 2521 et
1110 2481 1211 2534 quod
1232 2483 1463 2530 continetur,

148 2535 223 2592 ‘qua
245 2541 478 2592 portionale.
528 2540 648 2586 Ecce,
675 2540 706 2578 si
733 2538 872 2586 dicam,
900 2540 1035 2586 civitas
1061 2539 1254 2579 exstruxit
1274 2540 1464 2580 theatrum

149 2604 189 2635 et
214 2599 375 2643 circum,
403 2611 518 2637 scena
546 2605 669 2636 autem
698 2605 782 2635 erat
807 2592 902 2636 talis
920 2605 957 2636 ct
984 2598 1083 2643 tatis,
1111 2605 1150 2636 et
1175 2605 1324 2638 statuae
1350 2611 1466 2651 super
