1604 2800
149 134 259 173 294
592 131 717 164 Anv.
754 130 1032 164 IUDAEOS.

152 229 255 280 ipsos
286 222 530 263 homicidium
563 236 639 261 non
672 223 968 270 commisissent,
1007 218 1222 261 excidendo
1248 218 1296 259 de
1322 222 1476 260 immor-

151 285 320 328 talitate,
359 278 539 319 faciendo
578 287 713 319 contra
745 279 807 318 dei
841 285 1108 332 praeceptum,
1147 291 1166 316 a
1193 279 1295 317 furto
1327 291 1476 331 quoque

152 339 442 385 abstinuissent,
474 338 506 376 si
538 335 585 375 de
617 337 743 375 fructu
775 337 927 376 arboris
960 337 1055 375 clam
1088 349 1162 374 non
1195 334 1475 386 degustassent,

152 410 224 435 nec
251 409 274 434 a
301 401 508 446 conspectu
541 393 682 431 domini
716 392 777 432 dei
811 396 868 433 sui
893 394 960 433 sub
987 393 1127 432 arbore
1153 392 1385 431 delitescere
1411 404 1480 443 ge-

153 455 320 499 stissent,
342 464 415 491 nec
430 452 562 490 falsum
578 449 819 490 adseveranti
835 451 988 490 diabolo
1002 451 1210 503 participes
1224 448 1479 495 efficerentur,

155 509 350 550 credendo
376 510 431 554 ei,
465 507 565 560 quod
597 508 738 546 similes
773 507 834 547 dei
865 515 993 547 essent
1023 507 1159 554 futuri,
1191 513 1305 558 atque
1331 507 1385 545 ita
1409 518 1482 545 nec

153 567 265 606 deum
292 565 554 612 offendissent,
586 572 628 603 ut
651 572 819 616 patrem,
851 567 914 617 qui
940 578 1007 603 eos
1032 562 1081 603 de
1107 564 1195 602 limo
1221 570 1350 602 terrae
1377 562 1484 615 quasi

155 637 203 664 ex
235 631 345 662 utero
379 623 509 660 matris
541 622 794 673 figuraverat3
832 624 864 661 si
896 623 1060 661 alienum
1093 635 1167 659 non
1201 620 1483 673 concupissent,

156 680 203 720 de
230 681 355 719 fructu
382 681 516 717 illicito
543 693 618 717 nou
645 687 875 730 gustassent.
938 678 1060 730 Igitur
1083 680 1122 717 in
1148 678 1219 717 hac
1248 677 1421 729 generali
1445 682 1485 715 et

158 737 394 790 primordiali
423 735 483 774 dei
510 736 611 787 lege,
639 750 749 787 quam
776 737 813 775 in
839 737 991 775 arboris
1016 737 1143 774 fructu
1169 735 1367 773 observari
1392 732 1486 772 deus

157 800 350 839 sanxerat,
378 794 502 830 omnia
528 801 736 844 praecepta
760 794 856 844 legis
878 794 1105 845 posterioris
1125 792 1348 845 specialiter
1367 789 1487 830 indita

158 851 275 888 fuisse
303 850 589 899 cognoscimus,
623 862 720 899 quae
754 851 830 888 suis
857 849 1220 901 temporibusedita
1247 849 1488 899 germinave-

160 913 262 945 runt.
326 904 506 943 Eiusdem
539 911 599 942 est
629 906 728 943 enim
766 912 902 957 postea
938 905 1081 944 docere
1119 905 1263 956 legem,
1303 906 1366 957 qui
1397 910 1487 943 ante

159 962 412 1014 praemiserat
431 968 690 1012 praeceptum,
719 963 894 1013 quoniam
915 963 1084 1013 etipsius
1098 969 1158 1000 est
1171 961 1325 1000 erudire
1339 967 1488 1012 postea,

162 1020 223 1071 qui
249 1025 336 1056 ante
362 1019 484 1056 iustos
510 1018 676 1056 formare
703 1019 933 1056 instituerat.
1006 1017 1104 1065 Quid
1136 1018 1235 1056 enim
1267 1018 1420 1064 mirum,
1459 1017 1490 1055 si

160 1078 193 1114 is
218 1081 336 1125 auget
361 1073 614 1125 disciplinam,
643 1075 706 1125 qui
732 1075 906 1121 instituit,
935 1075 966 1113 si
990 1075 1023 1112 is
1047 1074 1214 1126 prolicit,
1248 1073 1311 1126 qui
1338 1074 1493 1126 coepit?

164 1132 335 1183 Denique
355 1137 443 1169 ante
464 1132 586 1181 legem
601 1130 728 1183 Moysi
748 1132 927 1184 scriptam
952 1132 989 1170 in
1016 1131 1153 1170 tabulis
1180 1129 1340 1183 lapideis
1366 1131 1491 1182 legem

163 1190 279 1227 fuisse
301 1187 493 1226 contendo
515 1201 590 1226 non
610 1189 804 1240 scriptam,
833 1201 928 1240 quae
956 1189 1183 1227 naturaliter
1201 1187 1495 1238 intelligebatur

165 1253 204 1284 ct
223 1259 246 1284 a
260 1245 429 1297 patribus
445 1243 745 1284 custodiebatur.
783 1244 881 1284 Nam
902 1244 1001 1284 unde
1015 1244 1105 1284 Noe·
1124 1246 1242 1283 iustus
1257 1245 1442 1290 inventus,
1457 1244 1494 1292 ¹)

166 1303 197 1340 si
224 1315 298 1340 non
318 1302 420 1340 illum
441 1302 624 1340 naturalis
650 1302 746 1352 legis
772 1303 917 1341 iustitia
941 1301 1228 1354 praecedebat?
1250 1299 1351 1340 unde
1370 1299 1497 1339 Abra·

168 1361 255 1397 ham
294 1359 437 1396 amicus
473 1357 535 1396 dei
573 1357 793 1409 deputatus,
832 1361 862 1397 si
895 1358 1044 1398 nonde
1070 1358 1264 1411 aequitate
1290 1364 1329 1396 et
1353 1357 1498 1396 iustitia

168 1416 268 1464 legis
305 1413 564 1461 naturalis?2)
602 1414 701 1452 unde
727 1415 1018 1454 Melchisedech
1056 1414 1240 1455 sacerdos
1271 1413 1334 1453 dei
1365 1413 1498 1452 summi

171 1470 479 1519 nuncupatuS,³)
513 1470 543 1506 si
576 1483 650 1506 non
676 1477 764 1508 ante
790 1471 987 1510 Leviticae
1020 1473 1116 1522 legis
1142 1470 1398 1511 sacerdotium
1423 1469 1500 1509 Le-

168 1527 273 1563 vitae
299 1525 466 1571 fuerunt,
494 1526 556 1575 qui
582 1526 775 1564 sacrificia
800 1525 873 1565 deo
901 1527 1141 1565 offerebant?
1195 1527 1261 1566 Sic
1287 1528 1385 1566 enim
1411 1532 1500 1578 post

172 1594 287 1632 supra
314 1581 479 1632 scriptos
504 1582 745 1632 patriarchas
771 1581 858 1621 data
884 1583 947 1622 lex
972 1583 1198 1635 estMoysi,
1231 1595 1279 1622 eo
1310 1589 1499 1634 tempore,

174 1644 309 1690 postea
348 1650 456 1688 quam
496 1637 542 1674 ab
581 1637 763 1690 Aegypto
813 1647 1088 1688 excesserunt,
1137 1646 1225 1691 post
1260 1639 1500 1677 intervallum

173 1695 374 1732 multorum
400 1700 613 1744 temporum
639 1702 679 1732 et
703 1696 837 1746 spatia.
887 1692 1061 1748 Denique
1086 1702 1174 1748 post
1199 1694 1501 1747 quadringentos

176 1758 216 1789 et
242 1751 401 1801 triginta
426 1763 546 1788 annos
570 1748 752 1790 Abrahae
778 1751 868 1790 data
893 1759 952 1791 est
977 1754 1053 1791 lex.
1115 1751 1224 1791 Unde
1255 1752 1502 1803 intelligimus

178 1807 237 1846 dei
265 1807 387 1857 legem
426 1808 539 1845 etiam
577 1815 665 1846 aute
690 1808 871 1860 Moysen,
909 1822 981 1848 nec
1012 1811 1051 1848 in
1077 1809 1230 1848 Choreb
1262 1815 1405 1847 tantum
1437 1813 1503 1847 aut

174 1866 214 1902 in
241 1862 333 1902 Sina
359 1864 458 1902 etin
491 1876 621 1902 eremo
652 1866 831 1916 primum,
869 1866 938 1905 sed
969 1867 1241 1918 antiquiorem,
1278 1866 1438 1918 primum
1463 1866 1502 1904 in

176 1920 375 1972 paradiso,
413 1927 501 1972 post
524 1922 772 1972 patriarchis,
804 1929 917 1974 atque
943 1924 997 1962 ita
1022 1930 1063 1962 et
1086 1922 1240 1961 Iudaeis
1265 1923 1383 1961 certis
1407 1928 1504 1960 tem-

177 1978 334 2028 poribus
359 1978 620 2025 reformatam,
657 1986 699 2016 ut
723 1992 798 2017 non
824 1981 897 2018 iam
924 1979 972 2018 ad
996 1980 1124 2031 Moysi
1149 1979 1275 2030 legem
1299 1980 1354 2017 ita
1378 1984 1503 2017 atten-

177 2033 329 2079 damus,
363 2035 468 2084 quasi
497 2034 546 2072 ad
577 2036 824 2087 principalem
852 2037 995 2087 legem,
1028 2035 1096 2075 sed
1121 2035 1168 2074 ad
1194 2035 1503 2087 subsequentem,

180 2103 292 2140 quam
329 2097 436 2128 certo
473 2098 646 2143 tempore
683 2091 777 2131 deus
803 2100 843 2132 et
872 2094 1048 2144 gentibus
1086 2091 1258 2132 exhibuit
1294 2097 1334 2130 et
1367 2103 1505 2144 repro-

180 2147 329 2185 missam
361 2160 431 2199 per
461 2148 668 2199 propbetas
693 2150 731 2187 iu
757 2151 890 2189 melius
921 2151 1160 2195 reformavit,
1199 2156 1239 2187 et
1262 2149 1506 2201 praemonuit

183 2204 364 2250 futuram,
396 2210 438 2241 ut
461 2205 574 2243 sicuti
600 2212 708 2243 certo
734 2212 907 2258 tempore
933 2206 1020 2245 data
1053 2214 1111 2245 est
1141 2207 1204 2244 lex
1235 2218 1305 2257 per
1327 2205 1503 2258 Moysen,

186 2261 238 2297 ita
263 2261 527 2311 temporaliter
551 2261 756 2301 observata
781 2270 821 2302 et
845 2263 1035 2302 custodita
1060 2262 1252 2302 credatur.
1312 2261 1398 2301 Nec
1422 2260 1506 2300 adi-

185 2328 326 2352 mamus
358 2317 455 2354 hanc
482 2316 544 2355 dei
569 2325 798 2369 potestatem
824 2333 895 2371 pro
921 2327 1133 2372 temporum
1159 2317 1381 2359 conditione
1407 2317 1505 2369 legis

185 2379 394 2422 praecepta
424 2374 694 2412 reformantem
727 2376 764 2412 in
796 2376 957 2415 hominis
994 2377 1165 2415 salutem.
1238 2375 1410 2428 Denique
1442 2373 1504 2426 qui

282 2496 504 2537 1)Gen.6‚8.
598 2497 832 2539 2)1ac.2,23.
927 2499 963 2543 3)
980 2501 1133 2541 Gen.14‚
1151 2502 1205 2531 18.
