1604 2800
173 230 275 268 ue
686 228 758 259 DE
790 228 986 260 amm.

174 337 242 375 pro
275 321 347 360 deo
381 318 602 365 occumbaS,
641 327 682 358 ut
711 320 927 371 paracletus
958 326 1105 366 monet,
1142 333 1218 358 non
1249 317 1286 359 in
1317 320 1491 362 mollibus

173 379 344 418 febribus
363 378 459 416 etin
480 377 642 423 lectulis,
668 376 737 415 sed
761 377 799 415 in
824 377 1029 429 martyriiS,
1056 377 1088 415 si
1113 390 1265 416 crucem
1291 385 1393 417 tuam
1417 380 1495 418 tot·—

175 438 242 483 las,
269 443 308 474 et
333 435 505 486 sequaris
531 433 734 482 dominum,
759 441 801 472 ut
824 435 905 486 ipse
932 435 1143 486 praecepit.
1203 434 1301 473 Tota
1326 434 1494 487 paradisi

175 494 293 532 clavis
324 499 408 530 tuus
439 492 592 542 sanguis
624 499 694 530 est.
762 491 890 530 Habes
920 492 1035 530 etiam
1060 490 1108 530 de
1132 490 1311 544 paradiso
1337 505 1359 531 a
1384 493 1496 532 nohis

175 547 417 600 libellum‚1)
455 562 527 601 quo
561 549 823 588 constituimus
854 562 1002 587 omnem
1033 550 1194 587 animam
1225 547 1324 602 apud
1349 549 1495 588 inferos

176 606 409 658 sequestrari
435 606 472 643 in
498 604 598 643 diem
624 604 779 644 domini.

291 663 412 710 56.2)
463 662 642 701 Occurrit
667 661 912 715 disceptatio,
937 675 986 701 an
1009 662 1086 702 hoc
1111 662 1158 701 ab
1184 675 1347 702 excessu
1371 664 1500 702 statim

177 722 261 766 fiat,
293 733 341 758 au
374 718 554 771 quasdam
581 721 725 758 animas
755 720 880 772 aliqua
911 720 1010 758 ratio
1043 719 1215 759 detineat
1245 720 1306 759 hie
1332 721 1500 767 interim,

178 791 225 815 an
257 778 371 814 etiam
402 783 581 827 receptas
614 777 729 815 liceat
759 784 894 828 postea
924 777 971 815 ab
1003 777 1137 815 inferis
1167 790 1217 816 ex
1246 777 1408 816 arbitrio
1438 777 1503 816 vel

178 847 227 872 ex
259 833 418 883 imperio
450 833 698 870 intervenire.
760 832 850 871 Nec
883 833 1013 872 harum
1045 835 1144 872 enim
1171 835 1390 886 opinionum
1413 846 1505 873 sua-

179 890 306 928 soriae
329 888 477 926 desunt.
517 887 711 926 Creditum
732 896 803 934 est,
829 890 1039 940 insepultos
1065 903 1141 928 non
1166 898 1255 929 ante
1281 890 1330 929 ad
1355 890 1503 929 inferos

178 945 324 996 redigi,
363 958 472 996 quam
503 946 601 982 iusta
626 946 891 996 perceperint,
929 944 1134 984 secundum
1162 946 1404 986 Homericum
1431 946 1507 985 Pae

178 1003 341 1041 troclum
373 1002 482 1039 funus
514 1002 552 1038 in
584 1003 726 1039 somnis
751 1001 801 1040 de
823 1002 977 1040 Achille
1002 1003 1256 1054 flagitantem,
1295 1002 1397 1054 quod
1427 1016 1506 1042 non

181 1061 275 1098 alias
312 1057 418 1097 adire
455 1064 587 1109 portas
625 1058 785 1097 inferum
824 1066 972 1109 posset,
1009 1060 1232 1098 arcentibus
1268 1071 1352 1098 eum
1389 1059 1507 1111 longe

180 1115 376 1154 animabus
407 1115 706 1166 sepultorum-³)
779 1114 963 1153 Novimus
998 1122 1123 1154 autem
1160 1123 1318 1168 praeter
1351 1112 1505 1169 poetica

180 1175 264 1211 iura
296 1173 450 1224 pictatis
482 1184 631 1223 quoque
665 1171 894 1211 Homericae
925 1171 1162 1212 industriam.
1232 1174 1355 1212 Tanto
1386 1174 1509 1225 magis

182 1231 281 1268 euim
302 1242 431 1267 curam
457 1229 675 1280 sepulturae
702 1229 921 1276 collocavit,
949 1237 1088 1282 quanto
1115 1232 1230 1269 etiam
1256 1243 1400 1270 moram
1426 1232 1509 1270 eius

181 1287 404 1324 iniuriosam
434 1286 630 1324 animabus
661 1287 866 1333 incusavit,
898 1288 1008 1326 simul
1038 1294 1079 1326 et
1101 1300 1150 1326 ne
1176 1288 1258 1340 quis
1289 1287 1509 1327 defunctum

184 1343 286 1381 domi
318 1341 492 1380 detinens
524 1344 605 1394 ipse
638 1344 797 1394 amplius
829 1357 911 1383 cum
940 1345 1007 1383 illo
1038 1340 1255 1384 maceretur
1280 1346 1510 1384 enormitate
1550 1371 1551 1374 =

185 1400 312 1437 solatii
344 1398 479 1436 dolore
512 1401 655 1437 nutriti.
729 1400 785 1438 Ita
823 1402 999 1452 querelas
1036 1403 1185 1441 animae
1222 1403 1436 1454 insepultae
1461 1400 1511 1440 ad

186 1462 385 1504 utrumque
412 1456 615 1501 confinxit,
645 1463 687 1493 ut
717 1458 896 1496 instantia
921 1459 1067 1497 funeris
1091 1466 1132 1498 et
1155 1460 1281 1498 honor
1305 1471 1509 1512 corporum

188 1517 361 1548 servetur
397 1517 436 1547 et
473 1512 655 1548 memoria
675 1513 712 1556 4)
756 1513 960 1552 affectuum
1003 1523 1267 1566 temper-etun
1332 1516 1513 1555 Ceterum

189 1580 296 1617 quam
317 1579 464 1611 vanum,
492 1573 532 1603 ut
556 1568 679 1604 anima
700 1570 876 1618 corporis
895 1571 993 1608 iusta
1012 1573 1210 1618 sustineat,
1237 1574 1344 1623 quasi
1369 1572 1512 1624 aliquid

190 1636 239 1661 ex
263 1623 336 1660 illis
368 1622 414 1660 ad
448 1623 593 1660 inferos
623 1624 785 1678 avehat?
841 1625 964 1664 Multo
987 1628 1139 1674 vanius,
1172 1629 1204 1666 si
1229 1629 1368 1666 iniuria
1393 1628 1514 1681 depu-

189 1679 333 1717 tabitur
356 1680 505 1717 animae
532 1682 696 1718 cessatio
722 1682 954 1732 sepulturae,
982 1697 1089 1734 quam
1116 1697 1186 1735 pro
1209 1686 1332 1735 gratia
1352 1685 1515 1724 deberet

189 1736 383 1787 amplecti.
452 1735 587 1787 Utique
620 1738 719 1775 enim
751 1737 896 1776 tardius
927 1738 976 1778 ad
1007 1741 1152 1778 inferos
1184 1741 1353 1779 abstrahi
1385 1742 1514 1788 malet,

191 1806 287 1843 quae
314 1806 385 1831 nec
413 1793 508 1830 mori
532 1793 664 1832 voluit.
701 1793 857 1833 Amabit
881 1797 1033 1847 impium
1059 1797 1278 1844 haeredem,
1310 1811 1382 1850 per
1404 1811 1515 1851 quem

190 1849 315 1888 adhuc
342 1851 511 1900 pascitur
537 1850 637 1888 luce.
685 1850 765 1889 Aut
789 1853 820 1891 si
847 1865 918 1903 qua
944 1867 1014 1905 pro
1041 1862 1150 1892 certo
1176 1855 1313 1894 iniuria
1338 1862 1410 1902 est,
1436 1862 1517 1894 tar-

192 1905 274 1944 dius
300 1906 368 1944 sub
397 1913 537 1946 terram
562 1906 738 1955 detrudi,
771 1909 900 1948 titulus
925 1917 1051 1949 autem
1077 1913 1238 1950 iniuriae
1265 1914 1432 1951 cessatio
1457 1915 1519 1952 est

191 1964 431 2014 sepulturae,
463 1976 642 2014 perquam
673 1965 857 2016 iniquum,
895 1979 979 2007 eam
1016 1968 1154 2006 iniuria
1189 1962 1308 2016 affici,
1346 1971 1409 2008 cui
1440 1980 1524 2008 non·

192 2020 439 2070 imputabitur
475 2022 643 2059 cessatio
681 2022 899 2073 sepulturae
932 2023 981 2063 ad
1011 2025 1206 2076 proximos
1242 2027 1393 2065 seilicet
1416 2037 1519 2078 per·

194 2078 333 2115 tineus.
412 2077 532 2115 Aiunt
567 2085 606 2116 et
642 2079 840 2118 immatura
881 2088 1004 2120 morte
1047 2089 1277 2133 praeventas
1313 2092 1361 2121 eo
1397 2095 1517 2134 usque

193 2135 325 2183 vagari
356 2134 489 2180 isthic,
527 2133 650 2173 donec
688 2137 891 2188 reliquatio
929 2139 1166 2190 compleatur
1201 2137 1388 2187 aetatum,
1425 2152 1518 2192 quas

195 2197 272 2228 tum
297 2192 565 2242 pervixissent,
597 2193 628 2229 si
655 2206 730 2231 non
755 2195 1021 2246 intempestive
1047 2195 1244 2235 obiissent,
1305 2196 1428 2235 Porro
1453 2203 1519 2235 aut

198 2249 403 2286 constituta
438 2255 525 2286 sunt
560 2255 735 2301 tempora
771 2252 992 2304 unicuique,
1031 2259 1070 2291 et
1107 2254 1315 2294 constituta
1350 2255 1529 2306 praeripi

198 2315 310 2351 posse
332 2318 407 2342 non
433 2304 601 2352 credam,
627 2314 694 2345 aut
717 2308 750 2345 si
775 2310 980 2350 constituta
1006 2317 1094 2348 sunt
1117 2309 1281 2362 quidem,
1308 2308 1372 2349 dei
1393 2316 1518 2349 tamen

198 2358 391 2399 voluntate
411 2362 470 2400 vel
492 2362 618 2414 aliqua
643 2371 834 2415 potestate
860 2366 1099 2415 mutilantur-3
1126 2367 1268 2406 frustra
1287 2368 1518 2413 mutilantur,

203 2505 210 2511 ¹
293 2459 329 2513 i)
346 2463 605 2497 cr.a‹1v.1uare.
622 2468 653 2507 5,
671 2468 722 2496 12.
812 2470 847 2509 2)
864 2452 1012 2508 capssss.
1028 2471 1061 2501 et
1077 2470 1177 2501 sain
1191 2470 1264 2502 edd.
1279 2469 1518 2503 Rhemeteei.

202 2511 368 2544 inscripta.
393 2515 488 2541 sunt:
522 2513 578 2540 Au
604 2519 917 2545 commorentur
942 2515 1008 2546 bic
1033 2515 1200 2546 animae
1225 2517 1518 2555 postmortem

203 2550 268 2580 vel
293 2553 339 2582 ab
365 2553 516 2585 inferi·
542 2562 781 2591 commeent.
876 2559 914 2603 3)
934 2562 1032 2593 Hom.
1053 2561 1091 2592 ll.
1110 2562 1165 2600 23,
1186 2563 1229 2591 72
1247 2569 1319 2599 sqq,
1402 2561 1448 2601 ’4)
1468 2561 1520 2592 1¹5⁸

204 2595 277 2626 cod.
292 2597 414 2638 Agob„
434 2600 656 2642 Rig.‚Sem1.;
678 2605 801 2636 ceteri:
828 2615 967 2637 moero
977 2615 1004 2637 r·
