1604 2800
365 162 442 194 DE
475 162 1001 195 RESURRECTIONE
1038 165 1269 199 cARNIS.
1375 165 1482 204 163

150 251 344 293 redditur.
395 252 674 294 Praescribens
698 255 799 294 enim
823 254 872 294 ad
897 256 972 295 hoc
998 256 1152 296 easdem
1177 260 1378 310 passiones
1398 261 1484 299 obi-

149 316 275 350 turam
300 324 477 360 carnem‚
509 313 542 350 si
568 311 703 352 eadem
728 321 996 353 resurrectura
1023 314 1187 362 dicatur,
1214 323 1388 356 naturam
1413 317 1483 357 ad-

148 381 285 407 versus
327 367 519 409 dominum
561 383 668 410 suum
706 378 851 410 temere
889 371 1090 421 defendis,
1137 374 1262 425 legem
1299 374 1483 415 adversus

150 426 314 477 gratiam
344 427 459 480 impie
491 426 660 477 adseris,
699 430 807 481 quasi
838 428 994 469 domino
1022 439 1102 469 non
1128 431 1246 470 liceat
1269 439 1310 471 et
1333 439 1482 472 mutare

149 490 323 522 naturam
359 492 401 524 et
436 486 519 524 sine
556 487 644 538 lege
682 499 852 526 servare.
915 487 998 536 Quo
1031 501 1127 540 ergo
1163 489 1344 541 legimus.
1383 503 1481 542 quae

148 541 403 594 impossibilia
421 542 523 597 apud
542 543 729 591 homines,
749 545 948 597 possibilia
961 545 1062 597 apud
1076 519 1225 593 deum?
1218 549 1254 595 ¹)
1282 554 1340 586 et.
1367 549 1483 586 stulta

147 598 277 637 muudi
302 599 424 652 elegit
448 599 557 649 deus,
583 609 625 640 ut
648 603 838 654 sapientia
862 602 991 641 mundi
1010 603 1247 642 confundat?
1263 605 1302 655 2)
1329 604 1407 643 Oro
1428 612 1480 652 te,

147 655 180 695 si
210 656 390 696 famulum
421 665 524 698 tuum
556 659 735 698 libertate
768 662 992 707 mutaveris,
1031 662 1118 713 quia
1142 661 1278 700 eadem
1305 675 1397 701 caro
1422 669 1479 701 at-

147 725 221 764 que
259 715 384 753 anima
420 717 718 767 permanebunt,
757 730 853 768 quae
891 718 1054 768 flagellis
1092 725 1132 756 et
1162 717 1412 770 compedibus
1442 726 1483 758 et

146 771 390 822 stigmatibus
426 773 619 811 obnoxiae
656 781 763 812 retro
800 774 973 820 fuerant,
1010 773 1211 813 idcircone
1242 776 1308 813 illa
1345 774 1482 814 eadem

146 828 228 880 pati
258 828 480 880 oportebit?
526 829 616 867 Non
649 831 800 882 opinor.
861 830 980 882 Atqui
1006 838 1046 869 et
1067 832 1188 870 vestis
1213 831 1324 871 albae
1350 833 1479 872 nitore

147 891 189 923 et
217 885 328 924 aurei
359 886 489 924 annuli
520 886 669 926 honore
700 893 741 925 et
771 889 922 939 patroni
949 888 1102 927 nomine
1127 901 1174 927 ac
1200 889 1303 928 tribu
1328 902 1480 929 mensa-

147 955 220 994 que
250 941 480 985 bonoratur.
540 943 725 983 Permitte
759 944 858 984 banc
884 952 924 984 et
949 944 1024 984 deo
1050 952 1283 997 potestatem
1307 959 1379 998 per
1403 949 1478 986 vim

145 998 417 1040 demutationis
447 1001 548 1040 illius
582 1002 862 1048 conditionem,
895 1016 971 1040 non
1002 1009 1195 1049 naturam,
1227 1003 1478 1050 reformandi,

145 1055 232 1100 dum
257 1065 299 1096 et
322 1060 522 1111 passiones
546 1060 773 1098 auferuntur
796 1066 836 1098 et
860 1060 1093 1097 munitiones
1113 1060 1376 1098 conferuntur.
1420 1060 1479 1098 Ita

144 1115 315 1154 mauebit
350 1115 503 1167 quidem
541 1129 634 1154 caro
672 1117 787 1155 etiam
818 1123 906 1167 post
935 1117 1280 1162 resurrectionem,
1319 1123 1479 1155 eatenus

144 1171 356 1223 passibilis,
383 1186 458 1224 qua
481 1173 578 1224 ipsa,
605 1186 679 1224 qua
703 1171 856 1218 eadem,
883 1185 931 1210 ea
958 1179 1082 1210 tamen
1107 1172 1363 1224 impassibilis,
1390 1173 1479 1225 quia

145 1228 183 1266 in
209 1228 286 1267 boc
311 1229 432 1280 ipsum
459 1230 686 1268 manumissa
712 1243 735 1267 a
760 1228 927 1276 domino,
955 1242 1001 1268 ne
1026 1229 1127 1267 ultra
1152 1230 1231 1282 pati
1256 1231 1389 1282 possit.

264 1289 334 1327 58.
371 1285 617 1333 Iucunditas,
655 1287 778 1339 inquit
811 1286 972 1333 Esaias,
1009 1293 1169 1325 aeterna
1205 1300 1322 1339 super
1359 1294 1476 1339 caput

145 1343 341 1390 eorum.³)
390 1343 498 1383 Nihil
513 1351 710 1383 aeternum
726 1345 798 1382 nisi
811 1351 899 1396 post
913 1345 1253 1382 resurrectionem.
1302 1343 1476 1395 Aufugit,

144 1401 285 1452 inquit,
312 1399 426 1439 dolor
450 1406 491 1440 et
515 1415 690 1447 moeror,
717 1409 758 1440 et
781 1403 947 1452 gemitus
972 1401 1019 1438 ab
1045 1401 1179 1448 inisst)
1241 1400 1411 1439 Proinde
1435 1408 1478 1440 et

145 1455 282 1496 Ioanni
307 1458 488 1509 angeluS.
520 1466 561 1497 et
585 1457 733 1497 delebit
758 1457 852 1496 deus
878 1470 1028 1496 omnem
1055 1458 1252 1496 lacrimam
1277 1457 1325 1495 ab
1353 1458 1478 1496 oculis

145 1515 339 1562 eorum‚⁵)
359 1516 489 1567 utique
510 1528 561 1554 ex
580 1515 715 1554 iisdem
736 1516 871 1562 oculis,
899 1516 962 1567 qui
981 1521 1089 1553 retro
1110 1515 1309 1561 fleverant,
1338 1516 1478 1581 quique

144 1569 271 1610 adhuc
301 1572 398 1611 flere
422 1573 656 1625 potuissent,
690 1573 724 1612 si
747 1586 826 1611 non
852 1585 1001 1611 omnem
1028 1573 1210 1610 lacrimae
1235 1572 1394 1610 imbrem
1420 1574 1480 1610 in-

145 1627 345 1680 dulgentia
384 1628 514 1669 divina
549 1631 731 1669 siccaret.
792 1630 843 1667 Et
878 1642 1028 1668 rursus:
1064 1628 1162 1666 deus
1200 1630 1302 1667 enim
1331 1628 1481 1667 delebit

145 1698 296 1724 omnem
317 1686 514 1725 lacrimam
532 1687 580 1725 ab
602 1687 724 1725 oculis
744 1699 890 1732 corum,
910 1693 951 1724 et
969 1698 1071 1723 mors
1089 1685 1335 1732 hactenus,⁶)
1363 1686 1482 1735 igitur

145 1748 187 1780 et
216 1743 440 1793 corruptela
470 1743 675 1788 hactenus,
708 1741 871 1793 proinde
902 1754 974 1793 per
1002 1742 1302 1792 incorruptelam
1333 1742 1479 1792 fugata,

147 1797 465 1850 quemadmodum
488 1812 589 1837 mors
610 1812 681 1850 per
698 1799 1035 1837 immortalitatem.
1085 1796 1128 1835 Si
1142 1797 1256 1836 dolor
1268 1804 1308 1836 et
1320 1811 1478 1837 moeror

147 1861 188 1894 et
224 1856 391 1907 gemitus
428 1857 586 1908 ipsaque
622 1869 726 1895 mors
757 1868 807 1893 ex
829 1856 998 1894 laesuris
1029 1862 1069 1893 et
1100 1855 1250 1893 animae
1281 1862 1322 1893 et
1352 1856 1480 1894 carnis

149 1912 378 1960 obveniunt,
417 1912 609 1965 quomodo
646 1913 890 1959 auferentur,
927 1913 1000 1950 nisi
1033 1913 1272 1951 cessaverint
1302 1924 1477 1960 caussae,

149 1970 303 2008 scilicet
335 1970 510 2009 laesurae
543 1971 671 2009 caruis
702 1978 816 2022 atque
849 1971 1025 2008 animae?
1083 1968 1157 2008 Ubi
1188 1982 1300 2008 casus
1324 1968 1478 2009 adversi

147 2026 250 2079 apud
286 2025 505 2066 dominum?
551 2035 618 2066 aut
654 2028 718 2066 ubi
753 2029 929 2066 incursus
965 2027 1095 2066 infesti
1126 2026 1229 2079 apud
1259 2026 1479 2067 Christum?

147 2085 213 2123 ubi
243 2083 462 2124 daemonici
494 2086 656 2136 impetus
680 2084 782 2138 apud
806 2086 979 2137 spiritum
1004 2091 1196 2131 sanctum,
1228 2084 1304 2123 iarn
1330 2092 1371 2123 et
1394 2086 1478 2137 ipso

148 2140 305 2180 diabolo
332 2155 417 2180 cum
443 2143 593 2193 angelis
618 2144 695 2181 suis
720 2143 871 2194 ignibus
896 2144 1050 2181 merso?
1085 2142 1148 2180 ubi
1174 2142 1388 2180 necessitas
1412 2148 1479 2180 aut

149 2197 252 2250 quod
289 2197 433 2237 dicitur
468 2200 622 2238 fortuna
657 2200 719 2239 vel
755 2201 898 2238 fatum?
946 2199 1052 2248 Quae
1089 2199 1327 2237 resuscitatis
1363 2198 1479 2249 plaga

147 2262 238 2308 post
260 2257 437 2295 veniam?
473 2269 571 2308 quae
596 2258 859 2296 reconciliatis
882 2258 942 2295 ira
966 2264 1054 2309 post
1078 2257 1267 2308 gratiam?
1297 2267 1393 2306 quae
1418 2256 1479 2293 in-

154 2313 313 2351 firmitas
337 2320 425 2365 post
442 2314 634 2361 virtutem,
662 2327 758 2366 quae
778 2313 1021 2354 imbecillitas
1040 2320 1129 2366 post
1144 2311 1335 2350 salutem?
1366 2311 1478 2360 Quod

153 2371 381 2410 vestimenta
406 2377 446 2410 et
471 2372 734 2411 calceamenta
758 2371 921 2410 filiorum
946 2371 1100 2410 Israelis
1126 2368 1379 2421 quadraginta
1402 2369 1479 2409 illis

244 2507 276 2546 1)
299 2509 422 2541 Mauh.
438 2510 493 2548 19,
508 2510 563 2540 26.
635 2507 673 2551 2)
700 2510 720 2540 1
735 2510 812 2541 Cur.
827 2511 858 2549 1,
874 2510 916 2539 2¹1
931 2518 979 2547 sq.
1052 2506 1090 2550 3)
1116 2508 1180 2539 les.
1195 2508 1249 2549 35,
1263 2508 1317 2539 10.
1368 2505 1407 2551 4)
1433 2507 1477 2540 ib.

153 2554 190 2598 5)
215 2556 323 2595 Apoc.
337 2556 369 2596 7,
387 2556 440 2587 17.
538 2555 575 2595 6)
599 2556 706 2596 Apoc.
719 2557 776 2595 21,
792 2556 824 2586 4.

1104 2623 1189 2664 11*
