1604 2800
151 196 255 234 1⁵4
377 195 449 226 DE
485 190 995 226 nsssunnssc‘rmNE
1033 169 1259 223 oannis.

154 292 266 329 misso
288 288 361 327 sibi
381 287 508 325 carnis
533 298 684 338 quoque
711 284 925 337 depositum
952 290 1081 323 servat
1100 284 1136 322 in
1157 285 1394 336 semetipso,
1419 298 1482 325 ar·

154 348 337 386 rabonem
363 356 530 384 summae
556 344 687 381 totius.
750 340 1074 391 Quemadmodum
1107 342 1207 380 enim
1241 341 1350 381 nobis
1376 355 1484 383 arra-

152 406 291 443 bonem
328 403 534 455 spiritus¹)
573 401 747 453 reliquit,
787 401 841 439 ita
871 407 911 439 et
941 399 1052 438 nobis
1089 399 1319 439 arrabonem
1357 400 1484 440 carnis

153 462 324 514 accepit,
364 468 404 500 et
438 460 544 499 vexit
580 460 618 497 in
657 458 806 497 coelum
851 458 987 510 pignus
1031 457 1148 496 totius
1190 470 1357 497 summae
1393 458 1484 498 illuc

154 518 380 572 quandoque
418 515 669 568 redigendae.
744 514 882 555 Securi
921 522 1067 563 estote,
1107 528 1214 554 caro·
1239 522 1280 555 et
1315 517 1484 568 sanguis,

154 578 362 629 usurpastis
399 582 438 615 et
476 576 625 614 coelum
664 581 704 613 et
741 587 898 626 regnum
938 573 1001 612 dei
1032 574 1070 612 in
1102 573 1271 612 Christo.
1342 571 1423 613 Aut
1453 573 1486 612 si

153 642 295 686 negent
324 647 392 674 vos
423 634 461 672 in
494 633 668 679 Christo,
707 639 852 684 negent
884 638 924 670 et
954 633 991 670 in
1025 631 1138 670 coelo
1172 630 1383 680 Christum,
1422 631 1486 683 qui

153 693 260 731 vobis
292 692 441 731 coelum
475 697 724 742 negaverunt.
792 689 850 728 lta
882 702 953 728 nec
987 689 1227 742 corruptela,
1267 689 1401 742 inquit,
1427 689 1486 728 in-

153 750 411 802 corruptelam
445 747 675 787 haereditati
706 747 934 796 habebit,2)
974 761 1048 787 non
1079 753 1123 786 ut
1154 759 1308 786 carnem
1334 753 1374 786 et
1398 759 1486 790 san-

153 808 305 859 guinem
332 806 527 845 existimes
561 805 837 857 corruptelam,
877 804 1028 856 quando
1055 806 1138 857 ipsa
1163 806 1238 844 sint
1262 805 1390 857 potius
1416 803 1486 843 ob-

153 865 268 903 noxia
295 863 559 915 corruptelae,
593 875 663 913 per
687 869 847 900 mortem
875 862 1037 908 scilicet,
1071 861 1258 913 siquidem
1284 875 1386 900 mors
1412 868 1484 908 est,

153 934 249 974 quae
272 934 425 960 carnem
440 927 480 959 et
493 920 714 971 sanguinem
737 932 812 957 nou
827 918 940 957 modo
962 919 1184 970 corrumpit,
1212 931 1342 958 verum
1368 919 1484 957 etiam

154 980 354 1018 consumit.
394 977 473 1016 Sed
498 978 676 1029 quoniam
702 989 821 1028 opera
847 978 974 1016 carnis
996 983 1035 1014 et
1054 976 1249 1027 sanguinis
1275 989 1350 1014 non
1371 988 1484 1028 posse

153 1037 336 1088 consequi
355 1048 514 1087 regnum
536 1033 598 1073 dei
618 1033 853 1083 edixerat,³)
882 1047 955 1085 quo
976 1033 1096 1084 magis
1116 1033 1191 1072 hoc
1212 1039 1484 1084 exaggeraret,

151 1094 224 1145 ipsi
250 1106 400 1145 quoque
428 1092 686 1144 corruptelae,
714 1090 752 1130 id
779 1098 838 1130 est
863 1091 989 1138 morti,
1024 1091 1085 1128 cui
1112 1091 1238 1129 carnis
1264 1097 1305 1129 et
1329 1092 1503 1143 sangui-·

151 1151 209 1188 nis
247 1163 367 1202 opera
403 1150 632 1202 proliciunt,
676 1148 956 1188 haereditatem
999 1148 1285 1201 incorruptelae
1328 1147 1484 1188 ademit.

151 1207 250 1246 Nam
277 1215 317 1247 et
340 1208 455 1260 paulo
487 1214 574 1260 post
606 1207 724 1259 ipsius
756 1208 890 1246 mortis
922 1204 1202 1259 quodammodo
1228 1213 1390 1246 mortem
1415 1219 1484 1246 ex-

151 1267 311 1317 pressit,
350 1265 537 1306 devorata
563 1272 622 1304 est
647 1278 767 1312 mors,
802 1263 948 1310 dicens,
982 1265 1019 1302 in
1047 1265 1346 1305 contentionem.
1410 1263 1484 1303 Ubi

151 1330 222 1370 cst,
238 1336 352 1370 morS,
368 1324 524 1362 aculeus
538 1324 647 1362 tuus?
671 1323 734 1363 ubi
749 1329 821 1370 est,
836 1335 951 1370 mors,
966 1324 1183 1375 potentia4)
1194 1325 1291 1376 tua?
1313 1321 1484 1362 Aculeus

151 1388 279 1419 autem
309 1381 443 1418 mortis
475 1379 756 1432 delinquentia,
795 1380 892 1419 haec
930 1381 1005 1419 erit
1042 1381 1277 1432 corruptela.
1351 1379 1484 1419 Virtus

152 1444 279 1475 autem
305 1436 590 1489 delinquentiae
617 1438 751 1488 lex35)
782 1437 848 1474 illa
873 1438 949 1476 alia
974 1439 1056 1477 sine
1084 1437 1219 1485 dubio,
1253 1446 1363 1491 quam
1389 1451 1484 1493 con-

152 1494 276 1532 stituit
311 1495 349 1532 in
387 1494 565 1533 membris
601 1495 678 1532 suis
715 1494 939 1532 militantem
983 1494 1167 1534 adversus
1205 1496 1329 1548 legem
1367 1496 1483 1535 animi

152 1551 275 1600 sui‚⁶)
302 1551 421 1603 ipsam
435 1552 588 1590 scilicet
600 1552 671 1590 vim
688 1549 934 1602 delinquendi
950 1558 1085 1589 contra
1098 1552 1347 1591 voluntatem.
1384 1552 1484 1594 Nam

152 1615 191 1646 et
216 1621 330 1660 supra
355 1609 597 1648 novissimum
622 1609 814 1647 inimicum
841 1616 1002 1647 mortem
1028 1609 1259 1661 evacuari⁷)
1282 1611 1348 1647 ait.
1399 1609 1482 1649 Hoc

151 1665 265 1704 modo
292 1679 364 1705 nec
391 1667 613 1718 corruptela
637 1665 916 1705 haereditatem
948 1667 1235 1718 incorruptelae
1269 1679 1482 1719 conseque·

151 1730 231 1770 tur,
262 1722 303 1762 id
335 1731 412 1771 est,
446 1737 518 1763 nec
551 1737 654 1762 mors
685 1723 964 1775 perseverabit.
1039 1722 1199 1771 Quando
1225 1730 1266 1762 et
1291 1723 1482 1776 quomodo

151 1779 376 1820 defectura?
406 1781 500 1820 Cum
532 1782 570 1820 in
602 1788 749 1828 atomo,
783 1782 821 1819 in
853 1788 1121 1821 momentaneo
1155 1781 1257 1820 oculi
1288 1788 1412 1830 motu,
1445 1783 1484 1821 in

150 1839 353 1878 novissima
379 1838 470 1878 tuba
495 1846 535 1878 et
559 1839 699 1878 mortui
726 1845 931 1891 resurgent
962 1840 1188 1892 incorrupti.
1236 1838 1307 1888 Qui
1332 1839 1386 1887 hi,
1410 1840 1483 1878 nisi

150 1897 212 1947 qui
244 1903 332 1935 ante
365 1897 555 1950 corrupti,
588 1895 627 1935 id
659 1904 719 1936 est
751 1910 935 1952 corpora,
968 1895 1007 1935 id
1038 1904 1098 1936 est
1122 1909 1214 1953 caro
1241 1903 1281 1936 et
1305 1898 1484 1948 sanguis?

150 1951 200 1990 Et
222 1967 290 1992 nos
310 1953 599 1994 demutabimur.
639 1954 695 1993 De
723 1968 796 2007 qua
821 1948 1058 2002 habitudine,
1086 1955 1158 1994 nisi
1185 1955 1222 1993 in
1249 1968 1322 2007 qua
1343 1953 1482 2008 depre-

150 2009 384 2050 hendemur?
421 2012 584 2065 Oportet
615 2013 714 2051 enim
747 2013 1007 2065 corruptivum
1039 2011 1139 2051 istud
1164 2011 1333 2052 induere
1352 2013 1482 2051 incor-

149 2069 377 2119 ruptionem,
405 2077 444 2109 et
463 2070 625 2109 mortale
645 2070 745 2109 istud
766 2069 927 2109 induere
948 2070 1285 2109 immortalitatem.
1300 2071 1336 2120 ⁸)
1381 2068 1481 2118 Quid

150 2126 330 2173 mortale,
364 2128 436 2166 nisi
463 2130 581 2167 caro?
611 2127 700 2180 quid
728 2129 1005 2180 corruptivum,
1039 2128 1111 2166 nisi
1137 2128 1316 2179 sanguis?
1344 2125 1405 2166 Ac
1431 2138 1478 2166 ne

149 2189 260 2233 putes
297 2184 400 2223 aliud
438 2187 584 2225 sentire
622 2186 836 2239 apostolum
874 2185 1138 2238 providentem
1170 2185 1258 2232 tibi,
1299 2191 1339 2223 et
1363 2191 1413 2223 ut
1429 2183 1478 2223 de
1511 2228 1518 2231 ,

151 2252 265 2279 carne
303 2241 445 2282 dictum
482 2244 675 2295 intelligas
712 2243 969 2291 laborantem,
1008 2257 1092 2283 cum
1131 2242 1228 2282 dicit
1257 2240 1357 2281 istud
1389 2255 1478 2281 cor·

150 2299 343 2365 ruptivum·
361 2307 400 2339 et
424 2301 524 2340 istud
550 2302 726 2348 mortale,
753 2294 890 2340 cutem'
904 2302 1022 2353 ipsam
1048 2309 1184 2340 tenens
1209 2299 1315 2339 dicit.
1360 2299 1477 2339 Gerte

149 2353 248 2392 istud
274 2357 345 2394 nisi
371 2357 417 2397 de
445 2360 633 2407 subiecto,
661 2359 733 2398 nisi
759 2358 808 2398 de
835 2360 1085 2412 comparenti,
1112 2353 1379 2412 pronuntiasse
1399 2369 1476 2396 nou

242 2505 277 2541 1)
302 2506 409 2537 ποι.
427 2509 456 2545 5,
462 2509 507 2539 5
595 2505 642 2549 2)
663 2509 769 2539 100r.
785 2510 839 2546 15,
855 2511 909 2541 50.
1004 2510 1040 2549 3)
1061 2509 1140 2540 inm.
1234 2509 1272 2548 4)
1294 2508 1355 2540 13:11.
1370 2507 1473 2539 Fran.

149 2547 1340 2617 etnig.contentio.5)1c‹›1·.15,55sq.c)n01n.7,2³.
1436 2553 1472 2590 ⁷)

152 2593 254 2622 ieor.
270 2595 321 2635 15,
338 2597 391 2627 25.
485 2596 523 2640 s)
548 2598 590 2632 ιι,
606 2608 635 2629 v.
651 2601 745 2629 50—
756 2601 807 2629 53.
