1604 2800
169 162 243 198 ιθ
493 162 618 195 Anv.
654 161 1171 196 VALEN‘rtNtANos.

169 264 210 295 ct
234 269 366 306 magus
397 254 564 293 Marcus·
626 254 785 293 Multum
812 256 917 294 circa
943 256 1130 308 imagines
1156 257 1256 308 legis
1279 255 1504 297 Theotimus

170 320 352 365 operatus
377 319 448 352 est.
513 313 568 350 Ita
601 326 783 364 nusquam
817 314 890 352 iam
921 313 1168 361 Valentinus,
1209 321 1248 354 et
1273 321 1400 354 tamen
1425 315 1505 354 Va·-

170 372 388 417 lcntiniani,
429 372 491 423 qui
523 383 593 422 per
622 369 883 410 Valentinum.
947 370 1062 411 Solus
1094 371 1142 411 ad
1169 371 1396 411 hodiernum
1422 371 1504 412 An-

170 430 341 468 tiochiae
378 428 594 467 Axionicus
631 430 853 467 memoriam
890 429 1088 468 Valentini
1132 431 1285 482 integra
1329 429 1506 470 custodia

170 488 389 539 regularum
428 488 509 525 eius
549 487 783 527 consolatur.
844 486 1028 540 Alioquin
1059 495 1204 527 tantum
1231 502 1272 527 se
1298 488 1388 527 huic
1413 489 1508 528 hae-

170 547 245 584 resi
273 544 437 584 suadere
464 545 687 596 permissum
716 551 786 591 est,
815 553 996 597 quantum
1018 547 1130 598 lupae
1152 547 1319 586 feminae
1343 547 1506 586 ¹formam

171 602 343 656 quotidie
369 616 580 655 supparare
607 603 792 642 sollemne
819 611 891 643 est.
954 603 1121 653 Quidni?
1151 618 1237 643 cum
1262 605 1436 658 spiritale
1462 605 1508 644 il-

171 660 234 700 lud
266 674 396 700 semen
423 674 527 699 suum
554 662 610 698 sic
636 661 673 699 in
707 674 936 713 unoquoque
969 665 1227 702 recenseant?
1287 661 1330 701 Si
1361 661 1508 716 aliquid

173 719 259 757 novi
275 718 549 765 adstruxerint,
577 719 853 757 revelationem
869 721 994 758 statim
1016 721 1212 772 appellant
1224 722 1509 774 praesumptio-

172 788 276 822 nem,
316 783 356 813 et
381 775 570 814 charisma
603 776 817 825 ingenium,
858 790 930 815 nee
963 779 1168 824 unitatem,
1209 778 1277 817 sed
1305 778 1510 818 diversita-

172 840 262 871 tem.
325 831 495 884 Ideoque
522 831 776 884 prospicimus
802 835 973 885 seposita
999 836 1064 873 illa
1091 836 1266 874 sollemni
1293 835 1509 876 dissimula-

173 892 278 929 tione
305 904 372 928 sua
398 891 603 942 plerosque
631 889 768 937 dividi,
809 891 1030 942 quibusdam
1064 893 1238 931 articulis
1265 895 1380 932 etiam
1407 894 1509 932 bona

174 947 248 987 sule
283 946 473 986 dicturos:
515 948 589 986 hoe
622 948 674 986 ita
702 962 776 986 non
804 956 881 996 est,
921 957 961 988 et
993 950 1067 989 hoc
1105 952 1235 999 aliter
1256 952 1429 1003 accipin,
1469 959 1510 991 et

173 1007 247 1045 hoc
286 1019 361 1044 non
399 1019 586 1057 agnosco.
660 1005 864 1045 Varietate
908 1008 1007 1046 enim
1047 1009 1252 1047 innovatur
1289 1009 1507 1060 regularum

172 1065 314 1111 facies,
347 1063 465 1102 habet
490 1064 603 1102 etiam
632 1063 786 1102 colores
812 1065 1132 1115 ignorantiarum.

289 1125 328 1163 5.
371 1121 466 1160 Mihi
491 1127 617 1159 autem
646 1134 728 1159 cum
756 1123 980 1175 archetypis
1006 1125 1081 1162 erit
1107 1124 1216 1163 limes
1241 1125 1508 1178 principalium

172 1180 464 1231 magistrorum,
504 1192 580 1216 non
608 1192 692 1217 cum
719 1179 912 1219 affectatis
939 1180 1100 1220 ducibus
1126 1183 1364 1234 passivorum
1391 1182 1509 1223 disci-

173 1238 361 1290 pulorum.
422 1237 508 1275 Nec
546 1235 712 1289 undique
747 1237 921 1277 dicemur
952 1241 1024 1291 ipsi
1057 1240 1167 1278 nobis
1199 1241 1355 1280 finxisse
1389 1247 1510 1281 mate-

173 1296 271 1341 rias,
310 1308 403 1346 quas
435 1302 494 1332 tot
525 1295 597 1332 iam
631 1295 702 1333 viri
735 1297 942 1336 sanctitate
976 1305 1015 1336 et
1047 1300 1284 1350 praestantia
1322 1300 1507 1351 insignes,

174 1366 246 1391 nec
274 1353 395 1390 solum
421 1353 542 1390 nostri
575 1359 866 1400 antecessores,
905 1354 974 1394 sed
1006 1357 1174 1407 ipsorum
1213 1357 1509 1396 haeresiarcha-

175 1423 255 1447 rum
284 1410 612 1460 contemporales,
652 1411 956 1450 instructissimis
981 1414 1236 1453 voluminibus
1261 1422 1301 1454 et
1325 1414 1510 1468 prodide-

175 1474 263 1505 runt
288 1474 328 1504 et
352 1465 597 1513 retuderunt,
636 1474 678 1504 ut
704 1467 886 1515 Iustinus,
926 1470 1175 1522 philosophus
1202 1479 1239 1510 et
1266 1481 1430 1525 martyr,
1469 1480 1512 1512 ut

174 1523 382 1570 Miltiades,
409 1524 662 1563 ecclesiarum
684 1525 869 1576 sophista,
898 1534 938 1565 ut
957 1526 1153 1575 irenaeus,
1182 1530 1346 1568 omnium
1363 1530 1510 1570 doetri-

175 1595 306 1620 narum
335 1582 616 1621 curiosissimus
642 1583 880 1634 explorator,
907 1591 949 1622 ut
965 1584 1150 1624 Proculus
1176 1593 1322 1635 noster,
1350 1588 1510 1639 virginis

174 1647 358 1678 senectae
385 1647 425 1678 et
451 1640 683 1678 christianae
710 1641 957 1693 eloquentiae
985 1642 1172 1694 dignitaS,
1212 1658 1308 1696 quos
1341 1645 1378 1683 in
1407 1648 1510 1685 omni

176 1710 295 1749 opere
322 1697 426 1744 fidei,
454 1696 770 1749 quemadmodum
798 1700 835 1737 in
863 1700 951 1747 isto,
979 1703 1194 1752 optaverim
1219 1703 1387 1755 assequi.
1431 1705 1512 1742 Aut

175 1757 206 1793 si
232 1756 270 1793 in
296 1761 418 1793 totum
444 1755 628 1794 haereses
654 1769 730 1794 non
763 1764 869 1805 sunt,
907 1766 949 1796 ut
981 1760 1043 1810 qui
1076 1772 1142 1798 eas
1174 1760 1322 1812 pellunt
1354 1761 1540 1801 finxisse*

176 1812 396 1859 credantur,
423 1814 631 1852 mentietur
649 1814 846 1866 apostolus
862 1815 901 1869 1)
916 1815 1168 1868 praedicator
1192 1818 1363 1867 illarum,
1391 1832 1509 1871 porro

175 1872 205 1909 si
233 1878 337 1917 sunt,
377 1884 453 1909 non
485 1871 584 1910 aliae
612 1879 742 1919 crunt,
783 1886 894 1925 quam
921 1887 1018 1926 quae
1044 1882 1320 1915 retractantur.
1382 1876 1508 1924 Nemo

176 1935 251 1967 tam
278 1930 425 1967 otiosus
450 1930 574 1968 fertur
598 1930 701 1974 stilo,
729 1937 771 1968 ut
796 1932 979 1976 materias
1005 1933 1151 1973 habens
1177 1934 1308 1986 fingat.

291 1990 329 2028 6.
383 1987 502 2037 [gitur
543 1987 617 2026 hoc
656 1988 806 2035 libelle,
857 2004 932 2042 quo
978 1988 1347 2031 demonstrationem
1386 1993 1507 2032 solum

177 2045 467 2094 praemittentes
494 2045 593 2084 illius
619 2048 767 2093 arcani,
796 2060 843 2086 ne
871 2062 982 2100 quem
1009 2063 1059 2088 ex
1083 2049 1299 2089 nominibus
1317 2057 1396 2088 tam
1419 2063 1508 2102 per-

176 2103 322 2152 egrinis
354 2109 393 2140 et
426 2104 573 2141 coactis
605 2111 645 2142 et
671 2106 884 2156 compactis
910 2114 950 2145 et
981 2107 1168 2159 ambiguis
1202 2107 1329 2159 calip?
1363 2108 1508 2147 suffun-

177 2158 261 2206 dat,
289 2158 480 2211 quomodo
509 2162 564 2199 eis
589 2163 694 2200 usuri
720 2163 854 2210 simus,
882 2165 987 2217 prius
1011 2164 1268 2204 demandabo.
1331 2165 1508 2215 Quorun-

176 2216 262 2255 dam
288 2219 386 2256 enim
415 2216 462 2257 de
495 2232 639 2270 graeco
672 2221 945 2273 interpretatio
972 2237 1048 2262 non
1075 2224 1249 2263 occurrit
1272 2223 1322 2263 ad
1347 2223 1508 2276 expedi·

176 2282 251 2313 tam
278 2274 440 2328 proinde
467 2278 629 2315 nominis
655 2278 815 2317 formam
841 2309 852 2327 ,
881 2282 1116 2332 quorundam
1144 2294 1217 2320 nec
1243 2280 1292 2320 de
1315 2295 1411 2330 ,sexu
1435 2295 1508 2334 ‘ge-

176 2346 269 2371 nera
296 2335 541 2381 conveniunt,
569 2335 805 2387 quorundam
831 2339 1011 2378 usitatior
1035 2340 1071 2377 in
1099 2353 1243 2390 graeco
1269 2341 1409 2379 notitia
1433 2346 1505 2378 est.

178 2389 309 2441 Itaque
335 2391 535 2443 plurimum
562 2406 707 2443 graeca
738 2408 942 2446 ponemus,
983 2397 1264 2448 significantiae
1297 2410 1368 2449 per
1398 2397 1507 2448 pagi-

178 2460 308 2486 narum
335 2449 474 2488 limites
499 2449 681 2499 aderunt,
721 2465 792 2492 nec
821 2454 947 2493 latinis
974 2454 1126 2506 quidem
1159 2454 1323 2495 deerunt
1345 2467 1505 2515 graeca,

270 2572 307 2616 1)
334 2577 352 2605 1
367 2577 443 2608 cor.
459 2577 513 2617 11,
529 2578 584 2609 19.
