1624 2826
355 222 479 253 ADv.
514 223 877 255 MARCIONEM
913 225 1088 255 LIBER
1125 227 1164 255 V.
1343 224 1445 262 281

119 314 292 352 strinxit:
330 321 371 352 et
394 315 533 354 mortui
565 322 766 367 resurgent
793 317 1025 369 incorrupti,
1064 319 1125 370 qui
1152 318 1225 356 iam
1252 318 1442 366 obierunt,

119 378 162 409 et
186 384 256 409 nos
279 371 520 418 mutabimur,
547 374 610 424 qui
634 374 674 410 in
699 386 817 412 carne
842 375 1026 413 fuerimus
1051 374 1281 427 deprehensi
1300 390 1324 414 a
1349 376 1443 424 deo;

119 435 159 466 et
189 428 244 467 illi
276 429 375 467 enim
401 437 606 481 resurgent
634 431 867 483 incorrupti,
902 439 1061 484 recepto
1087 433 1238 472 scilicet
1264 447 1442 485 corpore,

119 492 160 524 et
184 484 335 538 quidem
360 487 528 538 integro,
560 494 602 525 ut
626 501 676 526 ex
701 488 774 526 hoe
800 490 875 527 sint
899 490 1127 542 incorrupti,
1155 498 1195 529 et
1220 491 1258 529 hi
1283 499 1446 543 propter

118 545 303 595 temporis
332 544 505 582 ultimum
534 546 609 583 iam
641 553 871 584 momentum
903 554 943 584 et
973 554 1134 599 propter
1165 549 1302 587 merita
1325 561 1445 587 vexa-

116 602 261 640 tionum
285 601 504 639 antichristi
530 602 794 654 compendium
822 605 975 651 mortis,
1014 604 1083 643 sed
1113 607 1265 651 mutati,
1306 619 1445 645 conse-

117 665 283 710 quentur
310 658 553 714 superinduti
582 661 702 711 magis
734 660 836 712 quod
867 660 915 700 de
942 663 1055 700 coelo
1086 669 1163 708 est,
1203 676 1312 714 quam
1338 665 1443 702 exuti

116 728 271 768 corpus.
330 715 387 754 Ita
413 718 446 755 si
476 716 515 755 hi
540 729 657 768 super
681 731 821 769 corpus
846 718 1006 757 induent
1030 720 1203 758 coeleste
1229 718 1335 766 illud,
1367 722 1442 757 uti-

116 785 190 824 que
214 780 256 812 et
279 775 419 811 mortui
444 774 637 824 recipient
662 787 820 825 corpus,
853 788 969 827 super
993 775 1094 827 quod
1120 782 1159 814 et
1185 777 1257 827 ipsi
1282 775 1442 814 induant

113 829 414 881 incorruptelam
446 828 495 868 de
527 830 660 878 coelo,
706 832 792 882 quia
825 838 865 869 et
895 831 943 870 de
975 832 1052 870 illis
1082 834 1154 871 ait:
1194 845 1355 872 necesse
1382 841 1442 872 est

113 887 373 938 corruptivum
404 886 507 925 istud
538 886 700 926 induere
731 889 1030 941 incorruptelam
1063 897 1103 928 et
1139 891 1301 929 mortale
1339 891 1440 930 istud

110 943 495 993 immortalitatem.¹)
558 944 617 983 ltti
642 944 814 992 induunt,
842 959 925 984 cum
951 948 1174 998 receperint
1198 961 1350 999 eorpus,
1377 950 1440 986 isti

111 1000 401 1053 superinduunt,
428 1002 517 1054 quia
541 1016 617 1040 non
643 1004 842 1041 amiserint
867 1017 1019 1056 corpus,
1046 1011 1085 1042 et
1100 1003 1187 1042 ideo
1202 1018 1278 1043 non
1293 1012 1439 1044 temere

111 1057 210 1096 dixit
231 1059 409 1098 uolentes
433 1060 523 1098 exui
549 1073 728 1111 corpore,
756 1059 825 1099 sed
850 1060 1086 1113 superindui,
1114 1060 1153 1099 id
1179 1069 1238 1100 est
1262 1063 1439 1101 nolentes

109 1122 272 1155 nortem
296 1118 480 1168 experiri,
507 1115 576 1155 sed
601 1118 679 1155 vita
704 1119 935 1169 praeveniri,
962 1119 1016 1156 nti
1042 1118 1251 1157 devoretur
1274 1120 1438 1157 mortale

110 1171 190 1212 hoe>
223 1186 247 1211 a
282 1175 379 1220 vita,
397 1175 436 1222 2)
476 1173 562 1212 dum
601 1175 764 1226 eripitur
800 1177 914 1213 morti
950 1188 1020 1226 per
1061 1175 1436 1226 superindumentum

111 1227 398 1269 demutationis.
470 1229 564 1269 Ideo
606 1232 693 1282 quia
732 1230 900 1269 ostendit
940 1231 1014 1269 hoc
1057 1232 1203 1269 melius,
1228 1245 1339 1279 esse,
1389 1245 1437 1271 ne

112 1288 387 1326 contristemur
410 1288 558 1334 mortis,
586 1289 617 1326 si
642 1288 764 1335 forte,
790 1295 1021 1340 praeventu,
1048 1295 1088 1326 et
1112 1288 1340 1327 arrabonem
1366 1303 1437 1328 nos

108 1345 265 1396 spiritus
301 1343 397 1383 dicit
420 1358 443 1383 a
469 1344 544 1383 deo
581 1345 750 1392 habere,
790 1347 896 1397 quasi
933 1347 1159 1397 pignoratos
1195 1347 1234 1383 in
1272 1345 1434 1384 eandem

108 1414 215 1453 spem
238 1401 579 1454 superindumenti,
605 1409 645 1441 et
670 1403 806 1441 abesse
832 1416 854 1441 a
880 1402 1046 1449 domino,
1074 1402 1302 1454 quamdiuin
1317 1416 1434 1441 carne

7 1447 10 1449 Α
64 1486 71 1490 -
108 1471 259 1507 sumus,
294 1472 343 1498 ae
367 1467 576 1512 propterea
602 1459 747 1498 dehere
772 1459 863 1498 honi
890 1459 1060 1506 ducere,
1099 1460 1235 1498 abesse
1261 1460 1387 1511 potius
1412 1474 1434 1498 a

106 1528 274 1570 eorpore
306 1524 348 1556 et
377 1530 463 1556 esse
496 1530 580 1556 eum
612 1516 785 1564 domino,
829 1524 872 1555 ut
896 1524 936 1555 et
972 1524 1132 1555 mortem
1170 1517 1337 1555 libenter
1367 1530 1435 1556 ex-

106 1575 309 1626 cipiamus,
346 1581 461 1627 atque
492 1573 592 1613 adeo
626 1587 758 1613 omnes
788 1576 843 1612 ait
874 1587 945 1612 nos
976 1581 1160 1626 oportere
1197 1575 1435 1613 manifestari

105 1638 196 1670 ante
230 1632 398 1671 tribunat
435 1632 598 1678 Christi,
637 1639 679 1671 ut
714 1633 879 1684 recipiat
914 1633 1191 1684 unusquisque,
1230 1644 1327 1683 quae
1364 1645 1435 1683 per

38 1708 42 1711 ’
106 1700 246 1742 corpus
281 1689 435 1728 admisit
470 1691 550 1728 sive
586 1690 727 1728 bonum
764 1691 844 1728 sive
875 1690 1075 1734 malum.³)
1136 1687 1178 1726 Si
1210 1690 1309 1727 enim
1342 1696 1431 1726 tunc

79 1795 82 1799 ῃ
105 1746 308 1785 ren-tbutio
333 1747 571 1793 meritorum,
595 1745 789 1798 >quomodo
815 1747 889 1784 iam
909 1747 1026 1796 aliqui
1047 1759 1129 1783 eum
1152 1745 1226 1784 deo
1252 1753 1434 1796 poterunt

106 1801 308 1854 deputari?
364 1803 416 1840 Et
445 1803 613 1840 tribuual
649 1810 774 1840 autem
806 1801 1037 1840 nominando
1064 1808 1104 1839 et
1128 1801 1432 1852 dispunctionem

106 1859 198 1898 boni
222 1873 269 1898 ae
295 1859 384 1897 mali
412 1860 561 1910 operis,
593 1860 789 1910 utriusque
815 1859 1030 1896 sententiae
1056 1857 1223 1896 iudicem
1249 1857 1430 1905 ostendit,

32 1949 37 1951 .
105 1924 145 1956 et
175 1929 379 1969 corporum
406 1917 570 1954 omnium
602 1916 998 1967 repraesentationem
1026 1915 1276 1953 confirmavit.
1338 1915 1428 1954 Non

104 1975 204 2013 enim
228 1975 375 2026 poterit
398 1972 500 2025 quod
527 1985 693 2024 corpore
718 1971 919 2011 admissum
951 1979 1029 2018 est,
1068 1986 1142 2010 non
1175 1986 1341 2024 corpore
1371 1974 1429 2010 iu-

104 2030 240 2071 dicari.
301 2031 457 2083 Iniquus
482 2032 582 2069 enim
608 2029 716 2076 deus,
741 2031 775 2068 si
804 2043 881 2068 non
911 2042 982 2082 per
1006 2028 1045 2068 id
1060 2030 1224 2081 ‘punitur
1255 2031 1339 2081 quis
1363 2037 1430 2068 aut

103 2090 277 2136 iuvatur,
314 2102 385 2141 per
422 2087 522 2140 quod
560 2094 742 2139 operatus
777 2094 851 2125 est.
926 2085 970 2125 Si
1005 2100 1079 2139 qua
1122 2099 1218 2138 ergo
1256 2086 1428 2125 conditio

105 2159 205 2186 nova
227 2147 266 2184 in
290 2146 467 2192 Christo,
508 2152 642 2184 vetera
666 2146 917 2191 transierunt,
955 2157 1052 2184 ecce
1084 2157 1180 2182 nova
1212 2145 1316 2182 facta
1342 2151 1429 2182 sunt

106 2203 292 2255 omuia,⁴)
316 2203 472 2255 impleta
499 2210 558 2241 est
582 2202 723 2240 Esaiae
747 2202 964 2254 prophetia.
1027 2200 1070 2240 Si
1095 2203 1209 2240 etiam
1236 2201 1360 2247 iubet,
1386 2208 1429 2238 ut

104 2259 327 2299 mundemus
356 2273 428 2298 nos
458 2260 505 2298 ab
538 2260 823 2311 inquinamento
855 2258 983 2298 carnis
1012 2266 1054 2297 et
1082 2259 1323 2310 sauguinis5)
1350 2270 1427 2294 non

103 2319 352 2357 substantiam
385 2330 527 2369 capere
564 2323 724 2367 regnum
754 2315 836 2363 dei,
879 2317 911 2354 si
949 2323 991 2355 et
1025 2317 1212 2367 virginem
1255 2320 1427 2352 sanctam

103 2375 271 2415 destinat
294 2375 502 2414 ecclesiam
527 2373 731 2424 adsignare
757 2373 984 2425 Christo‚⁶)
1021 2374 1152 2424 utique
1185 2379 1225 2409 ut
1250 2383 1426 2422 sponsam

104 2445 263 2485 sponso:
303 2446 379 2470 non
418 2438 546 2484 potest
583 2432 710 2482 imago
749 2431 931 2481 coniungi
969 2431 1125 2468 inimico
1155 2428 1330 2466 veritatis
1366 2427 1423 2464 rei

194 2571 232 2608 1)
257 2572 276 2600 1
291 2573 370 2603 cor.
390 2572 445 2610 15,
467 2571 520 2601 53.
615 2567 652 2611 2)
679 2570 790 2599 2cor.
810 2565 887 2605 5‚4.
983 2565 1019 2607 3)
1042 2567 1131 2598 mv.
1146 2569 1165 2596 ⁵
1181 2582 1214 2588 -
1238 2567 1293 2596 ιο.
1387 2565 1425 2604 4)

105 2617 150 2647 u».
162 2616 192 2647 v.
208 2618 262 2648 ιτ.
286 2618 350 2648 ιε..
363 2618 418 2656 43,
436 2618 490 2647 19.
586 2613 623 2657 5)
651 2616 670 2644 2
684 2615 761 2644 cor.
775 2614 875 2644 6,st
888 2614 920 2654 τ,
935 2615 966 2644 1.
1062 2615 1100 2652 6)
1125 2613 1145 2642 2
1159 2611 1238 2644 Cor.
1249 2613 1303 2652 11,
1315 2612 1346 2642 2.

1057 2667 1141 2711 19*

1126 2747 1146 2760 Ι·
