1624 2826
356 201 479 233 Anv.
514 201 881 233 MARcmNEM
917 202 1093 233 LIBER
1124 202 1179 234 ιν.
1340 200 1444 238 229

114 293 248 342 mittit3
288 294 351 346 qui
389 292 580 332 dimissam
611 307 633 332 a
664 295 748 333 viro
776 293 954 341 duxerit,
993 308 1114 348 aeque
1141 294 1294 334 adulter
1319 297 1442 343 est31)

114 358 157 390 ut
182 352 238 390 sic
263 364 413 404 quoque
439 352 645 404 prohibeat
671 351 894 400 divortium,
934 353 1107 391 illicitum
1139 354 1234 392 facit
1265 353 1448 405 repudia-

115 416 179 448 tae
222 410 515 448 matrimonium.
588 409 746 461 Moyses
789 424 882 449 vero
927 412 1113 462 permittit
1155 410 1356 463 repudium
1407 412 1446 449 in

116 466 439 505 Deuteronomio:
478 468 510 505 si
536 469 713 506 sumserit
739 469 821 519 quis
847 481 1019 515 uxorem,
1048 476 1087 507 et
1111 469 1342 508 habitaverit
1364 482 1449 507 cum

118 537 184 571 ea,
222 531 263 563 et
292 526 468 574 evenerit
505 539 582 563 non
615 526 787 563 invenire
820 539 904 564 eam
929 525 1030 578 apud
1062 539 1147 565 eum
1173 528 1361 578 gratiam,
1400 539 1448 565 eo

118 580 220 635 quod
250 583 443 621 inventum
475 583 524 621 sit
556 584 593 620 in
626 583 691 621 illa
718 583 947 635 impudicum
974 586 1195 636 negotium,
1233 585 1379 624 scribet
1404 584 1450 622 Ii-

117 639 259 678 bellum
285 639 436 692 repudii
464 647 505 678 et
531 639 638 678 dabit
668 642 706 678 in
732 655 845 679 manu
871 643 972 688 eius,
1013 649 1053 680 et
1078 641 1245 680 dimittet
1270 643 1372 680 illam
1400 641 1448 679 de

119 696 233 735 domo
259 711 341 736 sua.
352 698 392 751 2)
452 697 573 736 Vides
599 698 861 737 diversitatem
888 700 984 749 legis
1010 706 1050 737 et
1074 700 1285 749 evangelii,
1323 699 1417 750 Moy
1420 700 1451 737 si

118 761 160 794 et
184 754 351 793 Christi?
398 754 536 802 Plane3
582 769 656 792 non
695 756 793 793 enim
831 757 1014 807 recepisti
1039 755 1132 794 illud
1159 769 1308 808 quoque
1336 769 1452 795 evan-

119 811 468 864 gelium-eiusdem
504 813 679 850 veritatis
711 819 751 851 et
782 812 952 851 eiusdem
987 813 1147 860 Christi,
1187 815 1225 851 in
1262 827 1337 867 quo
1363 827 1453 866 pro-

117 869 256 908 hibens
280 868 484 908 divortium
510 872 705 922 propriam
732 868 997 922 quaestionem
1022 872 1105 910 eius
1131 872 1313 910 absolvit:
1340 871 1455 924 Moy·

119 939 182 966 ses
219 935 379 979 propter
414 926 591 966 duritiam
631 926 760 966 cordis
796 930 915 970 vestri
947 930 1150 981 praecepit
1186 929 1353 968 libellum
1392 943 1455 968 re-

119 983 228 1038 pudii
265 984 379 1033 dare3
419 999 438 1023 a
478 985 690 1037 primordio
717 993 843 1025 autem
870 999 946 1025 non
971 988 1043 1025 fuit
1069 988 1143 1034 sic3
1189 989 1278 1039 quia
1303 988 1456 1026 scilicet

121 1043 185 1095 qui
209 1047 353 1083 marem
379 1050 419 1081 et
443 1044 621 1082 feminam
648 1044 809 1091 fecerat,
837 1051 950 1083 erunt
970 1043 1058 1091 duo,
1086 1044 1250 1092 dixerat,
1278 1046 1315 1083 in
1337 1058 1455 1084 carne

120 1113 222 1150 uua,
261 1100 362 1153 quod
394 1100 488 1139 deus
514 1102 641 1153 itaque
674 1103 820 1149 iunxit,
860 1102 972 1140 homo
1005 1102 1309 1156 disiunxerit23)
1372 1102 1457 1140 Hoc
1492 1122 1503 1135 ο

124 1159 226 1197 enim
257 1156 444 1210 responso
466 1166 518 1213 'et
541 1159 668 1210 Moysi
702 1161 1015 1198 constitutionem
1042 1161 1230 1210 protexit,
1268 1167 1310 1197 ut
1335 1161 1391 1197 sui
1418 1166 1459 1197 et

127 1216 316 1254 creatoris
352 1216 631 1254 institutionem
669 1215 838 1263 direxit,
887 1224 929 1255 ut
966 1216 1141 1255 Christus
1183 1218 1314 1269 ipsius.
1378 1215 1459 1255 Sed

127 1280 314 1325 quatenus
341 1286 390 1311 ex
414 1273 481 1311 his
498 1273 755 1312 revincendus
781 1287 836 1321 es,
864 1287 961 1326 quae
987 1276 1185 1326 recepisti,
1213 1276 1269 1312 sic
1298 1274 1366 1313 tibi
1392 1287 1459 1313 oc-

127 1343 298 1378 curram,
329 1344 383 1369 ac
421 1332 453 1369 si
490 1344 596 1370 meus
634 1331 821 1370 Christus.
884 1331 1023 1370 Nonne
1063 1339 1102 1371 et
1135 1333 1216 1384 ipse
1248 1332 1459 1384 prohibens

128 1382 357 1434 divortium,
395 1395 436 1426 et
470 1395 618 1440 patrem
657 1396 784 1428 tamen
816 1396 973 1440 gestans
1005 1402 1108 1436 eum,
1150 1391 1212 1441 qui
1244 1402 1388 1428 marem
1421 1397 1461 1428 et

126 1447 305 1485 feminam
332 1447 473 1492 iunxit,
512 1447 757 1485 excusaverit
781 1448 908 1499 potius
935 1460 1045 1514 quam
1071 1446 1308 1489 destruxerit
1332 1446 1459 1499 Moysi

128 1504 470 1545 constitutionem?
519 1503 598 1542 Sed
631 1516 727 1543 ecce
753 1506 809 1543 sic
836 1512 921 1543 tuus
946 1505 996 1544 sit
1020 1506 1093 1544 iste
1126 1506 1326 1551 Christus,
1366 1518 1460 1543 con-

127 1562 286 1600 trarium
323 1560 468 1600 docens
493 1561 621 1614 Moysi
654 1570 694 1600 et
727 1564 923 1610 creatori,
961 1570 1044 1610 ut,·
1065 1564 1097 1601 si
1123 1577 1199 1602 non
1226 1564 1461 1601 contrarium

129 1618 350 1666 ostendero,
379 1623 490 1658 meus‘
510 1621 572 1658 sit.
624 1619 722 1658 Dico
748 1621 861 1667 enim,
889 1620 993 1659 illum
1020 1620 1337 1659 conditionaliter
1362 1634 1460 1659 nunc

127 1677 271 1724 fecisse
297 1676 453 1715 divortii
479 1678 794 1729 prohibitionem,
827 1680 858 1730 si
883 1677 974 1717 ideo
1001 1680 1084 1731 quis
1110 1676 1277 1717 dimittat
1303 1691 1460 1716 uxorem

131 1740 172 1772 et
194 1735 308 1772 aliam
334 1733 461 1772 ducat.
524 1735 597 1782 Qui
623 1734 834 1782 dimiserit,
873 1737 1018 1787 inquit,
1062 1749 1246 1782 uxorem,
1286 1743 1325 1773 et
1350 1736 1462 1773 aliam

131 1790 310 1835 duxerit,
348 1790 576 1828 adulterium
615 1793 830 1838 commisit,
868 1799 910 1830 et
946 1794 1008 1843 qui
1041 1806 1064 1830 a
1093 1794 1231 1831 marito
1270 1791 1462 1831 dimissam

132 1847 304 1893 duxerit,
343 1860 466 1898 aeque
492 1847 645 1885 adulte1
669 1855 747 1894 est,
786 1861 836 1886 ex
866 1848 1002 1887 eadem
1034 1851 1164 1902 utique
1197 1861 1352 1896 caussa,
1391 1863 1462 1902 qua

131 1919 210 1944 non
232 1905 329 1944 licet
353 1904 504 1952 dimitti,
531 1912 572 1943 ut
596 1906 672 1943 alia
698 1901 882 1955 ducatur,
906 1907 1040 1945 illicite
1067 1909 1166 1946 enim
1187 1906 1378 1946 dimissam
1392 1921 1463 1959 pro

133 1963 330 2006 indimissa
354 1962 523 2010 ducens,
562 1962 714 2001 adulter
744 1971 815 2002 est.
876 1963 1025 2003 Manet
1039 1966 1139 2003 enim
1170 1966 1463 2017 matrimonium,

135 2020 237 2074 quod
262 2034 339 2059 non
364 2022 438 2059 rite
465 2019 693 2072 diremptum
719 2028 797 2069 est3
823 2026 1002 2060 manente
1027 2024 1291 2070 matrimonio,
1318 2023 1465 2062 nubere

133 2078 363 2118 adulterium
396 2085 466 2116 est.
529 2078 587 2116 Ita
625 2078 1005 2119 si‘eonditionaliter
1040 2081 1237 2133 prohibuit
1270 2079 1465 2120 dimittere

134 2149 314 2183 uxorem,
351 2149 428 2174 non
454 2137 492 2174 in
518 2143 637 2174 totum
664 2134 876 2187 probibuit,
914 2145 954 2176 et
979 2138 1080 2190 quod
1105 2153 1180 2178 nou
1207 2139 1405 2191 prohibuit
1428 2140 1465 2176 in

136 2202 282 2240 totum,
320 2194 494 2244 permisit
530 2194 604 2231 alia
642 2194 797 2243 subiicie,
816 2196 853 2246 ⁴)
892 2208 1027 2235 caussa
1065 2204 1217 2244 cessat,
1269 2197 1319 2234 ob
1357 2209 1466 2247 quam

137 2253 346 2307 prohibuit.
402 2250 527 2289 Etiam
554 2264 629 2289 non
655 2253 888 2293 contrarium
913 2252 1039 2306 Moysi
1066 2254 1195 2301 docet,
1223 2254 1330 2291 cuius
1354 2266 1468 2304 prae-

114 2318 291 2365 -ceptum
317 2308 459 2349 alicubi
487 2316 710 2358 conservat3
749 2310 914 2350 nondum
942 2309 1030 2350 dico
1058 2312 1270 2350 confirmat.
1331 2309 1411 2348 Aut
1435 2311 1467 2348 si

233 2473 267 2514 1)
292 2475 376 2505 Luc.
402 2474 456 2512 16,
484 2474 537 2502 18.
634 2471 667 2510 2)
691 2473 792 2504 Deut.
813 2475 867 2512 24,
892 2475 910 2504 1
926 2483 998 2512 sqq.
1094 2474 1130 2513 3)
1157 2473 1279 2504 Matth.
1300 2474 1355 2513 19,
1378 2475 1397 2503 8
1419 2483 1469 2512 sq.

140 2523 226 2560 4⁸11.
261 2541 269 2550 .
297 2519 333 2560 4)
355 2520 600 2558 ltascriptum
625 2521 678 2550 est
704 2520 739 2549 in
765 2520 839 2550 cod.
865 2520 1064 2560 Rigattii-et
1089 2521 1124 2551 in
1136 2519 1310 2552 Rhemed.
1329 2520 1470 2559 1.·,Rig.

141 2567 266 2599 edidit:
292 2566 489 2607 permisit
514 2566 642 2604 alias,
670 2565 738 2596 ubi
763 2575 921 2596 caussa
947 2569 1101 2597 cessat.
1149 2566 1268 2598 Gelen.
1294 2566 1503 2598 etPamel.‘

144 2611 352 2653 permisit.
378 2613 501 2644 Aliud
522 2612 681 2652 esuum
701 2617 855 2643 caussa
876 2613 1154 2644 cessat-Seml.
1180 2613 1300 2644 Alias
1319 2612 1390 2644 ubi
1403 2614 1469 2643 etc·
