1604 2800
516 220 642 251 snv.
679 220 952 251 ιυοΑΕοε.
1300 218 1403 255 212

78 307 254 349 Christus
288 307 498 349 secundum
533 311 732 363 populum,
769 311 871 364 quod
900 325 1027 350 sumus
1056 324 1127 350 nos
1158 313 1335 352 nationes
1362 313 1404 352 iu

75 367 199 406 seculi
233 365 391 406 deserto
428 375 710 406 commorantes
746 375 883 417 antea,
919 368 1205 408 introducturus
1236 376 1340 408 esset
1362 370 1404 408 in

74 430 219 463 terram
253 425 564 478 repromissionis
594 425 708 464 melle
739 433 779 464 et
810 426 911 465 lacte
943 434 1177 473 manantem,
1213 425 1254 465 id
1280 427 1404 465 estin

72 482 177 522 vitae
195 488 380 522 aeternae
403 483 699 534 possessionem,
714 481 754 535 ¹)
786 496 859 535 qua
882 483 975 522 nihil
1002 483 1160 531 dulcius,
1187 482 1227 522 id
1248 482 1346 535 quod
1360 485 1402 533 2)

75 552 152 578 non
175 552 248 592 per
269 539 451 593 Moysen,
480 539 522 578 id
548 546 608 579 est
631 554 707 578 non
732 553 803 592 per
827 541 925 592 legis
951 539 1208 593 disciplinam,
1239 539 1308 579 sed
1332 553 1405 592 per

73 592 220 644 Iesum,
252 596 291 635 id
316 604 378 636 est
400 610 472 649 per
495 610 618 635 novae
643 597 742 648 legis
767 599 949 649 gratiam,
986 599 1189 650 provenire
1221 597 1401 642 habebat,

73 654 312 693 circumcisis
348 655 459 693 nobis
494 656 648 706 petrina
683 656 788 701 acie,
826 654 866 693 id
897 662 957 693 est
982 655 1124 694 Christi
1160 655 1400 707 praeceptis:

74 714 203 764 (petra
232 713 333 751 enim
359 711 532 750 Christus
546 713 583 759 3)
616 712 742 750 multis
773 711 896 750 modis
927 718 966 750 et
997 713 1131 764 figuris
1154 711 1402 763 praedicatus

71 770 176 819 este)
213 767 303 808 ideo
328 770 362 807 is
384 770 461 815 vir,
500 770 564 820 qui
589 769 628 806 in
653 769 763 807 huius
793 770 1024 808 sacramenti
1055 770 1258 820 imaginem
1290 781 1404 820 para-

69 824 205 873 batur,
245 826 360 865 etiam
396 826 560 864 nominis
596 824 778 864 dominici
814 827 1062 876 inauguratus
1092 833 1152 864 est
1182 826 1324 876 figura,
1361 831 1406 862 ut

70 881 180 922 lesus
203 884 479 921 nominaretur.
540 880 639 920 Nam
671 883 735 933 qui
765 879 814 920 ad
837 881 1001 934 Moysen
1033 881 1281 933 loquebatur,
1319 882 1403 932 ipse

70 946 157 978 erat
173 937 239 978 dei
264 939 376 987 filius,
403 940 467 991 qui
491 945 532 977 et
555 951 708 990 semper
730 938 944 977 videbatur.
982 938 1102 977 Deum
1129 940 1227 976 enim
1253 945 1404 990 patrem

69 1008 184 1035 nemo
207 995 304 1034 vidit
327 1009 511 1048 unquam,
544 1002 584 1034 et
606 994 769 1046 vixit-4)
824 994 874 1033 Et
898 994 986 1033 ideo
1012 1002 1166 1033 constat
1190 996 1311 1046 ipsum
1337 993 1403 1032 dei

70 1053 190 1092 filium
213 1051 343 1104 Moysi
378 1064 464 1091 esse
501 1052 689 1098 locutum,
727 1058 768 1089 et
797 1050 940 1090 dixisse
971 1050 1021 1090 ad
1052 1051 1251 1103 populum:
1289 1063 1400 1095 ecce,

69 1111 179 1149 mitto
204 1109 382 1160 angelum
407 1122 531 1148 meum
562 1116 653 1147 ante
684 1108 822 1147 faciem
855 1116 974 1155 tuam,
1008 1107 1046 1146 id
1072 1115 1131 1146 est
1155 1107 1304 1159 populi,
1337 1109 1402 1159 qui

69 1174 110 1206 te
135 1165 329 1206 custodiat
351 1167 392 1205 in
415 1167 569 1212 itinere,
597 1173 637 1204 et
660 1164 880 1204 introducat
904 1167 943 1204 in
968 1172 1124 1211 terram,
1151 1178 1260 1216 quam
1285 1172 1401 1216 prae-

68 1224 203 1277 paravi
226 1223 316 1271 tihi3
342 1223 499 1263 intende
524 1223 580 1262 illi
600 1230 640 1262 et
658 1222 747 1261 audi
767 1235 866 1270 eum,
893 1230 933 1262 et
958 1235 1007 1261 ne
1027 1221 1254 1261 inobediens
1278 1222 1400 1260 fueris

69 1282 126 1328 ei,
157 1294 234 1320 non
259 1282 360 1320 enim
386 1281 528 1320 celavit
552 1287 610 1327 te,
643 1281 820 1332 quoniam
846 1293 984 1319 nomen
1009 1292 1131 1319 meum
1156 1292 1272 1331 super
1295 1279 1399 1316 illum

69 1345 142 1378 est.
155 1340 196 1389 ⁵)
256 1337 440 1391 Populum
477 1339 579 1378 enim
614 1337 902 1376 introducturus
938 1344 1025 1376 erat
1048 1337 1155 1376 Iesus
1185 1337 1224 1374 in
1256 1343 1400 1374 terram

68 1396 398 1450 repromissionis,
435 1410 512 1435 non
541 1395 711 1448 Moyses.
783 1393 976 1446 Angelum
1010 1393 1161 1446 quidem
1192 1392 1289 1431 dixit
1313 1405 1400 1431 eum

69 1453 119 1493 ob
139 1452 437 1506 magnitudinem
455 1455 649 1499 virtutum,
676 1465 768 1504 quas
794 1459 880 1490 erat
899 1451 1083 1497 editurus,
1110 1452 1221 1502 (quas
1239 1451 1401 1488 virtutes

66 1512 165 1550 fecit
188 1511 295 1550 lesus
318 1510 449 1558 Nave,
485 1518 527 1549 et
550 1511 623 1562 ipsi
647 1508 822 1561 legitis‚)
857 1516 899 1547 et
922 1508 971 1547 ob
998 1507 1161 1546 officium
1186 1506 1400 1559 prophetae

67 1568 278 1608 nuntiantis
289 1568 443 1607 scilicet
461 1567 626 1606 divinam
644 1567 900 1613 voluntatem3
927 1566 1040 1604 sicuti
1054 1572 1094 1603 et
1106 1575 1401 1616 praecursorem

69 1625 227 1672 Christi,
252 1624 449 1672 Ioannem,
475 1626 641 1663 futurum
667 1624 844 1673 angelum
870 1622 1051 1672 appellat,
1077 1633 1149 1670 per
1171 1619 1400 1670 prophetam

67 1683 225 1734 spiritus
266 1681 400 1720 dicens
437 1694 487 1719 ex
521 1692 689 1731 persona
731 1679 875 1729 patris:
913 1689 1028 1722 ecce,
1071 1676 1181 1713 mino
1221 1675 1399 1725 angelum

68 1751 192 1778 meum
211 1744 302 1776 ante
320 1738 461 1776 faciem
480 1743 595 1782 tuam,
622 1733 661 1772 id
681 1741 741 1772 est
760 1733 915 1779 Christi,
942 1733 1005 1784 qui
1029 1731 1277 1783 praeparabit
1298 1732 1398 1769 viam

67 1803 172 1835 tuam
196 1801 286 1833 ante
311 1793 416 1842 te.⁶)
489 1792 575 1830 Nec
606 1804 743 1829 novum
774 1797 834 1828 est
863 1789 1014 1841 spiritui
1044 1795 1199 1835 sancto,
1236 1788 1398 1838 angelos

68 1852 266 1906 appellare
302 1863 391 1897 eos,
430 1862 525 1901 quos
556 1849 750 1886 ministros
780 1859 872 1885 suae
896 1847 1048 1884 virtutis
1074 1844 1168 1884 deus
1191 1845 1397 1897 praefecit.

69 1909 175 1949 ldem
199 1909 300 1947 enim
326 1907 491 1946 Ioannes
516 1919 592 1943 non
617 1911 761 1943 tantum
786 1904 948 1955 angelus
973 1902 1115 1941 Christi
1138 1909 1300 1940 vocatus
1324 1907 1397 1946 est,

70 1966 139 2006 sed
158 1972 200 2005 et
218 1966 377 2004 lucerna
402 1964 536 2002 lucens
560 1969 650 2000 ante
670 1961 875 2000 Christum.
913 1959 1051 1998 Paravi
1076 1960 1176 1998 enim
1202 1959 1398 1997 lucernam
1446 1969 1460 1978 ·

70 2023 225 2062 Christo
250 2021 403 2069 meo‚‘¹)
432 2018 553 2058 David
578 2017 792 2070 praedicat.
853 2018 980 2066 Quare
1004 2018 1089 2069 ipse
1116 2015 1302 2061 Christus,
1327 2027 1397 2053 ve-

69 2082 178 2120 niens
195 2078 407 2130 adimplere
431 2077 652 2129 prophetas,
677 2074 774 2114 dic-it
791 2074 840 2113 ad
859 2074 1042 2113 Iudaeos:
1066 2073 1132 2112 ille
1152 2073 1235 2119 fuit,
1261 2072 1396 2123 inquit,

70 2139 229 2177 lucerna
252 2135 393 2174 ardens
418 2141 458 2173 et
481 2135 628 2179 lucens,
641 2134 679 2180 ⁸)
705 2132 926 2184 utpote‘qui
952 2144 1030 2170 non
1049 2136 1193 2169 tautum
1211 2130 1293 2167 vias
1313 2128 1397 2166 eius

69 2193 231 2247 parabat
254 2194 292 2231 in
317 2205 462 2237 eremo,
494 2189 563 2230 sed
587 2197 629 2228 et
652 2202 790 2240 agnum
815 2187 878 2227 dei
891 2189 929 2236 ⁹)
961 2184 1278 2231 demonstrando,
1308 2183 1396 2222 illu-

71 2251 238 2290 minahat
266 2256 414 2288 mentes
442 2248 634 2286 hominum
664 2246 875 2298 praeconio
905 2257 994 2291 suo,
1031 2251 1073 2282 ut
1103 2256 1187 2281 eum
1218 2253 1304 2280 esse
1334 2241 1394 2278 in-

70 2309 294 2360 telligerent
322 2318 480 2358 agnum,
518 2316 628 2356 quem
651 2302 810 2355 Moyses
833 2314 1029 2354 passurum
1055 2298 1263 2338 nuntIabat.
1325 2295 1392 2334 Sic

163 2468 200 2508 1)
214 2467 320 2498 Rhcn.
336 2467 388 2497 ed.
402 2467 427 2498 Ι.
446 2464 834 2504 repromissionem.
906 2462 942 2501 2)
955 2462 1006 2492 ita
1019 2459 1093 2492 eod.
1109 2458 1264 2495 Wouw.;
1284 2456 1389 2487 Rhen.

0 2529 12 2536 ³
70 2515 163 2546 «ιι.
186 2514 227 2544 in
252 2522 380 2552 quam.
428 2511 559 2542 Ceteri:
584 2511 720 2548 idque.
813 2506 852 2550 3)
878 2509 984 2538 1Cor.
1009 2508 1064 2545 1⁰,
1091 2507 1123 2535 4.
1216 2501 1256 2544 4)
1280 2502 1391 2532 Exod-

71 2561 127 2599 3³,
141 2560 197 2591 zo.
293 2556 331 2601 5)
345 2558 456 2589 Exod.
470 2558 525 2595 23,
542 2558 583 2587 2⁰
598 2565 648 2595 aq.
742 2552 780 2596 ⁶)
794 2554 875 2584 Mal.
888 2554 920 2592 a,
934 2554 966 2584 ι.
1013 2550 1205 2590 Manli-11,
1220 2550 1274 2579 ιο.
1352 2545 1390 2587 τ)

70 2605 125 2637 rs.
139 2605 216 2647 132,
230 2606 261 2635 τ.
357 2604 393 2644 ε)
408 2605 453 2635 ιο.
469 2604 500 2642 5,
516 2604 568 2633 35.
663 2599 807 2643 9)1o.1,
823 2601 877 2630 29.
