1604 2800
529 220 965 254 Anv.1cnm‹zos.
1311 223 1414 260 ,οι

82 314 292 361 sessmssm,
313 311 437 352 donec
463 320 582 366 ponat
606 313 661 352 illi
686 320 798 366 pater
817 326 948 353 omnes
967 312 1142 353 inimicos
1161 314 1230 354 sub
1250 297 1413 368 pedihus

80 371 219 422 suis.¹)
270 370 342 409 llic
367 378 408 410 et
430 379 613 410 venturus
638 378 698 410 est
723 385 852 410 rursus
876 384 993 423 super
1017 372 1138 411 nubes
1169 373 1285 421 coeli,
1310 375 1412 422 talis,

81 428 203 480 qualis
228 427 526 478 et‘ascendit.2)
588 428 660 468 Hic
685 429 837 469 interim
864 436 1064 481 acceptum
1090 443 1114 468 a
1138 437 1249 482 patre
1280 445 1414 470 munus

80 484 228 534 effudit,
253 486 424 538 spiritum
451 493 635 533 sanctum,
663 488 815 525 tertium
843 499 980 525 nomen
1007 485 1276 538 divinitatis,³)
1302 490 1414 528 unius

78 542 390 595 praedicatorem
405 544 665 591 monarchiae,
686 543 755 583 sed
770 551 809 583 et
822 545 1040 597 οἰκονομίας
1052 546 1410 597 interpretatorem,

79 601 112 638 si
137 602 222 652 quis
246 613 446 641 sermones
472 614 594 640 novae
619 601 850 654 prophetiae
876 603 959 640 eius
984 600 1194 650 admiserit,
1227 610 1268 641 et
1292 602 1415 642 dedu-

80 663 228 697 ctorem
254 660 377 697 omnis
400 660 588 706 veritatis,
616 672 713 711 quae
745 666 805 698 est
829 660 868 697 in
893 667 1004 712 patre
1029 666 1070 698 et
1095 660 1174 698 filio
1202 666 1242 699 et
1277 661 1414 713 spiritu

78 722 214 754 sancto
239 715 449 755 secundum
477 716 733 754 Christianum
760 724 1053 756 sacramentum.

193 775 265 814 31.
329 773 509 811 Ceterum
537 772 719 811 Iudaicae
746 773 836 812 fidei
862 775 935 812 ista
960 786 1042 820 res,
1081 775 1138 811 sic
1163 787 1275 814 unum
1301 773 1414 812 deum

77 827 255 876 credere,
281 836 323 868 ut
342 830 458 868 lilium
477 828 731 867 adnumerare
751 831 788 868 ei
809 830 907 867 nolis
921 837 961 868 et
974 836 1062 880 post
1083 825 1198 867 filium
1224 831 1411 881 spiritum.

77 885 176 935 Quid
201 886 301 924 enim
327 887 403 925 erit
426 888 530 924 inter
553 899 623 924 nos
648 892 688 924 et
713 886 812 932 illos,
840 887 913 923 nisi
939 885 1160 924 differentia
1184 887 1283 925 ista?
1312 886 1415 939 quod

75 956 173 996 opus
191 943 410 995 evangelii?
433 955 531 995 quae
557 949 617 981 est
642 943 852 981 substantia
874 944 961 981 novi
983 944 1213 990 testamenti,
1240 950 1413 982 statuens

75 1001 203 1052 legem
227 1007 269 1039 et
292 1001 503 1052 prophetas
526 1013 646 1051 usque
671 998 719 1037 ad
746 999 940 1046 Ioannem,
972 1000 1004 1036 si
1030 1012 1106 1036 non
1132 999 1272 1038 exinde
1298 1007 1413 1052 pater

76 1064 119 1096 et
141 1057 241 1096 filius
266 1063 307 1095 et
330 1057 504 1109 spiritus,
542 1064 622 1094 tres
648 1055 806 1102 crediti,
844 1069 957 1094 unum
989 1054 1100 1094 deum
1132 1057 1296 1094 sistunt?
1344 1055 1412 1095 Sic

77 1112 172 1154 deus
195 1114 317 1152 voluit
346 1126 489 1152 novare
521 1120 821 1159 sacramentum,
853 1120 896 1151 ut
925 1125 1023 1151 nove
1060 1125 1155 1151 unus
1182 1112 1412 1152 crederetur

75 1185 148 1224 per
171 1171 287 1210 filium
314 1177 355 1210 et
378 1171 570 1223 spiritum,
609 1177 651 1208 ut
681 1183 811 1208 coram
837 1171 911 1208 iam
938 1168 1031 1208 deus
1064 1171 1102 1207 in
1133 1171 1211 1208 suis
1241 1171 1412 1222 propriis

76 1228 292 1268 nominihus
311 1235 352 1267 et
370 1228 546 1281 personis
566 1234 885 1279 cognosceretur,
913 1228 975 1278 qui
1001 1234 1041 1265 et
1065 1234 1171 1266 retro
1197 1239 1268 1279 per
1292 1228 1410 1266 filium

76 1294 117 1325 et
140 1287 312 1339 spiritum
342 1284 590 1338 praedicatus
621 1298 698 1323 non
728 1284 1028 1336 intelligebatur.
1088 1283 1270 1323 Viderint
1293 1285 1413 1335 igitur

75 1343 306 1390 antichristi,
333 1345 396 1395 qui
411 1350 555 1395 negant
567 1349 714 1394 patrem
729 1349 769 1381 ct
782 1342 911 1380 filium.
949 1341 1107 1392 Negant
1119 1343 1219 1380 enim
1244 1348 1408 1393 patrem,

76 1400 163 1440 dum
188 1399 351 1440 eundem
378 1398 494 1438 filium
520 1399 671 1447 dicunt,
710 1406 750 1438 et
780 1405 923 1450 negant
954 1399 1090 1445 filium,
1128 1398 1215 1436 dum
1246 1397 1410 1436 eundem

74 1465 226 1511 patrem
245 1457 421 1505 credunt,
448 1456 575 1496 dando
602 1457 689 1503 illis,
717 1468 814 1508 quae
836 1469 911 1494 non
931 1463 1031 1503 sunt,
1058 1454 1284 1501 auferendo,
1312 1467 1410 1506 quae

75 1522 175 1555 sunt.
237 1515 310 1564 Qui
338 1527 434 1554 vero
466 1515 666 1553 confessus
698 1514 816 1552 fuerit
842 1513 1033 1551 Christum
1066 1513 1182 1551 filium
1213 1511 1295 1559 dei,
1333 1525 1410 1549 non

73 1579 238 1626 patrem,
264 1571 359 1612 deus
383 1573 422 1611 in
446 1572 514 1611 illo
540 1578 680 1618 manet,
707 1578 749 1610 et
771 1571 855 1623 ipse
879 1572 918 1608 in
940 1570 1029 1608 deo.
1042 1571 1081 1618 4)
1119 1568 1203 1607 Nos
1217 1567 1410 1606 credimus

73 1630 332 1670 testimonium
365 1629 448 1676 dei,
488 1642 563 1680 quo
594 1635 756 1666 testatus
786 1635 846 1665 est
871 1626 918 1664 de
944 1626 1023 1663 filio
1050 1638 1132 1662 suo.
1194 1623 1266 1671 Qui
1292 1624 1408 1661 filium

74 1700 153 1726 non
177 1687 307 1732 habet,
345 1698 417 1724 nec
455 1687 570 1723 vitam
606 1684 736 1722 hahet.
757 1684 795 1731 ⁵)
867 1681 957 1720 Non
982 1681 1100 1720 habet
1123 1687 1250 1719 autem
1275 1680 1406 1725 filium,

77 1744 140 1796 qui
166 1755 252 1782 eum
277 1742 404 1788 alium,
432 1754 542 1792 quam
568 1740 683 1778 filium
710 1738 849 1777 credit.

225 1968 737 2028 ADVERSUS
810 1967 1250 2026 IUDAEOS.

193 2146 230 2183 1.
291 2140 470 2181 Proxime
507 2137 669 2184 accidit,
708 2137 914 2189 disputatio
947 2137 1076 2191 habita
1102 2144 1161 2175 est
1186 2137 1404 2175 Christiano

77 2208 118 2240 et
141 2199 341 2253 proselyto
367 2196 531 2243 ludae03
557 2196 716 2234 alternis
738 2195 887 2233 vicibus
913 2195 1157 2232 contentioso
1182 2194 1272 2231 fune
1299 2200 1404 2230 nter-

78 2270 151 2310 que
176 2255 277 2295 diem
302 2256 341 2293 in
364 2267 565 2306 vesperam
580 2254 810 2299 traxerunt,
844 2251 1154 2302 obstrepentibus
1179 2250 1295 2288 etiam
1321 2249 1404 2300 qui-

76 2313 235 2355 busdam
259 2311 522 2365 spectantibus
547 2323 596 2349 ex
621 2309 792 2362 partibus
818 2308 1050 2359 singulorum
1077 2306 1206 2344 nubilo
1238 2304 1401 2357 quodam

171 2474 204 2514 1)
216 2474 412 2511 Ps.11o,1.
507 2468 544 2513 2)
559 2469 730 2508 Act.App.
746 2470 778 2507 1,
794 2470 847 2499 11.
873 2468 956 2498 Luc.
972 2468 1027 2505 21,
1042 2467 1096 2497 27.
1179 2464 1399 2504 3)1taRhen.

77 2523 114 2553 in
138 2521 181 2553 cd
203 2521 240 2560 1.,
266 2519 387 2550 deinde
411 2518 463 2549 ed.
489 2516 666 2548 tertium
697 2523 846 2544 numen
878 2511 1124 2543 divinitati·
1156 2514 1196 2541 et
1221 2510 1398 2541 tertium

77 2576 226 2599 nomen
262 2563 518 2596 maie-tatis.
576 2561 650 2601 Rig.
684 2559 855 2591 tertium
894 2567 1040 2589 nomen
1078 2555 1322 2586 divinitatis
1359 2557 1401 2585 et

78 2612 252 2644 tertium
278 2611 450 2653 gradum
476 2606 732 2640 maiestatis.
805 2602 1048 2646 4)110.4‚15.
1091 2601 1398 2669 *5)1lo.5‚9.12.
1442 2600 1449 2607 '
