<?xml version="1.0" encoding="UTF-8"?>
<!DOCTYPE html PUBLIC "-//W3C//DTD XHTML 1.0 Transitional//EN"
    "http://www.w3.org/TR/xhtml1/DTD/xhtml1-transitional.dtd">
<html xmlns="http://www.w3.org/1999/xhtml" xml:lang="en" lang="en">
 <head>
  <title>
</title>
<meta http-equiv="Content-Type" content="text/html;charset=utf-8" />
  <meta name='ocr-system' content='tesseract 3.04.00' />
  <meta name='ocr-capabilities' content='ocr_page ocr_carea ocr_par ocr_line ocrx_word'/>
</head>
<body>
  <div class='ocr_page' id='page_1' title='image "./operatert34tertuoft_0441.png"; bbox 0 0 1604 2800; ppageno 0'>
   <div class='ocr_carea' id='block_1_1' title="bbox 344 172 1461 210">
    <p class='ocr_par' dir='ltr' id='par_1_1' title="bbox 344 172 1461 210">
     <span class='ocr_line' id='line_1_1' title="bbox 344 172 1461 210; baseline 0.004 -6"><span class='ocrx_word' id='word_1_1' title='bbox 344 174 418 206; x_wconf 82' lang='lat' dir='ltr'><strong>DE</strong></span> <span class='ocrx_word' id='word_1_2' title='bbox 455 172 970 206; x_wconf 84' lang='lat' dir='ltr'>RESURRECTIONE</span> <span class='ocrx_word' id='word_1_3' title='bbox 1006 172 1231 206; x_wconf 82' lang='lat' dir='ltr'>CARNIS.</span> <span class='ocrx_word' id='word_1_4' title='bbox 1346 173 1461 210; x_wconf 74' lang='lat'><strong>1⁰9</strong></span> 
     </span>
    </p>
   </div>
   <div class='ocr_carea' id='block_1_2' title="bbox 131 263 1466 2152">
    <p class='ocr_par' dir='ltr' id='par_1_2' title="bbox 131 263 1466 2152">
     <span class='ocr_line' id='line_1_2' title="bbox 131 263 1459 318; baseline -0.002 -10"><span class='ocrx_word' id='word_1_5' title='bbox 131 280 225 308; x_wconf 87' lang='lat' dir='ltr'><strong>mus.</strong></span> <span class='ocrx_word' id='word_1_6' title='bbox 286 266 414 306; x_wconf 83' lang='lat' dir='ltr'><strong>Debet</strong></span> <span class='ocrx_word' id='word_1_7' title='bbox 449 272 576 305; x_wconf 89' lang='lat' dir='ltr'><strong>autem</strong></span> <span class='ocrx_word' id='word_1_8' title='bbox 615 266 730 304; x_wconf 92' lang='lat' dir='ltr'><strong>etiam</strong></span> <span class='ocrx_word' id='word_1_9' title='bbox 768 263 870 318; x_wconf 89' lang='lat' dir='ltr'><strong>quod</strong></span> <span class='ocrx_word' id='word_1_10' title='bbox 906 278 983 303; x_wconf 89' lang='lat' dir='ltr'><strong>non</strong></span> <span class='ocrx_word' id='word_1_11' title='bbox 1013 264 1223 304; x_wconf 86' lang='lat' dir='ltr'><strong>deberetur</strong></span> <span class='ocrx_word' id='word_1_12' title='bbox 1253 266 1459 315; x_wconf 81' lang='lat' dir='ltr'><strong>offerre.¹)</strong></span> 
     </span>
     <span class='ocr_line' id='line_1_3' title="bbox 131 322 1462 375; baseline -0.002 -11"><span class='ocrx_word' id='word_1_13' title='bbox 131 325 183 365; x_wconf 80' lang='lat' dir='ltr'><strong>Et</strong></span> <span class='ocrx_word' id='word_1_14' title='bbox 206 333 335 364; x_wconf 86' lang='lat' dir='ltr'><strong>tamen</strong></span> <span class='ocrx_word' id='word_1_15' title='bbox 360 325 535 370; x_wconf 81' lang='lat' dir='ltr'>calicem,</span> <span class='ocrx_word' id='word_1_16' title='bbox 562 337 639 361; x_wconf 89' lang='lat' dir='ltr'><strong>non</strong></span> <span class='ocrx_word' id='word_1_17' title='bbox 659 322 748 361; x_wconf 91' lang='lat' dir='ltr'><strong>dico</strong></span> <span class='ocrx_word' id='word_1_18' title='bbox 773 324 1033 370; x_wconf 82' lang='lat' dir='ltr'><strong>venenarium,</strong></span> <span class='ocrx_word' id='word_1_19' title='bbox 1060 324 1099 361; x_wconf 91' lang='lat' dir='ltr'><strong>in</strong></span> <span class='ocrx_word' id='word_1_20' title='bbox 1125 336 1234 375; x_wconf 89' lang='lat' dir='ltr'><strong>quem</strong></span> <span class='ocrx_word' id='word_1_21' title='bbox 1261 337 1366 363; x_wconf 86' lang='lat' dir='ltr'><strong>mors</strong></span> <span class='ocrx_word' id='word_1_22' title='bbox 1391 324 1462 362; x_wconf 92' lang='lat' dir='ltr'><strong>ali-</strong></span> 
     </span>
     <span class='ocr_line' id='line_1_4' title="bbox 133 380 1461 436; baseline -0.002 -14"><span class='ocrx_word' id='word_1_23' title='bbox 133 396 207 436; x_wconf 87' lang='lat' dir='ltr'><strong>qua</strong></span> <span class='ocrx_word' id='word_1_24' title='bbox 242 383 423 429; x_wconf 85' lang='lat' dir='ltr'><strong>ructarit,</strong></span> <span class='ocrx_word' id='word_1_25' title='bbox 461 380 530 420; x_wconf 90' lang='lat' dir='ltr'><strong>sed</strong></span> <span class='ocrx_word' id='word_1_26' title='bbox 568 381 727 419; x_wconf 87' lang='lat' dir='ltr'><strong>fictricis</strong></span> <span class='ocrx_word' id='word_1_27' title='bbox 742 382 779 429; x_wconf 78' lang='lat'><strong>2)</strong></span> <span class='ocrx_word' id='word_1_28' title='bbox 804 381 866 419; x_wconf 87' lang='lat' dir='ltr'><strong>vel</strong></span> <span class='ocrx_word' id='word_1_29' title='bbox 897 380 1100 432; x_wconf 80' lang='lat' dir='ltr'><strong>archigalli</strong></span> <span class='ocrx_word' id='word_1_30' title='bbox 1131 382 1192 420; x_wconf 80' lang='lat' dir='ltr'><strong>vel</strong></span> <span class='ocrx_word' id='word_1_31' title='bbox 1230 380 1461 432; x_wconf 88' lang='lat' dir='ltr'><strong>gladiatoris</strong></span> 
     </span>
     <span class='ocr_line' id='line_1_5' title="bbox 132 438 1460 491; baseline -0.002 -12"><span class='ocrx_word' id='word_1_32' title='bbox 132 447 198 479; x_wconf 90' lang='lat' dir='ltr'><strong>aut</strong></span> <span class='ocrx_word' id='word_1_33' title='bbox 222 439 417 479; x_wconf 86' lang='lat' dir='ltr'><strong>carnificis</strong></span> <span class='ocrx_word' id='word_1_34' title='bbox 441 439 578 491; x_wconf 86' lang='lat' dir='ltr'><strong>spiritu</strong></span> <span class='ocrx_word' id='word_1_35' title='bbox 610 439 812 485; x_wconf 79' lang='lat' dir='ltr'><strong>infectum,</strong></span> <span class='ocrx_word' id='word_1_36' title='bbox 852 451 1016 490; x_wconf 80' lang='lat' dir='ltr'><strong>quaero,</strong></span> <span class='ocrx_word' id='word_1_37' title='bbox 1054 452 1103 476; x_wconf 91' lang='lat' dir='ltr'><strong>an</strong></span> <span class='ocrx_word' id='word_1_38' title='bbox 1134 440 1254 477; x_wconf 89' lang='lat' dir='ltr'><strong>minus</strong></span> <span class='ocrx_word' id='word_1_39' title='bbox 1286 438 1460 485; x_wconf 84' lang='lat' dir='ltr'><strong>damnes,</strong></span> 
     </span>
     <span class='ocr_line' id='line_1_6' title="bbox 133 495 1461 551; baseline -0.002 -14"><span class='ocrx_word' id='word_1_40' title='bbox 133 511 244 551; x_wconf 87' lang='lat' dir='ltr'><strong>quam</strong></span> <span class='ocrx_word' id='word_1_41' title='bbox 270 497 402 536; x_wconf 88' lang='lat' dir='ltr'><strong>oscula</strong></span> <span class='ocrx_word' id='word_1_42' title='bbox 427 498 615 549; x_wconf 85' lang='lat' dir='ltr'><strong>ipsorum3</strong></span> <span class='ocrx_word' id='word_1_43' title='bbox 642 498 784 535; x_wconf 88' lang='lat' dir='ltr'><strong>nostris</strong></span> <span class='ocrx_word' id='word_1_44' title='bbox 810 509 960 548; x_wconf 87' lang='lat' dir='ltr'><strong>quoque</strong></span> <span class='ocrx_word' id='word_1_45' title='bbox 986 495 1164 535; x_wconf 91' lang='lat' dir='ltr'><strong>sordibus</strong></span> <span class='ocrx_word' id='word_1_46' title='bbox 1190 497 1370 543; x_wconf 90' lang='lat' dir='ltr'><strong>nubilum,</strong></span> <span class='ocrx_word' id='word_1_47' title='bbox 1397 497 1461 535; x_wconf 89' lang='lat' dir='ltr'><strong>vel</strong></span> 
     </span>
     <span class='ocr_line' id='line_1_7' title="bbox 132 553 1462 608; baseline -0.002 -14"><span class='ocrx_word' id='word_1_48' title='bbox 132 569 210 594; x_wconf 90' lang='lat' dir='ltr'><strong>non</strong></span> <span class='ocrx_word' id='word_1_49' title='bbox 247 568 318 608; x_wconf 89' lang='lat' dir='ltr'><strong>pro</strong></span> <span class='ocrx_word' id='word_1_50' title='bbox 355 556 481 594; x_wconf 91' lang='lat' dir='ltr'><strong>animo</strong></span> <span class='ocrx_word' id='word_1_51' title='bbox 519 561 784 606; x_wconf 88' lang='lat' dir='ltr'><strong>temperatum,</strong></span> <span class='ocrx_word' id='word_1_52' title='bbox 824 553 970 593; x_wconf 86' lang='lat' dir='ltr'><strong>elidere</strong></span> <span class='ocrx_word' id='word_1_53' title='bbox 1003 554 1187 601; x_wconf 90' lang='lat' dir='ltr'><strong>solemus,</strong></span> <span class='ocrx_word' id='word_1_54' title='bbox 1226 568 1300 606; x_wconf 89' lang='lat' dir='ltr'><strong>quo</strong></span> <span class='ocrx_word' id='word_1_55' title='bbox 1337 555 1462 606; x_wconf 89' lang='lat' dir='ltr'><strong>magis</strong></span> 
     </span>
     <span class='ocr_line' id='line_1_8' title="bbox 131 610 1462 666; baseline -0.002 -14"><span class='ocrx_word' id='word_1_56' title='bbox 131 624 254 666; x_wconf 82' lang='lat' dir='ltr'><strong>puero</strong></span> <span class='ocrx_word' id='word_1_57' title='bbox 291 614 515 651; x_wconf 83' lang='lat' dir='ltr'>irascamur.</span> <span class='ocrx_word' id='word_1_58' title='bbox 591 610 766 650; x_wconf 87' lang='lat' dir='ltr'>Gladium</span> <span class='ocrx_word' id='word_1_59' title='bbox 809 624 903 650; x_wconf 87' lang='lat' dir='ltr'><strong>vero</strong></span> <span class='ocrx_word' id='word_1_60' title='bbox 941 612 1155 650; x_wconf 89' lang='lat' dir='ltr'><strong>latrociniis</strong></span> <span class='ocrx_word' id='word_1_61' title='bbox 1193 612 1339 650; x_wconf 85' lang='lat' dir='ltr'><strong>ebrium</strong></span> <span class='ocrx_word' id='word_1_62' title='bbox 1377 613 1462 664; x_wconf 92' lang='lat' dir='ltr'><strong>quis</strong></span> 
     </span>
     <span class='ocr_line' id='line_1_9' title="bbox 132 668 1462 721; baseline -0.002 -12"><span class='ocrx_word' id='word_1_63' title='bbox 132 684 209 709; x_wconf 91' lang='lat' dir='ltr'><strong>non</strong></span> <span class='ocrx_word' id='word_1_64' title='bbox 235 683 258 708; x_wconf 89' lang='lat' dir='ltr'><strong>a</strong></span> <span class='ocrx_word' id='word_1_65' title='bbox 283 669 397 708; x_wconf 91' lang='lat' dir='ltr'><strong>domo</strong></span> <span class='ocrx_word' id='word_1_66' title='bbox 423 677 524 716; x_wconf 90' lang='lat' dir='ltr'><strong>tota,</strong></span> <span class='ocrx_word' id='word_1_67' title='bbox 562 668 700 707; x_wconf 89' lang='lat' dir='ltr'><strong>nedum</strong></span> <span class='ocrx_word' id='word_1_68' title='bbox 726 683 748 707; x_wconf 91' lang='lat' dir='ltr'><strong>a</strong></span> <span class='ocrx_word' id='word_1_69' title='bbox 774 669 971 716; x_wconf 87' lang='lat' dir='ltr'><strong>cubiculo,</strong></span> <span class='ocrx_word' id='word_1_70' title='bbox 1010 668 1148 708; x_wconf 90' lang='lat' dir='ltr'><strong>nedum</strong></span> <span class='ocrx_word' id='word_1_71' title='bbox 1180 681 1216 707; x_wconf 58' lang='lat' dir='ltr'><strong>a*</strong></span> <span class='ocrx_word' id='word_1_72' title='bbox 1234 670 1374 721; x_wconf 89' lang='lat' dir='ltr'><strong>capitis</strong></span> <span class='ocrx_word' id='word_1_73' title='bbox 1405 670 1462 707; x_wconf 91' lang='lat' dir='ltr'><strong>sui</strong></span> 
     </span>
     <span class='ocr_line' id='line_1_10' title="bbox 134 725 1462 777; baseline -0.002 -11"><span class='ocrx_word' id='word_1_74' title='bbox 134 727 260 766; x_wconf 88' lang='lat' dir='ltr'><strong>officio</strong></span> <span class='ocrx_word' id='word_1_75' title='bbox 292 727 502 777; x_wconf 78' lang='lat' dir='ltr'><strong>relegabit,</strong></span> <span class='ocrx_word' id='word_1_76' title='bbox 546 739 794 777; x_wconf 85' lang='lat' dir='ltr'><strong>praesumens</strong></span> <span class='ocrx_word' id='word_1_77' title='bbox 825 727 994 772; x_wconf 88' lang='lat' dir='ltr'><strong>scilicet,</strong></span> <span class='ocrx_word' id='word_1_78' title='bbox 1034 727 1127 764; x_wconf 87' lang='lat' dir='ltr'>nihil</span> <span class='ocrx_word' id='word_1_79' title='bbox 1152 725 1256 764; x_wconf 91' lang='lat' dir='ltr'><strong>aliud</strong></span> <span class='ocrx_word' id='word_1_80' title='bbox 1281 739 1322 763; x_wconf 90' lang='lat' dir='ltr'><strong>se</strong></span> <span class='ocrx_word' id='word_1_81' title='bbox 1350 739 1462 777; x_wconf 92' lang='lat' dir='ltr'><strong>quam</strong></span> 
     </span>
     <span class='ocr_line' id='line_1_11' title="bbox 132 783 1462 834; baseline -0.002 -10"><span class='ocrx_word' id='word_1_82' title='bbox 132 784 315 831; x_wconf 72' lang='lat' dir='ltr'><strong>illudia3)</strong></span> <span class='ocrx_word' id='word_1_83' title='bbox 349 784 558 821; x_wconf 89' lang='lat' dir='ltr'><strong>animarum</strong></span> <span class='ocrx_word' id='word_1_84' title='bbox 589 783 880 829; x_wconf 82' lang='lat' dir='ltr'><strong>somniaturum,</strong></span> <span class='ocrx_word' id='word_1_85' title='bbox 926 784 1143 833; x_wconf 89' lang='lat' dir='ltr'><strong>urgentium</strong></span> <span class='ocrx_word' id='word_1_86' title='bbox 1175 790 1215 821; x_wconf 89' lang='lat' dir='ltr'><strong>et</strong></span> <span class='ocrx_word' id='word_1_87' title='bbox 1245 783 1462 834; x_wconf 86' lang='lat' dir='ltr'><strong>inquietan-</strong></span> 
     </span>
     <span class='ocr_line' id='line_1_12' title="bbox 131 838 1462 891; baseline -0.001 -11"><span class='ocrx_word' id='word_1_88' title='bbox 131 843 225 880; x_wconf 84' lang='lat' dir='ltr'><strong>tium</strong></span> <span class='ocrx_word' id='word_1_89' title='bbox 261 840 456 891; x_wconf 89' lang='lat' dir='ltr'><strong>sauguinis</strong></span> <span class='ocrx_word' id='word_1_90' title='bbox 492 840 550 877; x_wconf 90' lang='lat' dir='ltr'><strong>sui</strong></span> <span class='ocrx_word' id='word_1_91' title='bbox 588 838 867 877; x_wconf 80' lang='lat' dir='ltr'><strong>concubinum?</strong></span> <span class='ocrx_word' id='word_1_92' title='bbox 923 838 979 877; x_wconf 81' lang='lat' dir='ltr'><strong>At</strong></span> <span class='ocrx_word' id='word_1_93' title='bbox 1015 841 1116 877; x_wconf 89' lang='lat' dir='ltr'><strong>enim</strong></span> <span class='ocrx_word' id='word_1_94' title='bbox 1152 847 1192 878; x_wconf 85' lang='lat' dir='ltr'><strong>et</strong></span> <span class='ocrx_word' id='word_1_95' title='bbox 1224 840 1325 878; x_wconf 83' lang='lat' dir='ltr'><strong>calix</strong></span> <span class='ocrx_word' id='word_1_96' title='bbox 1361 840 1462 879; x_wconf 91' lang='lat' dir='ltr'><strong>bene</strong></span> 
     </span>
     <span class='ocr_line' id='line_1_13' title="bbox 133 895 1463 948; baseline -0.002 -10"><span class='ocrx_word' id='word_1_97' title='bbox 133 899 207 938; x_wconf 90' lang='lat' dir='ltr'><strong>sibi</strong></span> <span class='ocrx_word' id='word_1_98' title='bbox 232 898 429 944; x_wconf 88' lang='lat' dir='ltr'><strong>conscius,</strong></span> <span class='ocrx_word' id='word_1_99' title='bbox 456 903 496 935; x_wconf 92' lang='lat' dir='ltr'><strong>et</strong></span> <span class='ocrx_word' id='word_1_100' title='bbox 521 895 568 935; x_wconf 90' lang='lat' dir='ltr'><strong>de</strong></span> <span class='ocrx_word' id='word_1_101' title='bbox 596 895 798 948; x_wconf 76' lang='lat' dir='ltr'><strong>diligentia</strong></span> <span class='ocrx_word' id='word_1_102' title='bbox 822 897 1023 935; x_wconf 88' lang='lat' dir='ltr'><strong>ministerii</strong></span> <span class='ocrx_word' id='word_1_103' title='bbox 1049 896 1356 944; x_wconf 88' lang='lat' dir='ltr'><strong>commendatus,</strong></span> <span class='ocrx_word' id='word_1_104' title='bbox 1397 911 1463 936; x_wconf 93' lang='lat' dir='ltr'><strong>co-</strong></span> 
     </span>
     <span class='ocr_line' id='line_1_14' title="bbox 132 954 1463 1008; baseline -0.002 -13"><span class='ocrx_word' id='word_1_105' title='bbox 132 957 240 995; x_wconf 85' lang='lat' dir='ltr'><strong>ronis</strong></span> <span class='ocrx_word' id='word_1_106' title='bbox 265 967 415 1008; x_wconf 92' lang='lat' dir='ltr'><strong>quoque</strong></span> <span class='ocrx_word' id='word_1_107' title='bbox 441 954 630 1007; x_wconf 85' lang='lat' dir='ltr'><strong>potatoris</strong></span> <span class='ocrx_word' id='word_1_108' title='bbox 656 955 714 992; x_wconf 91' lang='lat' dir='ltr'><strong>sui</strong></span> <span class='ocrx_word' id='word_1_109' title='bbox 739 954 989 1002; x_wconf 79' lang='lat' dir='ltr'><strong>ornabitur4)</strong></span> <span class='ocrx_word' id='word_1_110' title='bbox 1005 962 1073 992; x_wconf 87' lang='lat' dir='ltr'><strong>aut</strong></span> <span class='ocrx_word' id='word_1_111' title='bbox 1095 956 1300 1006; x_wconf 86' lang='lat' dir='ltr'><strong>aspergine</strong></span> <span class='ocrx_word' id='word_1_112' title='bbox 1326 956 1463 993; x_wconf 88' lang='lat' dir='ltr'><strong>florum</strong></span> 
     </span>
     <span class='ocr_line' id='line_1_15' title="bbox 131 1010 1464 1063; baseline -0.001 -11"><span class='ocrx_word' id='word_1_113' title='bbox 131 1012 398 1053; x_wconf 80' lang='lat' dir='ltr'><strong>honorabitur.</strong></span> <span class='ocrx_word' id='word_1_114' title='bbox 459 1011 510 1050; x_wconf 89' lang='lat' dir='ltr'><strong>Et</strong></span> <span class='ocrx_word' id='word_1_115' title='bbox 535 1010 683 1063; x_wconf 87' lang='lat' dir='ltr'><strong>gladius</strong></span> <span class='ocrx_word' id='word_1_116' title='bbox 707 1011 808 1049; x_wconf 92' lang='lat' dir='ltr'><strong>bene</strong></span> <span class='ocrx_word' id='word_1_117' title='bbox 835 1010 882 1049; x_wconf 94' lang='lat' dir='ltr'><strong>de</strong></span> <span class='ocrx_word' id='word_1_118' title='bbox 907 1011 1011 1049; x_wconf 90' lang='lat' dir='ltr'><strong>bello</strong></span> <span class='ocrx_word' id='word_1_119' title='bbox 1044 1019 1225 1050; x_wconf 86' lang='lat' dir='ltr'><strong>cruentus</strong></span> <span class='ocrx_word' id='word_1_120' title='bbox 1257 1019 1297 1050; x_wconf 88' lang='lat' dir='ltr'><strong>et</strong></span> <span class='ocrx_word' id='word_1_121' title='bbox 1327 1013 1464 1051; x_wconf 88' lang='lat' dir='ltr'><strong>melior</strong></span> 
     </span>
     <span class='ocr_line' id='line_1_16' title="bbox 132 1068 1463 1120; baseline -0.002 -10"><span class='ocrx_word' id='word_1_122' title='bbox 132 1069 326 1110; x_wconf 86' lang='lat' dir='ltr'><strong>homicida</strong></span> <span class='ocrx_word' id='word_1_123' title='bbox 352 1068 502 1108; x_wconf 90' lang='lat' dir='ltr'><strong>laudem</strong></span> <span class='ocrx_word' id='word_1_124' title='bbox 528 1082 632 1107; x_wconf 91' lang='lat' dir='ltr'><strong>suam</strong></span> <span class='ocrx_word' id='word_1_125' title='bbox 659 1069 956 1106; x_wconf 87' lang='lat' dir='ltr'><strong>consecratione</strong></span> <span class='ocrx_word' id='word_1_126' title='bbox 982 1069 1170 1120; x_wconf 88' lang='lat' dir='ltr'><strong>pensabit.</strong></span> <span class='ocrx_word' id='word_1_127' title='bbox 1220 1069 1341 1108; x_wconf 85' lang='lat' dir='ltr'><strong>Estne</strong></span> <span class='ocrx_word' id='word_1_128' title='bbox 1367 1083 1463 1120; x_wconf 85' lang='lat' dir='ltr'><strong>ergo</strong></span> 
     </span>
     <span class='ocr_line' id='line_1_17' title="bbox 133 1125 1462 1176; baseline -0.002 -9"><span class='ocrx_word' id='word_1_129' title='bbox 133 1135 175 1167; x_wconf 83' lang='lat' dir='ltr'><strong>et</strong></span> <span class='ocrx_word' id='word_1_130' title='bbox 197 1130 236 1167; x_wconf 90' lang='lat' dir='ltr'><strong>in</strong></span> <span class='ocrx_word' id='word_1_131' title='bbox 261 1127 417 1166; x_wconf 88' lang='lat' dir='ltr'><strong>vascula</strong></span> <span class='ocrx_word' id='word_1_132' title='bbox 443 1134 483 1165; x_wconf 89' lang='lat' dir='ltr'><strong>et</strong></span> <span class='ocrx_word' id='word_1_133' title='bbox 507 1127 545 1163; x_wconf 87' lang='lat' dir='ltr'><strong>in</strong></span> <span class='ocrx_word' id='word_1_134' title='bbox 571 1127 823 1164; x_wconf 90' lang='lat' dir='ltr'><strong>instrumenta</strong></span> <span class='ocrx_word' id='word_1_135' title='bbox 848 1126 1078 1164; x_wconf 89' lang='lat' dir='ltr'><strong>sententiam</strong></span> <span class='ocrx_word' id='word_1_136' title='bbox 1104 1126 1245 1176; x_wconf 88' lang='lat' dir='ltr'><strong>figere,</strong></span> <span class='ocrx_word' id='word_1_137' title='bbox 1272 1133 1315 1165; x_wconf 88' lang='lat' dir='ltr'><strong>ut</strong></span> <span class='ocrx_word' id='word_1_138' title='bbox 1340 1125 1462 1164; x_wconf 89' lang='lat' dir='ltr'><strong>domi-</strong></span> 
     </span>
     <span class='ocr_line' id='line_1_18' title="bbox 134 1183 1462 1234; baseline -0.002 -10"><span class='ocrx_word' id='word_1_139' title='bbox 134 1197 271 1224; x_wconf 85' lang='lat' dir='ltr'><strong>norum</strong></span> <span class='ocrx_word' id='word_1_140' title='bbox 297 1191 337 1223; x_wconf 90' lang='lat' dir='ltr'><strong>et</strong></span> <span class='ocrx_word' id='word_1_141' title='bbox 361 1190 560 1222; x_wconf 91' lang='lat' dir='ltr'><strong>auctorum</strong></span> <span class='ocrx_word' id='word_1_142' title='bbox 590 1183 738 1221; x_wconf 83' lang='lat' dir='ltr'><strong>meritis</strong></span> <span class='ocrx_word' id='word_1_143' title='bbox 769 1189 810 1221; x_wconf 83' lang='lat' dir='ltr'><strong>et</strong></span> <span class='ocrx_word' id='word_1_144' title='bbox 839 1183 922 1234; x_wconf 86' lang='lat' dir='ltr'><strong>ipsa</strong></span> <span class='ocrx_word' id='word_1_145' title='bbox 954 1184 1260 1221; x_wconf 85' lang='lat' dir='ltr'><strong>communicent?</strong></span> <span class='ocrx_word' id='word_1_146' title='bbox 1295 1190 1337 1221; x_wconf 92' lang='lat' dir='ltr'><strong>ut</strong></span> <span class='ocrx_word' id='word_1_147' title='bbox 1374 1184 1462 1222; x_wconf 89' lang='lat' dir='ltr'><strong>huic</strong></span> 
     </span>
     <span class='ocr_line' id='line_1_19' title="bbox 136 1240 1466 1295; baseline -0.002 -15"><span class='ocrx_word' id='word_1_148' title='bbox 136 1254 287 1295; x_wconf 85' lang='lat' dir='ltr'><strong>quoque</strong></span> <span class='ocrx_word' id='word_1_149' title='bbox 313 1240 636 1292; x_wconf 86' lang='lat' dir='ltr'><strong>argumentationi</strong></span> <span class='ocrx_word' id='word_1_150' title='bbox 662 1240 930 1286; x_wconf 87' lang='lat' dir='ltr'><strong>satisfecerim,</strong></span> <span class='ocrx_word' id='word_1_151' title='bbox 958 1241 1051 1279; x_wconf 91' lang='lat' dir='ltr'><strong>licet</strong></span> <span class='ocrx_word' id='word_1_152' title='bbox 1067 1240 1122 1278; x_wconf 83' lang='lat' dir='ltr'><strong>ab</strong></span> <span class='ocrx_word' id='word_1_153' title='bbox 1148 1241 1324 1292; x_wconf 80' lang='lat' dir='ltr'><strong>exemplo</strong></span> <span class='ocrx_word' id='word_1_154' title='bbox 1350 1247 1466 1279; x_wconf 78' lang='lat' dir='ltr'><strong>vacet</strong></span> 
     </span>
     <span class='ocr_line' id='line_1_20' title="bbox 136 1297 1463 1338; baseline -0.002 0"><span class='ocrx_word' id='word_1_155' title='bbox 136 1299 339 1338; x_wconf 85' lang='lat' dir='ltr'><strong>diversitas</strong></span> <span class='ocrx_word' id='word_1_156' title='bbox 364 1311 505 1336; x_wconf 89' lang='lat' dir='ltr'><strong>rerum.</strong></span> <span class='ocrx_word' id='word_1_157' title='bbox 546 1297 665 1335; x_wconf 91' lang='lat' dir='ltr'><strong>Omne</strong></span> <span class='ocrx_word' id='word_1_158' title='bbox 691 1298 791 1335; x_wconf 92' lang='lat' dir='ltr'><strong>enim</strong></span> <span class='ocrx_word' id='word_1_159' title='bbox 816 1311 883 1335; x_wconf 89' lang='lat' dir='ltr'><strong>vas</strong></span> <span class='ocrx_word' id='word_1_160' title='bbox 906 1298 968 1335; x_wconf 83' lang='lat' dir='ltr'><strong>vel</strong></span> <span class='ocrx_word' id='word_1_161' title='bbox 993 1299 1282 1336; x_wconf 90' lang='lat' dir='ltr'><strong>instrumentum</strong></span> <span class='ocrx_word' id='word_1_162' title='bbox 1310 1297 1463 1336; x_wconf 86' lang='lat' dir='ltr'><strong>aliunde</strong></span> 
     </span>
     <span class='ocr_line' id='line_1_21' title="bbox 135 1355 1466 1402; baseline -0.002 -6"><span class='ocrx_word' id='word_1_163' title='bbox 135 1358 175 1396; x_wconf 88' lang='lat' dir='ltr'><strong>in</strong></span> <span class='ocrx_word' id='word_1_164' title='bbox 199 1369 289 1396; x_wconf 89' lang='lat' dir='ltr'><strong>usus</strong></span> <span class='ocrx_word' id='word_1_165' title='bbox 314 1356 437 1402; x_wconf 86' lang='lat' dir='ltr'><strong>venit,</strong></span> <span class='ocrx_word' id='word_1_166' title='bbox 475 1362 660 1394; x_wconf 84' lang='lat' dir='ltr'><strong>extranea</strong></span> <span class='ocrx_word' id='word_1_167' title='bbox 692 1355 846 1392; x_wconf 89' lang='lat' dir='ltr'><strong>omnino</strong></span> <span class='ocrx_word' id='word_1_168' title='bbox 872 1356 1035 1393; x_wconf 89' lang='lat' dir='ltr'><strong>materia</strong></span> <span class='ocrx_word' id='word_1_169' title='bbox 1058 1367 1083 1392; x_wconf 92' lang='lat' dir='ltr'><strong>a</strong></span> <span class='ocrx_word' id='word_1_170' title='bbox 1106 1355 1317 1393; x_wconf 89' lang='lat' dir='ltr'><strong>substantia</strong></span> <span class='ocrx_word' id='word_1_171' title='bbox 1342 1356 1466 1393; x_wconf 90' lang='lat' dir='ltr'><strong>homi-</strong></span> 
     </span>
     <span class='ocr_line' id='line_1_22' title="bbox 135 1410 1464 1459; baseline -0.002 -6"><span class='ocrx_word' id='word_1_172' title='bbox 135 1415 207 1454; x_wconf 87' lang='lat' dir='ltr'><strong>nis.</strong></span> <span class='ocrx_word' id='word_1_173' title='bbox 269 1413 371 1452; x_wconf 87' lang='lat' dir='ltr'><strong>Caro</strong></span> <span class='ocrx_word' id='word_1_174' title='bbox 408 1419 535 1451; x_wconf 90' lang='lat' dir='ltr'><strong>autem</strong></span> <span class='ocrx_word' id='word_1_175' title='bbox 571 1412 619 1450; x_wconf 90' lang='lat' dir='ltr'><strong>ab</strong></span> <span class='ocrx_word' id='word_1_176' title='bbox 657 1410 819 1450; x_wconf 82' lang='lat' dir='ltr'><strong>exordio</strong></span> <span class='ocrx_word' id='word_1_177' title='bbox 858 1413 958 1450; x_wconf 86' lang='lat' dir='ltr'><strong>uteri</strong></span> <span class='ocrx_word' id='word_1_178' title='bbox 997 1413 1164 1459; x_wconf 89' lang='lat' dir='ltr'><strong>consita,</strong></span> <span class='ocrx_word' id='word_1_179' title='bbox 1209 1412 1464 1459; x_wconf 83' lang='lat' dir='ltr'><strong>conformata,</strong></span> 
     </span>
     <span class='ocr_line' id='line_1_23' title="bbox 138 1469 1462 1523; baseline -0.003 -12"><span class='ocrx_word' id='word_1_180' title='bbox 138 1471 345 1523; x_wconf 87' lang='lat' dir='ltr'><strong>congenita</strong></span> <span class='ocrx_word' id='word_1_181' title='bbox 370 1482 539 1516; x_wconf 88' lang='lat' dir='ltr'><strong>ammae,</strong></span> <span class='ocrx_word' id='word_1_182' title='bbox 577 1469 691 1507; x_wconf 89' lang='lat' dir='ltr'><strong>etiam</strong></span> <span class='ocrx_word' id='word_1_183' title='bbox 723 1470 763 1507; x_wconf 92' lang='lat' dir='ltr'><strong>in</strong></span> <span class='ocrx_word' id='word_1_184' title='bbox 794 1470 896 1507; x_wconf 90' lang='lat' dir='ltr'><strong>omui</strong></span> <span class='ocrx_word' id='word_1_185' title='bbox 928 1470 1155 1521; x_wconf 86' lang='lat' dir='ltr'><strong>operatione</strong></span> <span class='ocrx_word' id='word_1_186' title='bbox 1185 1470 1371 1508; x_wconf 86' lang='lat' dir='ltr'><strong>miscetur</strong></span> <span class='ocrx_word' id='word_1_187' title='bbox 1394 1470 1462 1509; x_wconf 85' lang='lat' dir='ltr'><strong>illi.</strong></span> 
     </span>
     <span class='ocr_line' id='line_1_24' title="bbox 135 1525 1465 1579; baseline -0.002 -11"><span class='ocrx_word' id='word_1_188' title='bbox 135 1528 235 1568; x_wconf 87' lang='lat' dir='ltr'><strong>Nam</strong></span> <span class='ocrx_word' id='word_1_189' title='bbox 260 1530 334 1568; x_wconf 85' lang='lat' dir='ltr'><strong>etsi</strong></span> <span class='ocrx_word' id='word_1_190' title='bbox 357 1541 424 1566; x_wconf 88' lang='lat' dir='ltr'><strong>vas</strong></span> <span class='ocrx_word' id='word_1_191' title='bbox 448 1533 611 1566; x_wconf 82' lang='lat' dir='ltr'><strong>vocatur</strong></span> <span class='ocrx_word' id='word_1_192' title='bbox 635 1525 736 1578; x_wconf 91' lang='lat' dir='ltr'><strong>apud</strong></span> <span class='ocrx_word' id='word_1_193' title='bbox 761 1527 1035 1579; x_wconf 91' lang='lat' dir='ltr'><strong>apostolum,⁵)</strong></span> <span class='ocrx_word' id='word_1_194' title='bbox 1064 1540 1175 1579; x_wconf 92' lang='lat' dir='ltr'><strong>quam</strong></span> <span class='ocrx_word' id='word_1_195' title='bbox 1200 1527 1306 1565; x_wconf 87' lang='lat' dir='ltr'><strong>iubet</strong></span> <span class='ocrx_word' id='word_1_196' title='bbox 1330 1528 1368 1566; x_wconf 93' lang='lat' dir='ltr'><strong>in</strong></span> <span class='ocrx_word' id='word_1_197' title='bbox 1393 1527 1465 1565; x_wconf 88' lang='lat' dir='ltr'><strong>ho-</strong></span> 
     </span>
     <span class='ocr_line' id='line_1_25' title="bbox 135 1583 1465 1637; baseline -0.002 -12"><span class='ocrx_word' id='word_1_198' title='bbox 135 1583 232 1626; x_wconf 82' lang='lat' dir='ltr'><strong>nore</strong></span> <span class='ocrx_word' id='word_1_199' title='bbox 264 1586 443 1632; x_wconf 85' lang='lat' dir='ltr'><strong>tractari,</strong></span> <span class='ocrx_word' id='word_1_200' title='bbox 481 1583 617 1623; x_wconf 87' lang='lat' dir='ltr'><strong>eadem</strong></span> <span class='ocrx_word' id='word_1_201' title='bbox 649 1591 776 1622; x_wconf 88' lang='lat' dir='ltr'><strong>tamen</strong></span> <span class='ocrx_word' id='word_1_202' title='bbox 808 1584 855 1623; x_wconf 89' lang='lat' dir='ltr'><strong>ab</strong></span> <span class='ocrx_word' id='word_1_203' title='bbox 887 1583 1025 1623; x_wconf 88' lang='lat' dir='ltr'><strong>eodem</strong></span> <span class='ocrx_word' id='word_1_204' title='bbox 1056 1585 1171 1623; x_wconf 89' lang='lat' dir='ltr'><strong>homo</strong></span> <span class='ocrx_word' id='word_1_205' title='bbox 1197 1586 1372 1623; x_wconf 81' lang='lat' dir='ltr'><strong>exterior</strong></span> <span class='ocrx_word' id='word_1_206' title='bbox 1395 1598 1465 1637; x_wconf 89' lang='lat' dir='ltr'><strong>ap-</strong></span> 
     </span>
     <span class='ocr_line' id='line_1_26' title="bbox 136 1641 1465 1697; baseline -0.002 -15"><span class='ocrx_word' id='word_1_207' title='bbox 136 1644 320 1697; x_wconf 83' lang='lat' dir='ltr'><strong>pellatur,</strong></span> <span class='ocrx_word' id='word_1_208' title='bbox 345 1643 410 1681; x_wconf 90' lang='lat' dir='ltr'><strong>ille</strong></span> <span class='ocrx_word' id='word_1_209' title='bbox 437 1643 590 1680; x_wconf 90' lang='lat' dir='ltr'><strong>scilicet</strong></span> <span class='ocrx_word' id='word_1_210' title='bbox 614 1642 741 1688; x_wconf 90' lang='lat' dir='ltr'><strong>limus,</strong></span> <span class='ocrx_word' id='word_1_211' title='bbox 775 1642 838 1692; x_wconf 88' lang='lat' dir='ltr'><strong>qui</strong></span> <span class='ocrx_word' id='word_1_212' title='bbox 863 1643 973 1693; x_wconf 91' lang='lat' dir='ltr'><strong>prior</strong></span> <span class='ocrx_word' id='word_1_213' title='bbox 995 1641 1107 1679; x_wconf 86' lang='lat' dir='ltr'><strong>titulo</strong></span> <span class='ocrx_word' id='word_1_214' title='bbox 1132 1642 1297 1679; x_wconf 90' lang='lat' dir='ltr'><strong>hominis</strong></span> <span class='ocrx_word' id='word_1_215' title='bbox 1322 1643 1465 1680; x_wconf 88' lang='lat' dir='ltr'><strong>incisus</strong></span> 
     </span>
     <span class='ocr_line' id='line_1_27' title="bbox 137 1697 1463 1748; baseline -0.004 -7"><span class='ocrx_word' id='word_1_216' title='bbox 137 1708 210 1748; x_wconf 85' lang='lat' dir='ltr'><strong>cst,</strong></span> <span class='ocrx_word' id='word_1_217' title='bbox 248 1714 324 1739; x_wconf 90' lang='lat' dir='ltr'><strong>non</strong></span> <span class='ocrx_word' id='word_1_218' title='bbox 362 1700 497 1738; x_wconf 88' lang='lat' dir='ltr'><strong>calicis</strong></span> <span class='ocrx_word' id='word_1_219' title='bbox 533 1705 600 1736; x_wconf 90' lang='lat' dir='ltr'><strong>aut</strong></span> <span class='ocrx_word' id='word_1_220' title='bbox 635 1697 754 1748; x_wconf 89' lang='lat' dir='ltr'><strong>gladii</strong></span> <span class='ocrx_word' id='word_1_221' title='bbox 793 1705 859 1735; x_wconf 90' lang='lat' dir='ltr'><strong>aut</strong></span> <span class='ocrx_word' id='word_1_222' title='bbox 893 1698 1040 1736; x_wconf 88' lang='lat' dir='ltr'><strong>vasculi</strong></span> <span class='ocrx_word' id='word_1_223' title='bbox 1070 1699 1195 1736; x_wconf 91' lang='lat' dir='ltr'><strong>ullius.</strong></span> <span class='ocrx_word' id='word_1_224' title='bbox 1256 1698 1337 1736; x_wconf 91' lang='lat' dir='ltr'><strong>Vas</strong></span> <span class='ocrx_word' id='word_1_225' title='bbox 1363 1699 1463 1736; x_wconf 90' lang='lat' dir='ltr'><strong>enim</strong></span> 
     </span>
     <span class='ocr_line' id='line_1_28' title="bbox 138 1754 1463 1809; baseline -0.004 -12"><span class='ocrx_word' id='word_1_226' title='bbox 138 1757 367 1809; x_wconf 85' lang='lat' dir='ltr'><strong>capacitatis</strong></span> <span class='ocrx_word' id='word_1_227' title='bbox 392 1756 545 1793; x_wconf 91' lang='lat' dir='ltr'><strong>nomine</strong></span> <span class='ocrx_word' id='word_1_228' title='bbox 572 1754 676 1792; x_wconf 89' lang='lat' dir='ltr'><strong>dicta</strong></span> <span class='ocrx_word' id='word_1_229' title='bbox 702 1761 774 1800; x_wconf 87' lang='lat' dir='ltr'><strong>est,</strong></span> <span class='ocrx_word' id='word_1_230' title='bbox 801 1767 875 1805; x_wconf 88' lang='lat' dir='ltr'><strong>qua</strong></span> <span class='ocrx_word' id='word_1_231' title='bbox 899 1755 1061 1792; x_wconf 90' lang='lat' dir='ltr'><strong>animam</strong></span> <span class='ocrx_word' id='word_1_232' title='bbox 1089 1756 1193 1806; x_wconf 89' lang='lat' dir='ltr'><strong>capit</strong></span> <span class='ocrx_word' id='word_1_233' title='bbox 1217 1762 1258 1793; x_wconf 86' lang='lat' dir='ltr'><strong>et</strong></span> <span class='ocrx_word' id='word_1_234' title='bbox 1277 1756 1463 1801; x_wconf 84' lang='lat' dir='ltr'><strong>continet,</strong></span> 
     </span>
     <span class='ocr_line' id='line_1_29' title="bbox 136 1811 1465 1863; baseline -0.002 -10"><span class='ocrx_word' id='word_1_235' title='bbox 136 1815 253 1853; x_wconf 88' lang='lat' dir='ltr'><strong>bomo</strong></span> <span class='ocrx_word' id='word_1_236' title='bbox 277 1826 372 1851; x_wconf 84' lang='lat' dir='ltr'><strong>vero</strong></span> <span class='ocrx_word' id='word_1_237' title='bbox 399 1811 447 1850; x_wconf 91' lang='lat' dir='ltr'><strong>de</strong></span> <span class='ocrx_word' id='word_1_238' title='bbox 474 1812 740 1849; x_wconf 86' lang='lat' dir='ltr'><strong>communione</strong></span> <span class='ocrx_word' id='word_1_239' title='bbox 766 1818 944 1857; x_wconf 86' lang='lat' dir='ltr'><strong>naturae,</strong></span> <span class='ocrx_word' id='word_1_240' title='bbox 984 1824 1080 1863; x_wconf 90' lang='lat' dir='ltr'><strong>quae</strong></span> <span class='ocrx_word' id='word_1_241' title='bbox 1112 1825 1196 1850; x_wconf 85' lang='lat' dir='ltr'><strong>eam</strong></span> <span class='ocrx_word' id='word_1_242' title='bbox 1222 1825 1298 1849; x_wconf 90' lang='lat' dir='ltr'><strong>non</strong></span> <span class='ocrx_word' id='word_1_243' title='bbox 1323 1813 1465 1851; x_wconf 81' lang='lat' dir='ltr'><strong>instru-</strong></span> 
     </span>
     <span class='ocr_line' id='line_1_30' title="bbox 136 1867 1466 1920; baseline -0.002 -10"><span class='ocrx_word' id='word_1_244' title='bbox 136 1878 302 1910; x_wconf 82' lang='lat' dir='ltr'><strong>mentum</strong></span> <span class='ocrx_word' id='word_1_245' title='bbox 328 1871 367 1907; x_wconf 87' lang='lat' dir='ltr'><strong>in</strong></span> <span class='ocrx_word' id='word_1_246' title='bbox 394 1867 682 1920; x_wconf 84' lang='lat' dir='ltr'><strong>operationibus</strong></span> <span class='ocrx_word' id='word_1_247' title='bbox 707 1875 896 1919; x_wconf 87' lang='lat' dir='ltr'><strong>praestat,</strong></span> <span class='ocrx_word' id='word_1_248' title='bbox 922 1867 992 1907; x_wconf 93' lang='lat' dir='ltr'><strong>sed</strong></span> <span class='ocrx_word' id='word_1_249' title='bbox 1016 1869 1279 1907; x_wconf 86' lang='lat' dir='ltr'><strong>ministerium.</strong></span> <span class='ocrx_word' id='word_1_250' title='bbox 1341 1869 1401 1908; x_wconf 85' lang='lat' dir='ltr'><strong>Ita</strong></span> <span class='ocrx_word' id='word_1_251' title='bbox 1425 1876 1466 1908; x_wconf 88' lang='lat' dir='ltr'><strong>et</strong></span> 
     </span>
     <span class='ocr_line' id='line_1_31' title="bbox 137 1923 1465 1979; baseline -0.002 -11"><span class='ocrx_word' id='word_1_252' title='bbox 137 1929 388 1968; x_wconf 88' lang='lat' dir='ltr'><strong>ministerium</strong></span> <span class='ocrx_word' id='word_1_253' title='bbox 415 1925 609 1964; x_wconf 89' lang='lat' dir='ltr'><strong>tenebitur</strong></span> <span class='ocrx_word' id='word_1_254' title='bbox 631 1923 792 1972; x_wconf 78' lang='lat' dir='ltr'><strong>iudicio,</strong></span> <span class='ocrx_word' id='word_1_255' title='bbox 819 1932 862 1964; x_wconf 89' lang='lat' dir='ltr'><strong>ut</strong></span> <span class='ocrx_word' id='word_1_256' title='bbox 874 1925 912 1976; x_wconf 78' lang='lat'><strong>⁶)</strong></span> <span class='ocrx_word' id='word_1_257' title='bbox 928 1925 976 1964; x_wconf 90' lang='lat' dir='ltr'><strong>de</strong></span> <span class='ocrx_word' id='word_1_258' title='bbox 1002 1940 1070 1964; x_wconf 90' lang='lat' dir='ltr'><strong>suo</strong></span> <span class='ocrx_word' id='word_1_259' title='bbox 1097 1927 1187 1965; x_wconf 88' lang='lat' dir='ltr'><strong>nihil</strong></span> <span class='ocrx_word' id='word_1_260' title='bbox 1214 1927 1349 1978; x_wconf 86' lang='lat' dir='ltr'><strong>sapiat,</strong></span> <span class='ocrx_word' id='word_1_261' title='bbox 1377 1928 1465 1979; x_wconf 88' lang='lat' dir='ltr'><strong>quia</strong></span> 
     </span>
     <span class='ocr_line' id='line_1_32' title="bbox 137 1983 1445 2039; baseline -0.002 -14"><span class='ocrx_word' id='word_1_262' title='bbox 137 1987 267 2039; x_wconf 88' lang='lat' dir='ltr'><strong>portio</strong></span> <span class='ocrx_word' id='word_1_263' title='bbox 293 1991 353 2024; x_wconf 87' lang='lat' dir='ltr'><strong>cst</strong></span> <span class='ocrx_word' id='word_1_264' title='bbox 378 1984 478 2029; x_wconf 90' lang='lat' dir='ltr'><strong>eius,</strong></span> <span class='ocrx_word' id='word_1_265' title='bbox 517 1994 613 2034; x_wconf 86' lang='lat' dir='ltr'><strong>quae</strong></span> <span class='ocrx_word' id='word_1_266' title='bbox 638 1983 754 2034; x_wconf 89' lang='lat' dir='ltr'><strong>sapit,</strong></span> <span class='ocrx_word' id='word_1_267' title='bbox 786 1996 863 2021; x_wconf 88' lang='lat' dir='ltr'><strong>non</strong></span> <span class='ocrx_word' id='word_1_268' title='bbox 887 1983 1073 2035; x_wconf 68' lang='lat' dir='ltr'><strong>supellex.</strong></span> <span class='ocrx_word' id='word_1_269' title='bbox 1135 1984 1218 2022; x_wconf 87' lang='lat' dir='ltr'><strong>Hoc</strong></span> <span class='ocrx_word' id='word_1_270' title='bbox 1244 1991 1285 2022; x_wconf 88' lang='lat' dir='ltr'><strong>et</strong></span> <span class='ocrx_word' id='word_1_271' title='bbox 1308 1991 1445 2036; x_wconf 88' lang='lat' dir='ltr'><strong>aposto</strong></span> 
     </span>
     <span class='ocr_line' id='line_1_33' title="bbox 140 2041 1465 2094; baseline -0.002 -11"><span class='ocrx_word' id='word_1_272' title='bbox 140 2044 199 2082; x_wconf 89' lang='lat' dir='ltr'><strong>lus</strong></span> <span class='ocrx_word' id='word_1_273' title='bbox 223 2044 369 2089; x_wconf 81' lang='lat' dir='ltr'><strong>sciens,</strong></span> <span class='ocrx_word' id='word_1_274' title='bbox 396 2041 488 2079; x_wconf 88' lang='lat' dir='ltr'><strong>nihil</strong></span> <span class='ocrx_word' id='word_1_275' title='bbox 521 2052 675 2078; x_wconf 87' lang='lat' dir='ltr'><strong>carnem</strong></span> <span class='ocrx_word' id='word_1_276' title='bbox 699 2053 819 2091; x_wconf 85' lang='lat' dir='ltr'><strong>agere</strong></span> <span class='ocrx_word' id='word_1_277' title='bbox 844 2053 916 2092; x_wconf 85' lang='lat' dir='ltr'><strong>per</strong></span> <span class='ocrx_word' id='word_1_278' title='bbox 939 2048 1061 2079; x_wconf 89' lang='lat' dir='ltr'><strong>semet</strong></span> <span class='ocrx_word' id='word_1_279' title='bbox 1085 2041 1223 2094; x_wconf 88' lang='lat' dir='ltr'><strong>ipsam,</strong></span> <span class='ocrx_word' id='word_1_280' title='bbox 1262 2041 1362 2094; x_wconf 89' lang='lat' dir='ltr'><strong>quod</strong></span> <span class='ocrx_word' id='word_1_281' title='bbox 1388 2055 1465 2080; x_wconf 92' lang='lat' dir='ltr'><strong>non</strong></span> 
     </span>
     <span class='ocr_line' id='line_1_34' title="bbox 139 2097 1464 2152; baseline -0.002 -12"><span class='ocrx_word' id='word_1_282' title='bbox 139 2102 291 2147; x_wconf 80' lang='lat' dir='ltr'><strong>animae</strong></span> <span class='ocrx_word' id='word_1_283' title='bbox 315 2099 535 2152; x_wconf 82' lang='lat' dir='ltr'><strong>deputetur,</strong></span> <span class='ocrx_word' id='word_1_284' title='bbox 562 2097 805 2136; x_wconf 89' lang='lat' dir='ltr'><strong>nibilominus</strong></span> <span class='ocrx_word' id='word_1_285' title='bbox 830 2099 1091 2150; x_wconf 87' lang='lat' dir='ltr'><strong>peccatricem</strong></span> <span class='ocrx_word' id='word_1_286' title='bbox 1116 2098 1263 2138; x_wconf 85' lang='lat' dir='ltr'><strong>iudicat</strong></span> <span class='ocrx_word' id='word_1_287' title='bbox 1293 2112 1464 2145; x_wconf 86' lang='lat' dir='ltr'><strong>carnem,</strong></span> 
     </span>
    </p>
   </div>
   <div class='ocr_carea' id='block_1_3' title="bbox 122 2248 1467 2611">
    <p class='ocr_par' dir='ltr' id='par_1_3' title="bbox 122 2248 1467 2611">
     <span class='ocr_line' id='line_1_35' title="bbox 235 2248 1467 2289; baseline -0.001 -9"><span class='ocrx_word' id='word_1_288' title='bbox 235 2250 271 2289; x_wconf 92' lang='lat'><strong>1)</strong></span> <span class='ocrx_word' id='word_1_289' title='bbox 296 2248 360 2280; x_wconf 86' lang='lat' dir='ltr'><strong>Ed.</strong></span> <span class='ocrx_word' id='word_1_290' title='bbox 384 2248 487 2280; x_wconf 76' lang='lat' dir='ltr'><strong>Fran.</strong></span> <span class='ocrx_word' id='word_1_291' title='bbox 507 2249 541 2279; x_wconf 84' lang='lat' dir='ltr'><strong>et</strong></span> <span class='ocrx_word' id='word_1_292' title='bbox 562 2248 636 2289; x_wconf 87' lang='lat' dir='ltr'><strong>Rig.</strong></span> <span class='ocrx_word' id='word_1_293' title='bbox 660 2249 876 2280; x_wconf 72' lang='lat' dir='ltr'><strong>beneficis</strong></span> <span class='ocrx_word' id='word_1_294' title='bbox 900 2249 1009 2280; x_wconf 87' lang='lat' dir='ltr'><strong>enim</strong></span> <span class='ocrx_word' id='word_1_295' title='bbox 1035 2250 1166 2281; x_wconf 82' lang='lat' dir='ltr'><strong>debet.</strong></span> <span class='ocrx_word' id='word_1_296' title='bbox 1215 2249 1375 2289; x_wconf 84' lang='lat' dir='ltr'><strong>Optimi</strong></span> <span class='ocrx_word' id='word_1_297' title='bbox 1400 2250 1467 2280; x_wconf 71' lang='lat' dir='ltr'><strong>ent</strong></span> 
     </span>
     <span class='ocr_line' id='line_1_36' title="bbox 141 2293 1465 2338; baseline -0.001 -12"><span class='ocrx_word' id='word_1_298' title='bbox 141 2296 282 2327; x_wconf 75' lang='lat' dir='ltr'><strong>autem</strong></span> <span class='ocrx_word' id='word_1_299' title='bbox 307 2295 438 2325; x_wconf 83' lang='lat' dir='ltr'><strong>etiam</strong></span> <span class='ocrx_word' id='word_1_300' title='bbox 466 2294 575 2333; x_wconf 88' lang='lat' dir='ltr'><strong>quod</strong></span> <span class='ocrx_word' id='word_1_301' title='bbox 598 2303 682 2325; x_wconf 87' lang='lat' dir='ltr'><strong>non</strong></span> <span class='ocrx_word' id='word_1_302' title='bbox 707 2295 935 2327; x_wconf 82' lang='lat' dir='ltr'><strong>deberetur</strong></span> <span class='ocrx_word' id='word_1_303' title='bbox 954 2293 1046 2338; x_wconf 79' lang='lat' dir='ltr'><strong>(Rig.</strong></span> <span class='ocrx_word' id='word_1_304' title='bbox 1066 2294 1266 2337; x_wconf 86' lang='lat' dir='ltr'><strong>debetur)</strong></span> <span class='ocrx_word' id='word_1_305' title='bbox 1286 2295 1465 2326; x_wconf 82' lang='lat' dir='ltr'><strong>offerre.</strong></span> 
     </span>
     <span class='ocr_line' id='line_1_37' title="bbox 141 2338 1466 2382; baseline -0.001 -10"><span class='ocrx_word' id='word_1_306' title='bbox 141 2343 178 2381; x_wconf 81' lang='lat'><strong>2)</strong></span> <span class='ocrx_word' id='word_1_307' title='bbox 204 2342 262 2372; x_wconf 90' lang='lat' dir='ltr'><strong>Sic</strong></span> <span class='ocrx_word' id='word_1_308' title='bbox 280 2341 356 2372; x_wconf 84' lang='lat' dir='ltr'><strong>cod.</strong></span> <span class='ocrx_word' id='word_1_309' title='bbox 381 2340 487 2380; x_wconf 63' lang='lat' dir='ltr'><strong>Pub„</strong></span> <span class='ocrx_word' id='word_1_310' title='bbox 519 2340 648 2380; x_wconf 71' lang='lat' dir='ltr'><strong>Rhem,</strong></span> <span class='ocrx_word' id='word_1_311' title='bbox 674 2341 768 2380; x_wconf 67' lang='lat' dir='ltr'><strong>Rig;;</strong></span> <span class='ocrx_word' id='word_1_312' title='bbox 794 2342 869 2373; x_wconf 87' lang='lat' dir='ltr'><strong>cod.</strong></span> <span class='ocrx_word' id='word_1_313' title='bbox 893 2342 990 2373; x_wconf 64' lang='lat' dir='ltr'><strong>Ure-z</strong></span> <span class='ocrx_word' id='word_1_314' title='bbox 1017 2340 1332 2373; x_wconf 73' lang='lat' dir='ltr'><strong>fascinati-icis.</strong></span> <span class='ocrx_word' id='word_1_315' title='bbox 1426 2338 1466 2382; x_wconf 79' lang='lat'><strong>3)</strong></span> 
     </span>
     <span class='ocr_line' id='line_1_38' title="bbox 141 2385 1465 2428; baseline -0.001 -10"><span class='ocrx_word' id='word_1_316' title='bbox 141 2387 223 2419; x_wconf 84' lang='lat' dir='ltr'><strong>Cod.</strong></span> <span class='ocrx_word' id='word_1_317' title='bbox 242 2386 331 2418; x_wconf 73' lang='lat' dir='ltr'><strong>Pith.</strong></span> <span class='ocrx_word' id='word_1_318' title='bbox 354 2388 388 2417; x_wconf 86' lang='lat' dir='ltr'><strong>et</strong></span> <span class='ocrx_word' id='word_1_319' title='bbox 407 2386 514 2418; x_wconf 83' lang='lat' dir='ltr'><strong>Rhen.</strong></span> <span class='ocrx_word' id='word_1_320' title='bbox 532 2386 585 2416; x_wconf 88' lang='lat' dir='ltr'><strong>ed.</strong></span> <span class='ocrx_word' id='word_1_321' title='bbox 607 2388 630 2416; x_wconf 83' lang='lat'><strong>1.</strong></span> <span class='ocrx_word' id='word_1_322' title='bbox 653 2385 828 2418; x_wconf 80' lang='lat' dir='ltr'><strong>invidia.</strong></span> <span class='ocrx_word' id='word_1_323' title='bbox 921 2385 959 2428; x_wconf 77' lang='lat'><strong>4)</strong></span> <span class='ocrx_word' id='word_1_324' title='bbox 984 2388 1065 2419; x_wconf 89' lang='lat' dir='ltr'><strong>Cod.</strong></span> <span class='ocrx_word' id='word_1_325' title='bbox 1083 2387 1171 2418; x_wconf 84' lang='lat' dir='ltr'><strong>Pith.</strong></span> <span class='ocrx_word' id='word_1_326' title='bbox 1194 2388 1229 2417; x_wconf 85' lang='lat' dir='ltr'><strong>et</strong></span> <span class='ocrx_word' id='word_1_327' title='bbox 1245 2386 1353 2417; x_wconf 82' lang='lat' dir='ltr'><strong>Rhen.</strong></span> <span class='ocrx_word' id='word_1_328' title='bbox 1372 2386 1424 2418; x_wconf 86' lang='lat' dir='ltr'><strong>ed.</strong></span> <span class='ocrx_word' id='word_1_329' title='bbox 1441 2388 1465 2417; x_wconf 88' lang='grc' dir='ltr'><strong>Ι.</strong></span> 
     </span>
     <span class='ocr_line' id='line_1_39' title="bbox 141 2432 1465 2472; baseline -0.002 -8"><span class='ocrx_word' id='word_1_330' title='bbox 141 2433 375 2472; x_wconf 84' lang='lat' dir='ltr'><strong>inorbitur,</strong></span> <span class='ocrx_word' id='word_1_331' title='bbox 402 2433 461 2463; x_wconf 77' lang='lat' dir='ltr'><strong>sed</strong></span> <span class='ocrx_word' id='word_1_332' title='bbox 481 2432 695 2463; x_wconf 75' lang='lat' dir='ltr'><strong>scribendum</strong></span> <span class='ocrx_word' id='word_1_333' title='bbox 716 2442 791 2464; x_wconf 78' lang='lat' dir='ltr'><strong>esse</strong></span> <span class='ocrx_word' id='word_1_334' title='bbox 811 2434 987 2465; x_wconf 88' lang='lat' dir='ltr'><strong>coni.orn</strong></span> <span class='ocrx_word' id='word_1_335' title='bbox 997 2434 1149 2465; x_wconf 84' lang='lat' dir='ltr'><strong>abitur.</strong></span> <span class='ocrx_word' id='word_1_336' title='bbox 1186 2433 1319 2463; x_wconf 87' lang='lat' dir='ltr'><strong>Deinde</strong></span> <span class='ocrx_word' id='word_1_337' title='bbox 1332 2433 1465 2472; x_wconf 81' lang='lat' dir='ltr'><strong>etipse,</strong></span> 
     </span>
     <span class='ocr_line' id='line_1_40' title="bbox 142 2478 1466 2520; baseline -0.001 -10"><span class='ocrx_word' id='word_1_338' title='bbox 142 2481 177 2510; x_wconf 81' lang='lat' dir='ltr'><strong>et</strong></span> <span class='ocrx_word' id='word_1_339' title='bbox 200 2479 373 2510; x_wconf 78' lang='lat' dir='ltr'><strong>Pamelius</strong></span> <span class='ocrx_word' id='word_1_340' title='bbox 400 2488 419 2509; x_wconf 91' lang='lat' dir='ltr'><strong>e</strong></span> <span class='ocrx_word' id='word_1_341' title='bbox 443 2478 553 2510; x_wconf 81' lang='lat' dir='ltr'><strong>tribus</strong></span> <span class='ocrx_word' id='word_1_342' title='bbox 582 2478 678 2510; x_wconf 86' lang='lat' dir='ltr'><strong>codd.</strong></span> <span class='ocrx_word' id='word_1_343' title='bbox 699 2479 897 2518; x_wconf 76' lang='lat' dir='ltr'><strong>Vaticanis,</strong></span> <span class='ocrx_word' id='word_1_344' title='bbox 930 2481 965 2510; x_wconf 82' lang='lat' dir='ltr'><strong>et</strong></span> <span class='ocrx_word' id='word_1_345' title='bbox 988 2480 1064 2520; x_wconf 83' lang='lat' dir='ltr'><strong>Rig.</strong></span> <span class='ocrx_word' id='word_1_346' title='bbox 1091 2478 1341 2510; x_wconf 81' lang='lat' dir='ltr'><strong>inorabitur</strong></span> <span class='ocrx_word' id='word_1_347' title='bbox 1396 2478 1466 2509; x_wconf 90' lang='lat' dir='ltr'><strong>Ge·-</strong></span> 
     </span>
     <span class='ocr_line' id='line_1_41' title="bbox 122 2522 1466 2567; baseline 0 -11"><span class='ocrx_word' id='word_1_348' title='bbox 122 2525 209 2556; x_wconf 45' lang='lat' dir='ltr'><strong>zuen.</strong></span> <span class='ocrx_word' id='word_1_349' title='bbox 246 2526 536 2557; x_wconf 79' lang='lat' dir='ltr'><strong>inornabitur.</strong></span> <span class='ocrx_word' id='word_1_350' title='bbox 656 2522 692 2567; x_wconf 88' lang='lat'><strong>5)</strong></span> <span class='ocrx_word' id='word_1_351' title='bbox 720 2525 875 2556; x_wconf 80' lang='lat' dir='ltr'><strong>1Thess.</strong></span> <span class='ocrx_word' id='word_1_352' title='bbox 895 2526 929 2565; x_wconf 79' lang='lat'><strong>4,</strong></span> <span class='ocrx_word' id='word_1_353' title='bbox 948 2526 980 2555; x_wconf 74' lang='lat'><strong>4.</strong></span> <span class='ocrx_word' id='word_1_354' title='bbox 1098 2525 1135 2565; x_wconf 83' lang='lat'><strong>6)</strong></span> <span class='ocrx_word' id='word_1_355' title='bbox 1160 2525 1248 2566; x_wconf 88' lang='lat' dir='ltr'><strong>Gcl.,</strong></span> <span class='ocrx_word' id='word_1_356' title='bbox 1273 2525 1325 2556; x_wconf 82' lang='lat' dir='ltr'><strong>ed.</strong></span> <span class='ocrx_word' id='word_1_357' title='bbox 1397 2533 1466 2564; x_wconf 57' lang='lat' dir='ltr'><strong>au„</strong></span> 
     </span>
     <span class='ocr_line' id='line_1_42' title="bbox 144 2571 329 2611; baseline 0.005 -10"><span class='ocrx_word' id='word_1_358' title='bbox 144 2571 217 2611; x_wconf 72' lang='lat' dir='ltr'><strong>aig.</strong></span> <span class='ocrx_word' id='word_1_359' title='bbox 234 2571 329 2602; x_wconf 69' lang='lat' dir='ltr'><strong>etsi.</strong></span> 
     </span>
    </p>
   </div>
  </div>
 </body>
</html>
