1604 2800
182 184 284 222 858
621 182 744 214 Anv.
778 180 1070 214 PRAXEAN.

183 290 366 322 nonem,
398 274 484 314 dum
509 276 670 314 alterum
695 289 770 313 non
795 271 934 312 habeo.
995 272 1037 312 Si
1064 274 1161 312 enim
1189 274 1269 326 ipse
1295 287 1363 314 ero
1389 275 1499 324 filius,

183 336 244 386 qui
265 341 303 372 et
323 340 445 386 pater,
472 335 545 372 iam
572 346 647 371 non
672 332 795 371 habeo
815 331 945 378 fllium,
975 330 1042 370 scd
1062 331 1142 382 ipse
1163 344 1243 370 sum
1263 331 1373 371 filius.
1410 333 1501 373 Non

181 390 358 431 habendo
384 398 509 430 autem
536 390 671 437 filium,
703 388 790 427 dum
814 389 896 440 ipse
922 402 1002 427 sum
1028 388 1143 435 filius,
1177 388 1366 440 quomodo
1391 397 1503 442 patet

180 451 275 487 ero?
334 447 486 487 Habere
512 449 610 486 enim
642 447 757 486 filium
791 444 933 492 debeo,
965 452 1006 483 ut
1030 453 1141 497 pater
1165 447 1248 485 sim.
1307 445 1395 486 Nou
1420 460 1506 487 sum·

179 519 275 557 ergo
302 505 413 553 filius,
440 506 526 558 quia
551 511 698 556 patrem
723 517 799 542 non
823 503 962 550 haheo,
989 504 1050 555 qui
1075 503 1170 541 facit
1194 503 1322 542 filium.
1364 502 1505 556 Aeque.

179 565 210 602 si
237 565 318 615 ipse
344 577 423 601 sum
450 569 570 615 pater,
597 563 659 614 qui
686 568 726 600 et
751 562 860 608 filius,
887 561 960 599 iam
986 573 1061 598 non
1086 560 1210 599 habeo
1236 567 1401 612 patrem,
1433 560 1502 600 sed

179 621 260 672 ipse
286 634 364 659 sum
390 627 515 672 pater.
552 619 640 658 Non
666 618 841 658 habendo
867 625 991 656 autem
1018 624 1177 670 patrem,
1204 616 1289 657 dum
1314 619 1396 670 ipse
1422 631 1502 658 sum

178 685 306 729 pater,
345 676 534 729 quomodo
573 676 670 715 filius
700 678 794 715 ero?
853 674 1004 714 Habere
1043 676 1141 714 enim
1177 682 1324 726 patrem
1362 674 1500 723 debeo.

179 741 221 772 ut
246 735 342 772 filius
367 735 449 773 sim.
510 734 599 772 Non
625 747 719 785 ergo
747 747 814 772 ero
840 739 969 784 pater,
1003 733 1089 784 quia
1120 732 1236 771 fllium
1261 745 1337 772 non
1361 732 1500 780 haheo,

180 792 244 842 qui
268 792 362 828 facit
386 798 548 842 patrem.
588 791 670 829 Hoc
697 792 771 829 erit
797 797 915 835 totum
940 790 1131 841 ingenium
1158 788 1313 837 diaboli,
1340 789 1500 829 alterum

180 860 231 885 ex
255 847 377 885 altero
403 846 624 893 excludere,
649 845 736 884 dum
761 853 958 897 utrumque
979 848 1015 884 in
1035 860 1147 884 unum
1166 846 1235 885 sub
1255 846 1505 886 monarchiae

180 904 314 942 favore
340 902 574 941 concludens
599 910 771 941 neutrum
797 902 930 940 haberi
957 903 1061 949 facit,
1087 910 1129 940 ut
1153 909 1192 941 et
1211 909 1322 954 pater
1342 916 1419 942 non
1438 904 1500 950 sit,

181 961 244 1011 qui
269 960 420 998 scilicet
444 959 559 998 filium
591 973 667 997 non
699 959 831 1005 babet,
869 965 909 997 et
940 959 1037 997 filius
1068 972 1143 996 non
1175 960 1241 1006 sit,
1280 960 1343 1011 qui
1379 972 1501 1012 aeque

148 1040 158 1049 ·
180 1023 326 1068 patrem
354 1030 428 1054 non
454 1016 588 1063 habet3
615 1015 699 1053 dum
726 1017 824 1053 enim
850 1022 961 1066 pater
985 1022 1058 1071 est²
1084 1015 1182 1053 filius
1207 1029 1284 1053 non
1309 1017 1395 1054 erit.
1435 1015 1501 1059 Sic

181 1073 438 1111 monarchiam
472 1079 622 1117 tenent,
661 1073 723 1124 qui
754 1084 826 1110 nec
858 1078 1006 1123 patrem
1036 1083 1108 1110 nec
1140 1071 1256 1112 filium
1289 1073 1500 1112 continent.

181 1128 260 1167 Sed
286 1129 378 1167 nihil
404 1128 478 1168 deo
505 1129 670 1168 difficile.
733 1128 823 1176 Quis
849 1128 922 1167 boc
949 1129 1120 1167 nesciat?
1178 1127 1228 1166 Et
1252 1129 1505 1181 impossibilia,

179 1185 276 1238 apud
298 1186 466 1225 seculum
487 1186 684 1238 possibilia
704 1185 803 1238 apud
823 1184 934 1224 deum
950 1186 987 1231 1)
1015 1186 1096 1237 quis
1116 1186 1293 1236 ignoret?
1315 1185 1367 1225 Et
1385 1187 1506 1227 stulta

179 1242 306 1282 mundi
321 1243 439 1294 elegit
454 1243 559 1291 deus,
585 1250 626 1281 ut
645 1241 852 1282 confundat
870 1244 1071 1294 sapientia.
1085 1244 1123 1291 2)
1161 1241 1341 1294 Legimus
1360 1245 1499 1284 omnia.

179 1299 304 1351 Ergo,
338 1301 527 1352 inquiunt,
561 1299 712 1340 difficile
745 1313 820 1338 non
851 1300 922 1338 fuit
951 1298 1043 1346 deo,
1076 1301 1196 1352 ipsum
1220 1312 1263 1338 se
1288 1307 1328 1341 et
1351 1308 1503 1353 patrem

179 1364 219 1393 et
250 1357 364 1395 filium
397 1357 526 1395 facere
558 1357 739 1395 adversus
770 1356 946 1395 traditam
978 1357 1136 1395 formam
1169 1356 1282 1396 rebus
1313 1357 1497 1399 humanis.

179 1412 275 1450 Nam
303 1420 343 1450 et
367 1414 534 1451 sterilem
566 1426 704 1464 parere
737 1421 871 1452 contra
903 1421 1093 1461 naturam,
1131 1413 1284 1453 difficile
1317 1412 1390 1454 deo
1422 1428 1499 1454 non

178 1468 262 1514 fuit,
294 1470 393 1506 sicut
417 1482 489 1507 nec
514 1470 712 1520 virginem.
773 1469 890 1508 Plane
917 1471 1009 1509 nihil
1036 1470 1108 1509 deo
1135 1469 1302 1511 difficile.
1363 1469 1442 1510 Sed
1466 1472 1500 1512 si

177 1531 254 1562 tam
268 1524 426 1576 abrupte
441 1526 479 1562 in
493 1526 860 1576 praesumptionibus
881 1527 1020 1564 nostris
1041 1527 1112 1565 hac
1132 1529 1322 1566 sententia
1335 1535 1503 1579 utamur.

178 1580 323 1632 quidvis
355 1581 400 1620 de
437 1581 511 1620 deo
550 1582 770 1632 confingere
808 1583 1034 1633 poterimus,
1073 1583 1178 1633 quasi
1215 1584 1372 1632 fecerit,
1410 1586 1497 1636 quia

176 1637 308 1676 facere
326 1639 508 1689 potuerit.
546 1638 634 1676 Non
653 1646 792 1684 autem,
820 1640 907 1690 quia
925 1640 1051 1678 omnia
1068 1645 1198 1690 potest
1216 1639 1360 1687 facere,
1387 1640 1496 1681 ideo.

176 1707 248 1745 que
275 1694 506 1733 credendum
534 1702 592 1733 est
623 1696 726 1734 illum
757 1696 915 1742 fecisse,
949 1697 1063 1734 etiam
1095 1694 1195 1746 quod
1227 1709 1302 1734 non
1332 1697 1493 1747 fecerit3

173 1750 242 1789 sed
267 1764 314 1789 an
339 1752 490 1799 fecerit,
523 1751 804 1803 requirendum.
842 1751 982 1798 Potuit,
1013 1753 1066 1790 ita
1091 1753 1215 1790 salvus
1239 1754 1322 1800 sim,
1354 1753 1493 1804 deus2)

172 1809 306 1858 pennis
342 1808 531 1847 hominem
568 1808 617 1847 ad
652 1808 853 1848 volandum
890 1810 1132 1856 instruxisse‚
1171 1809 1271 1861 quod
1302 1817 1342 1849 et
1371 1811 1494 1852 milvis

171 1866 382 1915 praestitit3
415 1879 490 1904 non
516 1873 661 1913 tamen,
695 1867 780 1918 quia
805 1866 948 1918 potuit,
980 1868 1105 1905 statim
1132 1874 1171 1904 et
1195 1867 1302 1907 fecit.
1364 1867 1505 1922 Potuit]

171 1928 211 1958 et
235 1921 408 1960 Praxean
433 1929 473 1961 et
498 1936 629 1962 omnes
659 1924 805 1975 pariter
834 1923 1053 1962 haereticos
1083 1924 1209 1962 statim
1242 1925 1504 1978 exstinxisse.

171 1990 246 2015 non
271 1985 410 2025 tamen,
443 1981 526 2031 quia
553 1981 694 2031 potuit,
727 1981 920 2019 exstinxit.
983 1980 1195 2032 Oportebat
1218 1981 1318 2020 enim
1343 1988 1384 2020 et
1407 1982 1491 2023 mil-

169 2046 238 2072 vos
263 2047 347 2073 esse
373 2042 413 2074 et
437 2036 666 2084 haereticos,
695 2037 899 2088 oportebat
923 2044 963 2076 et
987 2044 1132 2089 patrem
1159 2038 1346 2089 crucifigi.
1405 2037 1486 2078 Hac

171 2092 322 2129 ratione
349 2093 424 2130 erit
447 2093 589 2144 aliquid
614 2101 654 2132 et
677 2093 829 2132 difficile
856 2093 950 2140 deo,
976 2093 1012 2132 id
1040 2094 1207 2141 scilicet,
1232 2093 1486 2147 quodcunque

168 2161 245 2186 non
269 2149 421 2195 fecerit,
448 2162 522 2186 non
549 2151 634 2201 quia
659 2164 734 2189 non
759 2152 946 2203 potuerit,
978 2150 1048 2190 sed
1073 2152 1159 2203 quia
1183 2145 1362 2190 noluerit.
1412 2150 1484 2191 Dei

168 2206 267 2243 enim
291 2218 405 2257 posse
429 2205 528 2244 velle
555 2214 627 2253 est,
652 2215 692 2246 et
715 2221 790 2246 non
811 2221 924 2259 posse
944 2208 1060 2255 nolle,
1087 2205 1187 2260 quod
1206 2215 1330 2248 autem
1351 2207 1483 2265 voluit,

167 2268 207 2299 et
231 2263 355 2313 potuit
385 2269 425 2300 et
455 2262 634 2301 ostendit.
704 2264 810 2316 Ergo
843 2265 947 2316 quia,
985 2266 1016 2303 si
1053 2265 1173 2303 voluit
1208 2272 1330 2304 semet
1362 2265 1504 2317 ipsum'

168 2317 239 2355 sibi
265 2319 379 2357 filium
405 2319 551 2367 facere,
578 2321 713 2371 potuit,
740 2329 780 2360 et
805 2322 904 2374 quia,
931 2322 962 2360 si
987 2321 1122 2373 potuit,
1147 2320 1255 2367 fecit,
1282 2326 1372 2361 tunc
1390 2314 1503 2374 pro-²¹

165 2373 275 2413 babis
294 2376 395 2414 illum
417 2383 456 2414 et
473 2378 642 2428 potuisse
657 2384 696 2415 et
708 2378 885 2426 voluisse,
913 2379 943 2416 si
962 2378 1185 2434 probaveris
1204 2377 1307 2418 illum
1326 2377 1478 2419 fecisse.

256 2511 291 2549 1)
305 2513 427 2544 Matth.
441 2515 496 2550 19,
512 2515 564 2544 26.
637 2510 674 2554 2)
691 2514 793 2543 1Cor.
810 2516 839 2552 2,
856 2506 907 2543 27⁴.
979 2514 1015 2552 3)
1036 2515 1116 2546 Cod.
1129 2515 1299 2555 Hirsaug„
1313 2515 1363 2545 ed.
1375 2513 1477 2546 Fran.

164 2555 323 2594 Potuit,
349 2558 382 2587 si
410 2559 636 2597 voluisset,
664 2559 723 2588 ita
748 2559 891 2589 salvus
917 2559 1010 2599 sim,
1035 2559 1136 2590 deu·
1161 2562 1226 2590 etc.
