1604 2800
568 165 698 200 Anv.
734 168 1014 200 iunAEos.
1353 169 1465 208 ²99

132 259 354 302 sacerdotio
374 258 501 311 legem
520 257 672 298 sabbati
696 260 908 311 accepisse.
947 258 1026 299 Sed
1052 258 1192 299 dicturi
1211 268 1299 300 sunt
1316 261 1464 311 ludaei,

131 333 183 360 ex
207 331 283 372 qno
308 317 383 357 boe
408 322 658 369 praeceptum
683 315 811 355 datum
836 324 896 356 est
919 330 991 369 per
1013 316 1195 370 Moysen,
1228 319 1369 359 exinde
1394 321 1466 360 ob·

132 374 360 416 servandum
380 375 512 414 fuisse.
549 374 795 413 Manifestum
820 382 880 414 est
905 375 1047 427 itaque,
1074 389 1148 414 non
1170 383 1368 415 aeternum
1389 391 1463 417 nec

131 431 415 487 spiritam-sed
442 432 655 484 temporale
678 433 796 471 fuisse
821 439 1083 484 praeceptum,
1110 432 1211 485 quod
1237 434 1464 487 quandoque

132 497 319 531 cessaret.
386 490 560 541 Denique
592 488 692 528 adeo
724 504 800 528 nou
830 490 869 528 in
899 491 1103 529 vacatione
1133 491 1302 537 sabbati,
1336 491 1375 530 id
1405 500 1467 531 est

131 548 211 588 diei
246 548 418 600 septimi,
466 547 565 586 haee
607 548 857 585 sollemnitas*
882 547 1116 586 celebranda
1153 556 1230 595 est,
1280 556 1321 587 ut
1357 549 1464 588 Iesus

130 605 242 645 Nave
266 619 316 645 eo
342 612 531 657 tempore,
558 618 632 656 quo
660 604 844 643 Hiericho
870 606 1065 644 civitatem
1091 604 1324 653 debellabat,
1351 619 1468 658 prae-

131 670 286 716 ceptum
299 663 374 702 sibi
387 676 410 701 a
425 661 499 701 deo
514 661 677 708 dicei-et,
703 663 758 700 uti
778 662 920 714 populo
939 661 1151 710 mandaret,
1178 670 1219 701 ut
1238 663 1467 702 sacerdotes

130 734 263 760 arcam
281 721 501 759 testamenti
522 719 586 759 dei
605 726 751 771 septem
773 718 908 758 diebus
929 721 1226 759 circumferrent
1243 722 1282 760 in
1302 721 1469 759 circuitu

131 779 313 824 civitatis,
339 784 454 829 atque
481 778 535 814 ita
559 777 712 828 septimi
731 775 809 814 diei
830 777 995 814 circuitu
1014 784 1189 828 peracto,
1215 784 1352 829 sponte
1378 789 1469 817 rue-

129 842 221 874 runt
244 835 342 874 muri
367 833 547 872 civitatis.
564 835 600 879 ¹)
659 831 770 880 Quod
795 833 848 870 ita
873 833 1015 870 factum
1042 841 1114 879 est,
1140 840 1183 870 ut
1207 834 1314 871 linito
1340 833 1466 884 spatio

130 890 211 931 diei
234 891 406 943 septimi,
444 891 545 928 sieut
568 888 807 941 praedictum
839 896 943 934 erat,
980 897 1138 928 ruerent
1163 891 1259 927 muri
1286 891 1466 931 civitatis.

130 947 192 987 Ex
228 961 304 1000 quo
341 947 544 986 manii'este
582 944 818 992 ostenditur,
856 946 894 983 in
932 959 1090 985 numero
1126 947 1288 985 istorum
1319 946 1467 984 dierum

129 1004 278 1057 septem
301 1004 511 1043 incurrisse
537 1002 637 1041 diem
662 1002 824 1041 sabbati.
892 1001 1049 1054 Septem
1081 1004 1180 1041 enim
1212 1002 1314 1049 dies,
1346 1001 1469 1040 unde-

130 1074 281 1114 cunque
311 1061 460 1099 initium
492 1060 736 1110 acceperint,
768 1058 918 1096 sabbati
949 1058 1049 1096 diem
1075 1072 1206 1096 seeum
1232 1058 1468 1096 concludant

129 1131 293 1158 neeesse
313 1123 386 1163 est,
414 1129 488 1168 quo
514 1114 577 1153 die
603 1128 681 1152 non
701 1121 845 1152 tantum
867 1114 1092 1153 sacerdotes
1111 1115 1189 1161 sint
1206 1116 1370 1166 operati,
1397 1114 1467 1153 sed

130 1183 172 1215 et
201 1176 242 1214 in
273 1187 342 1214 ore
379 1172 498 1225 gladii
535 1171 681 1223 praeda
717 1172 821 1210 facta
858 1172 908 1209 sit
944 1173 1080 1210 civitas
1110 1172 1158 1210 ab
1191 1173 1292 1210 omni
1323 1172 1466 1224 populo

130 1233 266 1272 Israel.
338 1231 426 1270 Nec
462 1229 616 1268 dubium
648 1235 709 1267 est
739 1242 835 1280 opus
865 1230 1005 1268 servile
1037 1241 1106 1267 eos
1138 1236 1341 1281 operatos,
1381 1241 1467 1267 cum

132 1289 298 1343 praedas
317 1289 409 1328 belli
435 1293 599 1339 agerent
623 1298 674 1324 ex
699 1283 762 1324 dei
786 1292 1015 1337 praecepto.
1052 1285 1150 1324 Nam
1170 1293 1210 1324 et
1229 1286 1467 1337 temporibus

129 1346 459 1387 Machabaeorum
475 1346 514 1391 2)
552 1343 722 1382 sabbatis
758 1341 963 1394 pugnando
1000 1343 1157 1381 fortiter
1192 1344 1389 1389 fec-erunt,
1427 1350 1469 1381 et

130 1405 264 1444 hostes
300 1401 519 1455 allophylos
561 1406 896 1452 expugnaverunt,
941 1400 1143 1451 legemque
1179 1407 1380 1452 paternam
1417 1399 1469 1438 ad

129 1462 333 1515 pristinum
375 1460 479 1498 vitae
522 1465 661 1496 statum
703 1455 909 1508 pugnando
953 1457 1122 1495 sabbatis
1170 1463 1466 1495 revocaverunt.

130 1519 218 1558 Nee
242 1524 373 1571 putem
397 1516 511 1555 aliam
537 1515 664 1565 legem
695 1526 764 1552 eos
795 1512 1035 1560 defendisse,
1067 1514 1141 1552 nisi
1165 1515 1204 1551 in
1230 1526 1304 1566 qua
1327 1512 1378 1552 de
1405 1512 1468 1551 die

130 1575 378 1616 sabbatorum
392 1574 646 1612 meminerant
658 1584 744 1610 esse
758 1572 1055 1623 praescriptum.
1095 1569 1206 1608 Unde
1227 1571 1470 1608 manifestum

130 1639 205 1680 est,
230 1631 281 1672 ad
304 1639 454 1683 tempus
473 1637 515 1668 et
531 1629 748 1680 praesentis
768 1639 928 1666 caussae
954 1627 1226 1664 necessitatem
1251 1625 1470 1664 huiusmodi

129 1695 345 1742 praecepta
371 1687 557 1731 valuisse,
590 1691 631 1722 et
660 1697 736 1721 non
767 1682 817 1721 ad
847 1683 1025 1734 perpetui
1061 1683 1245 1733 temporis
1282 1682 1467 1720 observa-

130 1747 277 1784 tionem
301 1741 519 1783 huiusmodi
543 1741 670 1791 legem
695 1741 752 1778 eis
777 1738 888 1777 deum
914 1745 1003 1777 ante
1029 1737 1196 1777 dedisse.
1211 1739 1249 1786 ³)

248 1805 289 1843 5.
350 1799 418 1837 Sic
450 1805 491 1837 et
520 1797 712 1835 sacrificia
741 1803 983 1844 terrenarum
1015 1795 1250 1834 oblationum
1283 1802 1323 1834 et
1353 1796 1466 1846 spiri·

132 1859 266 1899 talium
301 1855 581 1896 sacrificiorum
618 1851 844 1905 praedicata
886 1851 1139 1899 ostendimus,
1177 1859 1218 1891 et
1254 1851 1405 1903 quidem
1442 1865 1468 1889 a

131 1913 347 1970 primordio
372 1912 529 1951 maioris
554 1910 637 1957 filii,
666 1909 705 1948 id
730 1917 790 1949 est
814 1909 947 1955 Israel,
979 1916 1135 1948 terrena
1160 1909 1277 1947 fuisse
1303 1910 1342 1947 in
1369 1908 1467 1946 Cain

130 1978 387 2027 praeostensa
422 1968 634 2014 sacrificia,
672 1974 714 2006 et
741 1967 900 2005 minoris
932 1966 998 2005 filii
1021 1966 1142 2013 Abel,
1180 1964 1220 2004 id
1251 1973 1310 2004 est
1334 1965 1467 2017 populi

132 2030 270 2077 nostri,
295 2027 489 2068 sacrificia
513 2024 666 2064 diversa
691 2022 966 2063 demonstrata.
1026 2023 1200 2075 Namque
1226 2024 1351 2061 maior
1370 2023 1466 2060 'natu

134 2087 232 2126 Cain
258 2085 308 2125 de
333 2086 460 2124 fructu
484 2090 614 2121 terrae
640 2081 779 2120 obtulit
801 2094 959 2120 munera
985 2079 1074 2127 deo,
1101 2081 1227 2118 minor
1248 2093 1343 2118 vero
1364 2079 1464 2116 filius

132 2143 235 2184 Abel
265 2141 315 2181 de
344 2142 472 2181 fructu
504 2140 628 2178 ovium
659 2151 823 2178 suarum.
890 2138 1075 2190 Respexit
1105 2136 1198 2176 deus
1229 2138 1269 2174 in
1292 2135 1393 2174 Abel
1424 2142 1466 2173 et

133 2202 175 2240 in
199 2211 358 2239 munera
387 2199 488 2244 eius,
521 2197 559 2235 in
586 2196 682 2234 Cain
713 2202 840 2234 antem
865 2201 906 2234 et
928 2196 968 2233 in
991 2207 1150 2233 munera
1181 2194 1262 2231 eius
1294 2204 1370 2229 non
1400 2203 1464 2229 re-

134 2258 274 2311 spexit.
332 2255 385 2294 Et
408 2253 506 2293 dixit
529 2252 624 2292 deus
647 2251 696 2291 ad
721 2252 835 2291 Cain:
869 2264 987 2304 quare
1012 2249 1184 2291 concidit
1205 2249 1330 2287 vultus
1356 2249 1465 2286 tuus?

136 2315 313 2368 qnoniam
324 2314 363 2364 ⁴)
387 2313 420 2351 si
443 2318 554 2351 reete
579 2309 731 2363 quidem
751 2309 906 2357 offeras,
930 2322 1007 2348 non
1026 2315 1134 2347 recte
1154 2312 1279 2345 autem
1299 2304 1461 2348 dividas,

230 2465 267 2502 1)
281 2465 347 2495 Ιοι.
361 2464 393 2504 6,
406 2463 490 2499 4211.
583 2459 621 2499 2)
641 2460 779 2490 nance.
794 2460 961 2500 2,41·qq.
1056 2457 1093 2496 3)
1114 2457 1254 2486 Praeter
1278 2453 1462 2493 Rigaltiurn

137 2511 211 2542 edd.
226 2517 361 2541 omnes:
387 2505 694 2539 necessitatem
721 2505 1016 2542 convaluisse,
1043 2505 1088 2533 ut
1112 2510 1254 2531 non—
1273 2500 1335 2531 eis
1360 2499 1462 2529 deus

138 2559 235 2588 aute
260 2555 460 2587 dedi-net.
554 2549 932 2591 4)cod.Fu1d.etRig.
953 2557 1090 2580 nonne
1114 2547 1148 2577 ni
1164 2549 1232 2578 etc.
