1604 2800
654 199 727 231 DE
758 200 962 232 Anima.
1365 204 1472 242 ,42

144 292 177 331 si
201 292 275 330 iam
301 291 452 344 impleri
476 291 676 332 sustinent.
735 291 816 331 Ant
839 294 871 332 si
897 306 974 333 non
998 300 1085 333 sunt
1110 296 1337 343 constituta,
1367 298 1472 338 nulla

143 350 220 388 en‘t
243 349 448 400 reliquatio
472 356 686 402 temporum
706 363 782 389 non
804 352 1110 391 constitutorum.
1138 351 1287 392 'Adhuc
1313 353 1470 395 addam:

142 419 239 446 ecce
270 405 367 445 obiit
394 407 505 446 verbi
535 409 661 459 gratia
691 409 816 447 infans
846 409 914 447 suh
946 409 1103 449 uberum
1141 410 1328 458 fontibus,
1365 422 1470 464 puta,

142 476 242 503 nunc
276 477 376 516 puer
408 465 585 513 investis,
623 473 732 518 puta,
768 467 979 519 vesticeps,
1017 468 1080 519 qui
1112 474 1239 507 tamen
1271 470 1472 521 octogiuta

140 534 261 561 annos
290 523 460 560 victurus
490 523 643 571 fuisset,
681 524 752 562 hos
782 532 1030 576 praereptos,
1066 531 1108 563 ut
1137 527 1263 564 anima
1293 527 1375 565 eius
1406 527 1469 566 hic

138 586 227 632 post
249 586 412 619 mortem
436 581 638 632 transigat,
665 581 776 634 quale
802 584 884 620 est?
912 581 1091 621 Aetatem
1116 583 1218 622 enim
1243 596 1316 621 non
1343 591 1472 635 potest

140 649 282 689 capere
314 638 397 676 sine
429 650 614 689 corpore,
648 639 735 690 quia
767 651 838 691 per
868 652 1036 692 corpora
1066 647 1277 692 operantur
1306 647 1468 680 aetates.

138 693 273 733 Nostri
304 701 431 734 autem
463 694 555 733 illud
588 709 738 748 quoque
770 697 1008 748 recogitent,
1041 710 1208 749 corpora
1239 696 1374 737 eadem
1406 711 1471 737 re-

139 758 318 804 cepturas
354 753 392 790 in
429 755 718 792 resurrectione
756 755 920 800 animas,
957 755 996 791 in
1033 754 1169 805 quibus
1205 754 1469 794 decesserunt.

137 807 256 848 Iidem
271 821 367 860 ergo
387 808 643 860 sperabuntur
662 817 702 848 et
722 823 926 862 corporum
945 809 1050 848 modi
1069 818 1109 849 et
1127 810 1288 849 eaedem
1307 819 1470 858 aetates,

137 878 236 918 quae
273 878 478 918 corporum
515 865 651 904 modos
688 867 847 904 faciunt.
933 867 1016 914 Quo
1054 880 1151 919 ergo
1188 875 1304 919 pacto
1341 875 1472 920 potest

136 923 294 965 infantis
325 923 451 961 anima
482 923 544 962 hic
578 924 794 975 transigere
826 931 1034 975 praerepta
1064 931 1259 977 tempora,
1292 932 1336 963 ut
1360 933 1472 964 octo-

137 981 298 1033 genaria
322 988 502 1032 resurgat
527 981 565 1018 in
592 994 759 1032 corpore
789 981 930 1019 mensis
962 981 1094 1019 unius?
1151 980 1232 1019 Aut
1256 983 1293 1020 si*
1314 982 1376 1021 hic
1402 995 1471 1020 ne-

137 1050 251 1077 cesse
274 1038 350 1075 erit
374 1049 421 1076 ea
447 1044 621 1089 tempora
646 1038 809 1089 impleri,
836 1050 933 1089 quae
958 1038 1111 1076 fuerant
1136 1037 1349 1085 destinata,
1383 1053 1470 1077 num

136 1102 177 1134 et
201 1093 376 1133 ordinem
406 1094 528 1141 vitae,
567 1107 678 1146 quem
715 1095 853 1133 sortita
882 1101 970 1133 sunt
1000 1102 1175 1147 tempora
1206 1097 1354 1146 pariter
1384 1108 1469 1133 cum

136 1152 213 1190 illis
236 1152 300 1190 hic
325 1150 572 1196 destinatum,
605 1152 751 1203 pariter
781 1151 843 1189 hie
875 1152 999 1190 anima
1025 1150 1228 1198 decurret,
1260 1159 1300 1190 ut
1324 1159 1365 1190 et
1388 1159 1469 1190 stu-

137 1208 228 1248 deat
241 1208 288 1247 ab
308 1209 468 1247 infantia
488 1209 678 1260 pueritiae
699 1207 892 1260 delegata,
919 1216 959 1247 et
979 1209 1117 1247 militet
1135 1208 1183 1247 ab
1202 1207 1469 1247 adolescentia

135 1267 289 1305 iuventa
320 1266 508 1313 excitata,
541 1272 582 1304 et
607 1273 764 1305 censeat
789 1279 812 1303 a
835 1267 989 1305 iuventa
1020 1273 1203 1304 senectae
1238 1265 1466 1318 ponderata,

136 1330 176 1362 et
194 1323 330 1362 foenus
349 1323 552 1375 exprimat,
579 1330 620 1362 et
644 1336 776 1375 agrum
796 1330 947 1374 urgeat,
974 1324 1141 1374 naviget,
1169 1324 1307 1374 litiget,
1335 1323 1466 1369 nubat,

136 1379 299 1428 laboret,
331 1379 594 1432 aegritudines
625 1381 760 1427 obeat,
792 1387 833 1419 et
857 1393 1105 1432 quaecunque
1131 1381 1232 1418 illam
1260 1393 1343 1418 cum
1370 1387 1468 1418 tem-

133 1437 292 1491 poribus
324 1438 530 1477 manebant
553 1439 679 1476 tristia
703 1451 749 1476 ac
775 1439 902 1476 laeta?
961 1436 1041 1475 Sed
1065 1437 1164 1475 haec
1190 1438 1272 1474 sine
1299 1449 1465 1488 corpore

134 1493 325 1548 quomodo
361 1496 650 1546 transigentur?
683 1496 762 1533 vita
799 1496 882 1533 sine
917 1495 1022 1532 vita?
1081 1492 1160 1532 Sed
1195 1506 1318 1532 vacua
1354 1501 1468 1531 erunt

130 1559 307 1605 tempora
343 1552 427 1590 solo
465 1550 629 1591 decursu
673 1550 930 1604 adimplenda.
1011 1550 1109 1599 Quid
1146 1564 1244 1602 ergo
1286 1551 1467 1602 prohibet

130 1608 233 1663 apud
256 1610 403 1648 inferos
423 1622 472 1648 ea
490 1605 654 1661 impleri,
679 1609 744 1647 ubi
763 1608 926 1660 perinde
945 1609 1069 1646 nullus
1089 1615 1148 1646 est
1173 1621 1264 1645 usus
1289 1608 1467 1645 illorum?

131 1666 188 1706 Ita
209 1665 369 1705 dicimus
390 1678 540 1704 omnem
566 1667 741 1711 animam,
769 1678 919 1715 quaqua
943 1671 1072 1702 aetate
1098 1663 1326 1709 decesserit,
1353 1665 1390 1700 in
1417 1676 1465 1701 ea

130 1730 235 1762 stare
255 1721 305 1760 ad
325 1735 411 1760 eum
436 1720 550 1767 diem,
576 1734 696 1771 usque
723 1734 796 1771 quo
822 1721 1036 1771 perfectum
1063 1719 1157 1757 illud
1182 1720 1463 1770 repromittitur

129 1778 179 1818 ad
203 1778 405 1830 angelicae
437 1775 683 1828 plenitudinis
714 1789 928 1814 mensuram
961 1783 1225 1826 temperatum.
1293 1774 1460 1813 Proinde

129 1842 394 1882 necextorres
414 1833 576 1871 inferum
595 1832 848 1878 habebuntur,
876 1845 967 1884 quas
985 1833 1022 1870 vi
1043 1839 1197 1884 ereptas
1211 1832 1459 1877 arbitrantur,

128 1893 337 1946 praecipue
369 1903 440 1942 per
471 1889 698 1927 atrocitates
729 1889 1020 1941 suppliciorum,
1054 1891 1181 1928 crucis
1211 1888 1301 1927 dico
1333 1895 1375 1927 et
1398 1901 1458 1927 se-

128 1950 232 1989 curis
257 1956 298 1988 et
321 1946 440 1999 gladii
466 1954 506 1985 et
528 1947 656 1994 ferae3
683 1958 755 1984 nec
780 1947 843 1984 isti
867 1959 985 1998 porro
1011 1947 1135 1985 exitus
1159 1946 1331 1992 violenti,
1364 1959 1458 1997 quos

126 2007 284 2053 iustitia,
317 2004 494 2043 decernit
517 2003 723 2042 violentiae
747 2002 901 2042 vindex.
962 2003 1014 2042 Et
1035 2002 1138 2049 ideo,
1172 2004 1339 2055 inquies,
1372 2015 1458 2042 sce-

126 2065 249 2105 lestae
275 2074 449 2116 quaeque
475 2061 623 2099 animae
649 2061 784 2099 inferis
808 2061 977 2099 exulant.
1037 2059 1212 2099 Alterum
1238 2073 1335 2111 ergo
1361 2073 1456 2098 con-

126 2123 280 2167 stituas,
321 2118 530 2171 compello,
568 2123 634 2156 aut
662 2117 787 2156 bonos
816 2118 963 2157 inferos
995 2124 1061 2157 aut
1084 2118 1223 2156 malos:
1262 2118 1293 2155 si
1318 2118 1453 2162 malos,

63 2183 87 2212 .’
125 2179 268 2231 placet,
293 2183 334 2215 et
359 2177 434 2214 iam
459 2175 709 2227 praecipitari
733 2175 823 2213 illuc
848 2176 998 2214 animae
1021 2175 1211 2227 pessimae
1232 2173 1392 2219 debeut3
1419 2174 1453 2210 si

124 2237 264 2282 bonos,
272 2247 342 2274 eur
352 2231 453 2271 idem
467 2233 611 2270 animas
624 2233 843 2271 immaturas
850 2226 891 2271 et
901 2235 1078 2284 innuptas
1092 2239 1131 2270 et
1142 2244 1213 2283 pro
1228 2228 1452 2268 conditione

125 2293 264 2333 aetatis
289 2303 404 2343 puras
424 2296 463 2328 et
482 2291 668 2328 innocuas
693 2290 846 2327 interim
870 2287 1007 2340 dignas
1030 2289 1164 2326 inferis
1185 2299 1260 2324 non
1278 2285 1453 2324 iudicas?

241 2352 310 2392 57.
370 2345 450 2385 Aut
480 2347 659 2398 optimum
686 2352 745 2384 est
768 2346 831 2384 hic
856 2346 1016 2384 retineri
1047 2342 1253 2383 secundum
1286 2340 1448 2396 ἀώρους,

126 2415 192 2448 aut
214 2406 416 2460 pessimum
447 2402 653 2443 secundum
683 2398 1054 2456 βιαιοθανάτους,’)
1084 2407 1127 2439 ut
1155 2401 1247 2453 ipsis
1278 2400 1351 2437 iam
1382 2412 1448 2437 vo-

219 2546 255 2584 1)
269 2545 333 2575 Hic
348 2547 380 2574 et
389 2542 499 2585 *paulo
513 2544 589 2581 post
603 2542 637 2572 in
648 2541 721 2572 edd.
736 2550 826 2572 omn.
840 2540 924 2572 haee
938 2541 1005 2571 duo
1019 2539 1158 2571 nomina
1171 2547 1349 2579 perperam
1364 2537 1445 2567 lati-

126 2593 178 2623 ni·
188 2592 297 2623 literis
311 2587 439 2628 scri-pta
453 2592 542 2619 sunt.
1075 2629 1157 2671 16*
