1566 2808
336 153 462 187 ADv.
497 152 860 186 MARCIONEM
896 153 1074 185 LIBER
1109 154 1165 184 IV.
1332 152 1425 191 122

101 252 266 287 venerat
286 245 640 294 destructionem,
628 260 667 285 ιιι
690 253 835 285 tantum
868 252 1043 299 congruit
1055 245 1210 286 Christo
1232 250 1423 286 creatoris

102 304 325 356 suggillatio
355 305 395 361 iu
424 305 693 343 insectatores
718 304 1013 356 prophetarum,
1050 318 1145 357 quos
1181 305 1220 342 ἰιι
1251 305 1425 344 omnibus

101 360 353 415 adimplebat3
371 356 451 401 vel
487 363 575 414 quia
611 362 732 413 magis
765 362 954 400 creatoris
985 368 1069 408 est,
1106 361 1251 400 delicta
1255 369 1424 417 patrum

102 416 191 469 liliis
214 419 471 472 exprobrare,
510 432 619 471 quam
645 420 728 458 eius
754 418 836 465 dei,
874 420 936 471 qui
962 427 1042 457 nec·
1059 419 1217 471 propria
1242 414 1425 472 cuiusque

103 477 281 528 castigat.
341 475 422 515 Sed
445 490 523 514 non
549 477 696 523 statim,
734 476 877 528 inquis,
916 476 1126 528 prophetas
1157 476 1355 524 tuebatur,
1393 479 1427 516 si

101 534 341 586 iniquitatem
372 528 601 572 Iudaeorum
632 534 853 572 affirmatam
890 534 1064 579 volebat,
1103 533 1204 586 quod
1234 547 1307 573 nec
1340 548 1426 573 cum

101 588 304 643 prophetis
327 592 406 630 suis
430 592 494 644 pie
519 592 702 642 egissent.
762 590 908 642 Atquin
936 591 1038 629 nulla
1063 591 1125 629 hic
1151 592 1331 643 iniquitas
1357 605 1426 630 ex-

51 684 58 691 ,
101 647 324 700 probranda
347 655 433 687 erat
457 647 628 695 Iudaeis,
668 647 868 686 laudandis
898 649 1035 700 potius
1050 654 1091 686 et
1114 643 1348 700 probandis,
1392 650 1428 687 si

102 717 172 744 eos
208 705 486 757 figuraverunt,
536 705 585 747 ad
627 718 786 757 quorum
825 705 1125 758 destructionem
1156 712 1247 756 post
1281 712 1427 743 tantum

95 763 187 814 aevi
205 761 302 801 deus
321 763 485 814 optimus
499 769 621 800 motus
635 769 710 800 est.
750 760 843 807 Sed,
869 769 975 813 puto,
1002 762 1077 799 iam
1092 768 1132 799 et
1151 774 1226 799 non
1248 763 1425 813 optimus,

101 819 177 858 imin
196 818 341 872 aliquid
365 826 514 858 et'cum
542 826 722 858 creatore
748 826 930 865 moratus,
957 831 1030 857 nec
1057 819 1095 856 in
1121 825 1239 858 totum
1266 819 1427 871 Epicuri

101 875 210 930 deus.
269 875 377 916 Ecce
408 878 509 916 ensm
541 876 711 915 demutat
737 878 773 914 in
805 875 1136 922 maledictionem,
1170 883 1220 924 ‘et
1257 876 1428 915 ostendit

100 942 188 973 eum
212 947 256 973 se
277 947 379 980 esse,
406 934 470 986 qui
495 935 601 981 novit
626 933 770 973 offendi
796 941 841 972 etr
859 934 987 972 irasci.
1033 933 1116 972 Vae
1142 934 1243 972 enim
1270 933 1425 981 dicim)

100 989 183 1030 Sed
212 991 257 1030 fit
285 991 395 1030 nobis
427 989 601 1044 quaestio
626 991 675 1030 de
706 991 814 1030 verbi
841 992 948 1029 istius
974 991 1180 1042 qualitate,
1217 993 1324 1043 quasi
1349 1005 1427 1029 non

99 1054 179 1087 tan
202 1046 487 1088 maledictionis
511 1050 562 1087 sit
588 1063 698 1101 quam
724 1048 1008 1087 admonitionis]
1070 1047 1120 1086 Et
1146 1048 1235 1100 quid
1266 1061 1426 1086 caussae

101 1105 279 1153 interest,
305 1105 456 1158 quando
481 1113 523 1144 et
546 1105 756 1144 admonitio
782 1119 858 1143 non
883 1107 934 1143 sit
957 1106 1039 1143 siue
1059 1106 1197 1143 aculeo
1219 1106 1426 1143 commina-

102 1162 235 1209 ῐίοιιίε,
258 1164 422 1201 maxime
446 1176 518 1214 per
539 1175 612 1200 vae
637 1163 807 1200 amarior
829 1163 958 1200 facta?
987 1161 1038 1198 Et
1061 1161 1273 1199 admonitio
1299 1169 1428 1200 autem

103 1226 145 1257 et
174 1220 419 1259 comminatio
450 1221 533 1258 eius
563 1226 692 1266 erunt,
736 1220 799 1270 qui
835 1219 939 1256 norit
974 1219 1105 1257 irasci.
1168 1218 1294 1257 Nemo
1326 1220 1428 1257 enim

100 1275 327 1316 admonebit
351 1284 392 1316 et
415 1283 527 1315 nemo
553 1277 866 1323 comminabitur,
904 1289 952 1314 ne
979 1275 1068 1327 quid
1093 1276 1230 1322 saciat,
1264 1277 1336 1314 nisi
1362 1277 1430 1327 qui

103 1335 254 1372 factum*
281 1327 512 1380 v'indieabit3
555 1346 667 1372 nemo
703 1332 932 1379 vindicarit,
971 1333 1043 1370 nisi
1081 1333 1143 1384 qni
1168 1334 1271 1370 norit
1295 1334 1427 1380 irasci.

101 1385 182 1430 Alii
217 1397 434 1442 agnoscunt
470 1389 623 1442 quidem
657 1390 816 1429 verbum
846 1387 1150 1435 maledictionis,
1188 1388 1258 1428 sed
1293 1389 1428 1427 volunt

102 1447 301 1486 Christum·
325 1449 382 1487 sic
411 1460 484 1486 vae
515 1448 802 1499 pronuntiasse,
835 1459 912 1484 non
937 1447 1043 1498 quasi
1069 1458 1119 1484 ex
1142 1447 1334 1485 sententia
1359 1460 1428 1485 sua

101 1505 274 1558 proprie,
298 1503 367 1544 sed
383 1503 495 1556 quod
519 1517 591 1543 vae
616 1518 639 1543 a
663 1511 844 1543 creatore
870 1505 938 1550 sit,
960 1510 1000 1542 et
1022 1504 1190 1542 voluerit
1213 1504 1289 1542 illis
1314 1517 1427 1555 aspe—

101 1564 256 1602 ritatem
282 1563 472 1601 creatoris
498 1564 715 1614 opponere,
750 1575 824 1614 quo
849 1575 955 1600 suam
980 1574 1096 1613 supra
1120 1562 1158 1599 in
1182 1560 1426 1600 bencdictio-

101 1619 214 1659 nibus
242 1619 504 1659 sufferentiam
535 1618 846 1667 commendaret,
881 1619 988 1671 quasi
1017 1632 1094 1656 non
1126 1620 1295 1657 creatori
1322 1632 1427 1657 com·

101 1676 223 1728 petat,
248 1688 324 1729 qua
345 1684 547 1728 utrumque
573 1677 804 1742 praestanti,
821 1683 861 1714 et
884 1676 1025 1714 honum
1050 1666 1161 1714 deum
1188 1683 1227 1714 et
1245 1675 1425 1720 indicem,

102 1740 158 1780 ut,
183 1733 272 1785 quia
295 1734 549 1798 praemiserat
572 1735 618 1770 in
636 1732 969 1771 benedictionibus
993 1732 1282 1782 benignitatem,
1309 1732 1427 1770 subii-

105 1797 216 1830 eei-et
245 1790 361 1829 etiam
391 1790 430 1827 in
468 1788 801 1827 maledictionibus
838 1789 1102 1834 severitatem,
1140 1788 1427 1840 amplitudinem

105 1847 333 1900 disciplinae
356 1847 552 1898 utriusque
566 1844 827 1891 instruendae,
853 1852 928 1884 tam
949 1844 996 1883 ad
1023 1844 1334 1884 benedictionem
1364 1859 1427 1885 se-

97 1904 302 1951 ctandam,
328 1917 438 1956 quam
463 1903 515 1953 ad
537 1902 846 1950 maledictionem
876 1901 1195 1954 praecavendam.
1255 1902 1355 1941 Nam
1385 1911 1428 1942 et

99 1963 161 2002 ¹ita
182 1955 461 2015 praemiseratz'
487 1973 582 1999 ecce
608 1961 717 2012 posui
741 1967 830 1998 ante
854 1973 924 1999 vos
947 1959 1258 1999 benedictionem
1283 1967 1324 1999 ct
1346 1974 1426 1999 ma-

101 2019 422 2067 ledictionemst)
482 2017 592 2067 Quod
629 2019 744 2056 etiam
773 2018 812 2056 in
849 2017 951 2056 hanc
980 2018 1173 2069 evangelii
1204 2017 1426 2069 dispositio-

104 2088 192 2116 ·en
215 2075 484 2130 portendebat.
543 2074 726 2127 Alioquin
751 2075 872 2127 qualis
897 2082 957 2114 est
980 2075 1059 2122 ille,
1086 2075 1149 2126 qui
1173 2081 1214 2113 ut
1238 2088 1342 2113 suam
1367 2077 1426 2113 in-

105 2135 278 2173 sinuaret
310 2134 545 2179 bonitatem,
596 2134 785 2171 creatoris
821 2134 999 2185 opposuit
1034 2132 1307 2184 asperitatem?
1353 2132 1427 2171 Dei

105 2191 265 2230 alterius
294 2191 443 2230 infirma
474 2188 755 2229 commendatio
785 2197 857 2238 est,
889 2190 1038 2242 quae³)
1064 2189 1327 2228 destructione
1352 2189 1427 2226 ful-

107 2249 223 2288 citur.
281 2247 427 2300 Atquin
459 2254 657 2300 opponens'
679 2248 926 2300 asperitatem
963 2248 1176 2292 creatoris,
1219 2244 1426 2283 timendum

104 2307 202 2345 eum*
217 2306 471 2345 confirmavit.
517 2303 561 2343 Si
584 2304 803 2351 timendum,
827 2306 950 2356 magis
974 2306 1103 2356 utique
1130 2301 1425 2348 obaudiendum,

104 2375 215 2416 quam
259 2361 541 2417 negligendum.
614 2361 665 2400 Et
706 2363 843 2414 incipit
876 2364 957 2411 ‚iam
1001 2361 1175 2400 Christus
1214 2359 1426 2399 Marcionis

196 2501 235 2541 2)
261 2501 457 2542 Luc.6,24.
506 2499 542 2542 2)
567 2501 672 2533 Dent.
685 2502 740 2541 3⁰,
756 2502 813 2532 19.
866 2499 908 2543 3)
931 2501 986 2531 Sic
1002 2500 1176 2532 Rhemed.
1191 2501 1234 2538 1.;
1259 2499 1426 2540 edj‘ran.

104 2547 227 2588 etmg.
262 2548 439 2579 Infirma
462 2557 601 2579 comm.
629 2552 707 2590 est,
732 2557 839 2586 quae
863 2547 910 2577 de
935 2546 1123 2577 alterius
1148 2546 1278 2578 destr.
1302 2546 1402 2577 fule.

164 2605 362 2637 Τειιτυιι.
394 2606 450 2637 111.
1080 2595 1133 2633 12
