1604 2800
156 220 227 259 u
548 217 1139 250 ADV.}1ERMOGENEM.

160 315 351 365 euripum,
390 319 430 352 et
455 311 651 351 obeliscus
677 323 794 362 super
819 311 943 349 onmia
972 310 1189 355 ferebatur,
1229 310 1315 361 quia
1350 322 1424 347 non
1452 316 1491 349 et

160 373 235 410 has*
254 371 408 423 species
433 369 619 409 edixerim
648 369 771 407 factas
796 382 818 407 a
845 370 1014 415 civitate,
1042 381 1116 406 non
1140 373 1251 405 erunt
1270 367 1318 406 ab
1338 379 1385 406 ea
1406 379 1491 406 cum

159 432 267 468 circo
299 436 339 468 et
370 429 551 467 theatro?
604 425 664 464 An
697 425 786 464 ideo
819 440 893 464 non
925 425 1052 465 adieci
1086 425 1208 464 factas
1241 425 1308 463 has
1339 436 1491 477 quoque

159 489 324 539 species,
354 488 441 539 quia
462 487 614 524 inerant
635 485 704 531 eis,
732 497 830 536 quae
851 484 954 523 facta
974 482 1262 536 praedixeram,
1289 489 1330 521 et
1349 483 1491 529 inesse,

159 546 295 597 quibus
315 546 481 590 inerant,
509 542 675 593 intelligi
697 544 904 594 poterant?
934 540 1012 581 Sed
1033 548 1146 580 vacet
1164 540 1240 579 hoc
1261 539 1491 592 exemplum,

159 612 199 641 ut
226 604 442 649 humanum,
469 599 571 640 aliud
595 599 642 638 de
662 601 897 639 auctoritate
918 600 1134 651 scripturae
1154 599 1272 650 ipsius
1294 598 1491 650 arripiam.

160 661 289 705 Fecit,
316 660 457 712 inquit,
486 657 580 697 deus
608 658 798 696 homiuem
827 656 874 696 de
903 664 1027 704 terra,
1055 663 1095 695 et
1120 655 1264 695 afflavit
1286 657 1326 694 in
1351 656 1492 694 faciem
1526 697 1531 712 l

159 719 242 755 eius
270 719 397 754 flatum
430 717 552 761 vitae,
593 723 633 753 et
658 715 782 753 factus
815 722 874 753 cst
907 715 1020 753 homo
1051 715 1090 753 in
1122 715 1285 753 animam
1306 711 1494 765 vivam.¹)

159 775 314 812 Faciem
343 772 498 824 quidem
522 774 604 810 eius
630 773 692 813 hic
719 774 907 819 nominat,
951 771 1019 810 sed
1054 785 1126 811 nec
1157 772 1277 823 ipsam
1303 771 1446 810 factam
1470 783 1494 809 a

161 831 235 870 deo
265 830 381 876 dixit,
421 836 567 868 costam
599 841 693 866 vero
707 830 745 876 2)
779 835 819 866 et
851 842 938 866 ossa
971 836 1010 867 et
1043 841 1199 867 carnem
1226 834 1266 866 et
1292 829 1428 867 oculos
1454 834 1494 866 et

160 887 343 927 sudorem
376 893 416 925 et
447 887 723 936 sanguinem³)
759 892 894 937 postea
929 885 1113 937 loquitur,
1160 898 1258 937 quae
1295 897 1368 924 nee
1401 892 1493 923 tune

161 947 265 984 facta
309 957 330 982 a
375 943 450 982 deo
506 942 751 994 significavit.
832 942 930 990 Quid
974 941 1227 995 respondebit
1277 942 1494 993 Hermoge-

162 1005 261 1041 nes?
335 1000 529 1052 Numquid
566 1008 606 1038 et
643 1000 810 1038 membra
850 1001 1012 1038 hominis
1050 999 1098 1039 ad
1136 1000 1334 1039 materiam
1372 999 1494 1052 perti·

160 1060 324 1106 nebunt,
353 1060 440 1111 quia
467 1072 543 1096 non
571 1059 792 1096 nominatim
821 1058 923 1096 facta
950 1059 1195 1096 referuntur?
1241 1056 1304 1095 An
1329 1064 1370 1096 et
1393 1057 1493 1096 haee

160 1119 197 1155 in
232 1117 395 1155 hominis
426 1116 672 1154 factitatione
704 1118 938 1154 censentur?
985 1114 1152 1154 Proinde
1185 1114 1356 1154 membra
1381 1122 1494 1154 erant

161 1175 262 1214 coeli
296 1181 336 1212 et
366 1181 495 1212 terrae
528 1173 688 1225 abyssus
720 1180 760 1211 et
790 1173 989 1220 tenebrae,
1016 1174 1172 1226 spiritus
1198 1179 1238 1211 et
1262 1185 1398 1226 aquae.
1449 1172 1492 1212 ln

161 1231 394 1284 corporibus
419 1232 518 1269 enim
545 1230 713 1269 membra
741 1237 827 1269 sunt
853 1231 969 1278 facta,
996 1231 1035 1269 in
1056 1230 1285 1283 corporibus
1310 1237 1350 1269 et
1373 1243 1493 1270 mem-

160 1291 230 1328 bra
257 1296 344 1327 sunt
370 1289 576 1327 nominata.
638 1287 791 1326 Nullum
819 1289 1048 1327 elementum
1083 1302 1160 1328 non
1191 1288 1400 1328 membrum
1433 1295 1493 1327 est

162 1349 244 1385 eius
283 1347 482 1391 elementi,
534 1359 608 1397 quo
648 1347 879 1384 continetur.
965 1346 1099 1384 Omnia
1136 1352 1263 1386 autem
1301 1346 1492 1386 elementa
1526 1379 1531 1385 .

163 1404 275 1442 coelo
302 1410 367 1441 aut
393 1410 498 1441 terra
524 1403 781 1441 continentur.

279 1463 347 1502 32.
399 1459 505 1498 Haec
536 1458 802 1511 responderim
829 1473 898 1511 pro
925 1462 1118 1512 scriptura
1149 1463 1365 1512 praesenti,
1400 1475 1493 1515 qua-

166 1526 276 1557 tenus
302 1518 366 1556 hic
391 1517 559 1555 solorum
588 1530 792 1569 corporum
818 1518 1100 1556 factitationem
1133 1518 1406 1563 commendare
1436 1520 1494 1558 vi-

164 1575 278 1614 detur
310 1575 411 1613 coeli
437 1581 477 1612 et
503 1581 646 1612 terrae.
709 1573 832 1612 Scivit
857 1587 956 1622 esse,
983 1576 1046 1626 qui
1073 1575 1174 1613 ultro
1200 1576 1238 1613 in
1265 1576 1494 1628 corporibus

163 1641 205 1672 et
228 1632 397 1672 membra
425 1638 723 1683 cognoscerent,
750 1639 792 1671 et
815 1631 906 1673 ideo
932 1631 1163 1685 compendio
1188 1644 1256 1671 usa
1281 1640 1354 1672 est.
1398 1632 1494 1672 Pro·

162 1689 261 1728 vidit
284 1697 412 1728 tamen
438 1696 479 1728 et
509 1689 670 1728 hebetes
697 1697 737 1728 et
761 1689 986 1736 insidiosos,
1019 1691 1082 1742 qui
1109 1689 1347 1729 dissimulato
1373 1691 1493 1730 tacito

163 1747 366 1786 intellectu
391 1747 485 1799 ipsis
509 1759 660 1799 quoque
693 1747 872 1786 membris
902 1747 1060 1786 verbum
1092 1748 1345 1786 factitationis
1375 1748 1495 1800 signi—

165 1806 379 1843 ficatorium
406 1805 623 1855 exigerent.
685 1804 817 1856 Itaque
845 1812 884 1843 et
908 1811 1069 1856 propter
1093 1806 1188 1844 istos
1213 1806 1382 1857 singulas
1406 1817 1494 1859 spe—

165 1864 246 1900 cies
273 1863 397 1901 saetas
422 1860 540 1900 docet
564 1862 650 1900 aliis
674 1862 713 1900 in
739 1862 850 1901 locis.
912 1862 1040 1901 Habes
1071 1862 1263 1915 sophiam:
1294 1864 1404 1916 prior
1426 1876 1495 1903 au-

165 1927 240 1958 tem
279 1919 418 1972 abysso
456 1920 589 1970 genita
626 1921 784 1966 sum,4)
817 1919 1029 1968 dicentem,
1067 1927 1109 1959 ut
1145 1919 1287 1960 eredas
1315 1921 1494 1974 abyssum

166 1990 315 2028 quoque
342 1978 523 2028 genitam,
551 1976 586 2015 id
615 1984 674 2016 est
697 1978 858 2024 factam,
892 1979 979 2030 quia
1005 1985 1044 2017 et
1069 1977 1171 2016 filios
1192 1978 1373 2027 facimus,
1400 1979 1495 2019 lieet

167 2047 409 2084 generemus.
465 2033 572 2073 Nihil
597 2035 761 2073 interest
785 2036 890 2073 facta
915 2049 963 2073 an
990 2042 1079 2074 nata
1105 2036 1157 2074 sit·
1185 2034 1366 2088 abyssus,
1405 2035 1491 2075 dum

165 2091 310 2129 initium
337 2091 451 2130 detur
475 2092 550 2139 illi,
590 2091 691 2144 quod
724 2105 799 2130 non
831 2091 1007 2140 daretur,
1047 2094 1079 2132 si
1104 2093 1291 2132 materiae
1317 2093 1493 2133 subiecta

166 2155 284 2188 esset.
344 2149 401 2187 De
441 2149 612 2188 tenebris
642 2163 736 2188 vero
768 2151 852 2202 ipse
883 2149 1057 2190 dominus
1088 2163 1159 2203 per
1188 2149 1363 2190 Esaiam:
1402 2164 1492 2204 ego,

166 2206 230 2257 qui
267 2208 388 2244 struxi
427 2207 550 2246 lucem
589 2215 630 2246 et
666 2208 743 2246 feci
780 2207 975 2247 tenebras.
1001 2208 1040 2258 ⁵)
1100 2208 1158 2247 De
1196 2209 1332 2261 spiritu
1368 2221 1492 2262 aeque

166 2263 303 2304 Amos:
355 2265 416 2315 qui
448 2263 590 2303 solidat
626 2266 832 2304 tonitruum
871 2273 913 2305 et
949 2265 1081 2305 condit
1116 2266 1309 2319 spiritum,
1348 2260 1389 2306 et
1423 2265 1493 2306 ad-

168 2321 315 2358 nuntiat
339 2322 378 2358 in
405 2321 578 2361 homines
603 2322 794 2361 Christum
825 2336 952 2371 suum,
970 2324 1010 2373 ὅ)
1037 2337 1122 2363 eum
1153 2325 1326 2377 spiritum
1358 2322 1492 2363 condi·

262 2478 299 2520 1)
326 2481 410 2512 Gen.
423 2483 455 2522 2,
470 2483 502 2514 7.
598 2481 633 2523 2)
661 2482 770 2518 Rhen.
783 2485 819 2517 in
833 2485 924 2518 eda.
937 2487 1008 2518 eui
1027 2489 1108 2519 tam
1129 2497 1245 2527 vero,
1267 2488 1389 2520 deinde
1403 2497 1491 2520 corr.

169 2525 308 2554 cutem
335 2535 455 2566 vero,
476 2529 604 2561 Pamel.
627 2532 661 2560 et
677 2530 751 2571 mg.
771 2534 933 2564 costam
954 2542 1063 2565 vero.
1162 2534 1198 2570 3)
1223 2535 1354 2573 Gen.2,
1369 2535 1491 2566 21.23.

169 2568 200 2643 Ξ,
217 2571 258 2644 153.
283 2571 392 2646 ῗζωὲ,
420 2573 474 2603 10.
567 2575 605 2614 4)
629 2576 727 2607 Prov.
749 2579 782 2616 8,
804 2578 858 2607 24.
953 2580 988 2619 5)
1014 2580 1078 2609 [es.
1099 2580 1153 2618 45,
1176 2579 1207 2610 Ἰ.
1327 2581 1362 2618 6)
1394 2582 1492 2612 Amos

192 2635 201 2653 ‚
262 2637 270 2647 .
300 2634 309 2644 ,
382 2637 388 2645 .
