1604 2800
347 170 423 202 DE
457 167 971 202 RESURRECTIONE
1008 169 1235 202 CARNIS.
1359 168 1458 206 m

125 262 311 317 operibus
335 263 451 302 etiam
476 263 623 310 carnis,
661 263 736 302 etsi
760 261 879 300 habet
903 274 1062 314 corpus,
1100 261 1174 300 etsi
1198 260 1317 301 habet
1338 275 1457 302 mem-

124 321 216 369 bra,
254 334 352 374 quae
382 319 546 373 proinde
578 320 635 359 illi
664 334 741 359 non
774 319 963 359 sufficiunt
987 318 1036 358 ad
1060 318 1300 358 sentiendum
1327 320 1455 372 plene,

111 377 442 432 'quemadmodum
467 391 540 418 nec
566 377 614 417 ad
639 377 829 430 agendum
854 378 1044 429 perfecte.
1106 376 1259 416 Idcirco
1286 390 1355 430 pro
1381 391 1456 430 quo

126 435 242 476 modo
268 437 362 488 egit,
388 449 459 489 pro
484 449 533 476 eo
559 443 600 475 et
625 438 769 488 patitur
793 435 1086 487 apud-inferos,
1112 436 1222 487 prior
1246 434 1457 487 degustans

125 494 328 542 iudicium,
366 495 467 534 sicut
491 495 600 547 prior
622 493 772 533 induxit
803 493 1025 540 admissum,
1064 500 1296 545 exspectans
1328 500 1457 531 tamen

126 560 168 592 et
198 564 374 599 carnem,
411 559 454 591 ut
476 565 549 605 per
572 553 676 591 illam
702 552 817 591 etiam
844 552 948 590 facta
974 557 1218 603 compenset,
1258 552 1319 589 cui
1347 551 1458 602 cogi-

125 617 207 649 tata
237 609 443 650 mandavit·.·
503 609 678 662 Denique
710 610 807 649 haec
840 610 915 648 erit
945 611 1045 647 ratio
1076 610 1114 647 in
1146 609 1316 647 ultimum
1343 608 1456 647 finem

126 666 309 707 destinati
334 667 481 715 iudicii,
508 674 550 705 ut
574 668 813 706 exhibitione
840 668 966 705 carnis
992 668 1115 705 omnis
1140 665 1268 708 divina
1293 679 1458 704 censura

126 725 265 778 perlici
288 726 424 778 possit.
482 725 667 777 Alioquin
703 739 779 763 non
816 720 1072 763 sustineretur
1106 724 1146 761 in
1182 723 1315 769 finem,
1354 722 1457 775 quod

125 790 169 822 et
193 796 294 821 nunc
325 783 475 821 animae
507 781 770 834 decerpuntur
788 783 825 831 ¹)
852 781 953 834 apud
984 781 1150 827 inferos,
1188 781 1220 818 si
1250 780 1345 818 solis
1375 781 1459 819 ani-

125 839 258 879 mabus
282 838 554 878 destinaretur.

244 901 310 939 18.
355 896 560 949 Hucusque
586 896 958 949 praestructionibus
984 896 1131 946 egerim
1157 893 1205 934 ad
1231 894 1459 935 muniendos

125 967 260 994 sensus
286 956 452 994 omnium
477 955 772 1006 scripturarum,
812 967 908 1005 quae
942 955 1070 992 carnis
1094 952 1347 992 recidivatum
1373 953 1459 1005 pol-

123 1012 305 1052 licentur.
366 1011 438 1050 Cui
464 1025 548 1050 cum
576 1018 633 1049 tot
657 1012 912 1049 auctoritates
938 1012 1123 1049 iustorum
1152 1011 1457 1062 patrociniorum

125 1077 357 1123 procurent,
394 1069 565 1108 honores
597 1067 686 1107 dico
712 1068 949 1106 substantiae
974 1069 1111 1119 ipsius,
1149 1074 1227 1106 tum
1251 1069 1354 1107 vires
1380 1066 1456 1113 dei,

125 1134 204 1167 tum
241 1127 420 1178 exempla
462 1139 612 1171 earum,
652 1133 729 1163 tum
765 1127 938 1163 rationes
969 1124 1102 1163 iudicii
1133 1132 1173 1163 et
1203 1125 1458 1162 necessitates

126 1184 264 1236 ipsius:
303 1185 434 1234 utique
465 1182 673 1221 secundum
705 1181 945 1233 praeiudicia
975 1189 1034 1218 tot
1062 1183 1335 1218 auctoritatum
1362 1181 1459 1219 scri-

126 1247 260 1294 pturas
284 1240 449 1291 intelligi
475 1239 688 1291 oportebit,
721 1252 798 1276 non
823 1237 1030 1277 secundum
1056 1238 1212 1289 ingenia
1236 1238 1460 1277 haeretico-

128 1311 211 1337 rum
237 1297 286 1337 de
312 1298 396 1336 sola
419 1296 691 1336 incredulitate
718 1297 923 1342 venientia,
951 1297 1038 1347 quia
1058 1294 1288 1334 incredibile
1314 1295 1459 1334 habea—

127 1363 191 1394 tur
213 1356 366 1395 restitui
396 1355 646 1393 substantiam
678 1355 836 1392 interitu
873 1352 1116 1399 subductam,
1155 1366 1232 1391 non
1269 1353 1358 1405 quia
1393 1359 1460 1392 aut

128 1413 364 1452 substantiae
390 1413 464 1464 ipsi
488 1411 729 1451 inemeribile
755 1413 816 1457 sit,
843 1418 909 1449 aut
934 1410 1009 1449 deo
1034 1411 1283 1462 impossibile,
1311 1417 1375 1448 aut
1400 1411 1459 1448 iu-

129 1470 234 1510 dicio
259 1470 445 1509 inhabile.
502 1469 622 1508 Plane
646 1468 890 1515 incredibile,
916 1469 948 1506 si
972 1481 1046 1511 nec
1071 1467 1336 1520 praedicatum
1363 1466 1460 1507 divi-

127 1529 229 1567 nitus
252 1529 390 1575 fuerit,
417 1528 489 1566 nisi
514 1526 635 1579 quod,
662 1527 735 1565 etsi
760 1526 1025 1579 praedicatum
1050 1525 1089 1564 id
1115 1539 1138 1564 a
1164 1524 1238 1564 deo
1264 1539 1341 1563 non
1366 1526 1459 1564 fuis-

127 1593 207 1635 set,
242 1585 346 1625 ultro
376 1585 570 1638 praesumi
600 1584 814 1631 debuisset,
853 1591 895 1622 ut
918 1591 1127 1635 propterea
1153 1597 1228 1622 non
1254 1581 1460 1635 praedica-

125 1650 225 1691 tum,
263 1644 352 1696 quia
382 1650 441 1681 tot
471 1642 765 1680 auctoritatibus
795 1640 1112 1693 praeiudicatum.
1174 1639 1228 1678 At
1253 1653 1337 1679 cum
1363 1639 1460 1679 divi-

127 1699 188 1740 nis
211 1713 364 1753 quoque
388 1699 550 1738 vocibus
574 1705 776 1750 personet,
808 1705 916 1735 tanto
948 1697 1079 1743 abest,
1111 1704 1153 1734 nt
1177 1697 1292 1735 aliter
1315 1697 1460 1735 intelli-

129 1764 261 1809 gatur,
298 1770 409 1809 quam
446 1754 670 1794 desiderant
704 1755 787 1801 illa,
824 1767 849 1792 a
880 1754 1016 1806 quibus
1049 1755 1164 1792 etiam
1201 1755 1284 1792 sine
1321 1753 1460 1792 divinis

128 1813 289 1853 vocibus
318 1811 586 1865 persuadetur.
652 1810 862 1849 Videamus
893 1811 1011 1862 igitur
1041 1810 1115 1849 hoc
1146 1811 1325 1862 primum,
1364 1824 1459 1863 quo-

130 1884 216 1910 nam
247 1870 360 1909 titulo
392 1882 480 1922 spes
510 1870 584 1908 ista
608 1869 826 1921 proscripta
857 1868 920 1906 sit.
981 1866 1122 1915 Unum,
1160 1869 1316 1920 opinor,
1355 1866 1459 1920 apud

131 1941 264 1968 omnes
300 1927 469 1967 edictum
507 1925 569 1964 dei
601 1925 762 1978 pendet,
799 1926 1036 1964 resurrectio
1061 1933 1310 1964 mortuorum.
1371 1925 1458 1964 Duo

128 1985 249 2026 verba
269 1984 463 2038 expedita,
491 1983 637 2029 decisa,
663 1982 836 2032 detersa3
862 1985 946 2036 ipsa
966 1983 1204 2030 conveniam,
1229 1984 1312 2035 ipsa
1330 1982 1459 2023 discu-

129 2045 242 2091 tiam,
269 2044 332 2082 cui
357 2055 399 2082 se
425 2042 660 2081 substantiae
686 2040 880 2080 addicant.
942 2041 1036 2080 Cum
1061 2039 1459 2080 andioresurrectio-

130 2113 218 2140 nem
243 2101 387 2139 homini
412 2100 629 2145 imminere,
662 2112 839 2150 quaeram
867 2112 1028 2138 necesse
1053 2105 1131 2146 est,
1170 2098 1258 2151 quid
1285 2100 1367 2137 eius
1393 2095 1459 2138 ca-

133 2157 228 2197 dere
253 2159 429 2196 sortitum
460 2158 528 2203 sit,
553 2155 739 2208 siquidem
764 2157 858 2195 nihil
878 2169 1083 2208 resurgere
1104 2156 1359 2208 exspectabit,
1385 2157 1459 2194 nisi

132 2214 234 2268 quod
258 2221 348 2253 ante
373 2213 596 2253 succiderit.
639 2213 711 2261 Qui
734 2215 890 2265 ignorat
913 2227 1066 2253 carnem
1094 2213 1236 2253 cadere
1261 2226 1332 2265 per
1355 2225 1459 2251 mor-

134 2280 224 2319 tem,
242 2278 380 2324 -potest
404 2285 496 2310 eam
514 2284 587 2310 nec
611 2278 775 2310 stantem
800 2284 913 2310 nosse
938 2284 1010 2324 per
1031 2273 1160 2310 vitam.
1217 2269 1457 2309 Sententiam

134 2329 198 2370 dei
235 2337 371 2369 natura
407 2330 646 2381 pronuntiat:
684 2335 791 2368 terra
819 2342 881 2376 es,
918 2330 1020 2369 etin
1045 2336 1187 2367 terram
1212 2327 1349 2379 ibis.²)
1407 2327 1460 2366 Et

134 2389 198 2440 qui
228 2401 305 2426 non
341 2385 467 2433 audit,
503 2385 621 2425 videt.
682 2385 797 2425 Nulla
828 2400 931 2425 mors
961 2400 1037 2424 non
1069 2387 1177 2424 ruina
1201 2384 1458 2424 membrorum

134 2452 206 2485 est.
268 2444 376 2483 Hanc
403 2445 578 2496 corporis
603 2450 747 2482 sortem
772 2443 947 2483 dominus
971 2456 1122 2495 quoque
1143 2443 1346 2494 expressit,
1372 2456 1457 2482 cum

228 2571 266 2615 1)
293 2572 378 2612 Gel.,
404 2572 455 2603 ed.
475 2572 579 2605 Fran.
593 2574 627 2603 et
643 2571 719 2611 mg,
738 2571 985 2610 decerpunt.
1078 2570 1116 2610 2)
1140 2570 1225 2602 Gen.
1240 2570 1271 2610 3,
1285 2571 1342 2601 19.
