1604 2800
433 152 558 184 ADv.
595 151 1113 183 VALENTtNtANos.
1365 148 1436 184 43

107 247 200 286 riam
228 244 327 285 dixi:
354 243 516 297 Bythios
542 251 582 283 et
596 243 712 283 Mixis
733 245 769 291 ¹)
797 251 836 283 et
857 243 1031 291 Hedone‚
1058 242 1246 282 Acinetos
1272 248 1313 280 et
1338 241 1439 294 Syn-

109 305 248 350 crasis,
274 302 515 354 Monogenes
541 309 581 341 et
604 301 789 341 Macaria.
853 301 997 340 Contra
1024 299 1282 340 duodenarius
1308 312 1439 338 nume-

108 376 173 402 rus
198 362 236 401 hi
263 367 393 400 erunt:
455 359 680 399 Paracletus
706 367 746 399 et
771 359 904 407 Pistis,
931 359 1106 398 Patricos
1132 365 1172 397 et
1197 357 1323 410 Elpis,
1354 356 1439 396 Me-

107 421 229 460 tricos
254 425 295 458 et
317 418 468 471 Agape‚
493 416 626 457 Aenos
652 424 692 457 et
717 416 890 470 Synesis,
916 417 1217 456 Ecclesiasticus
1243 421 1282 454 et
1306 414 1440 453 Maca-

107 479 249 525 rioms,
284 475 469 516 Theletus
486 477 525 526 ²)
553 482 593 515 et
624 474 783 528 Sophia.
846 475 978 527 Cogor
1013 474 1096 521 hic,
1134 471 1224 527 quid
1261 474 1334 512 ista
1371 486 1441 511 no-

108 536 210 575 mina
246 532 488 582 desiderent,
526 533 704 586 proferre
738 532 785 572 de
817 533 900 585 pari
933 531 1126 584 exemplo.
1196 530 1239 570 ln
1276 531 1382 570 isclis
1401 531 1439 579 ³)

109 591 498 644 Karthaginiensibus
534 591 607 630 fuit
639 589 791 644 quidam
822 589 1077 643 rigidissimus
1114 589 1250 628 rhetor
1286 588 1439 635 latinus,

110 650 356 703 Phosphorus
393 650 566 697 nomine3
606 662 690 688 cum
715 650 835 688 virum
872 649 1012 687 fortem
1051 653 1274 700 peroraret:
1313 646 1440 692 venio,

111 709 251 761 inquit,
283 706 330 746 ad
357 720 445 753 νος,
473 707 607 759 optimi
633 707 757 753 cives,
785 705 833 745 de
859 706 1009 758 proelio
1037 718 1121 743 cum
1150 704 1317 742 victoria
1343 716 1440 748 mea,

111 780 196 806 cum
215 765 405 804 felicitate
424 771 566 810 vestra,
592 764 806 815 ampliatus,
833 763 1039 814 gloriosus,
1066 762 1295 807 fortunatus,
1322 760 1442 798 maxi-

111 836 209 869 mus,
242 821 493 873 triumphalis.
554 820 606 858 Et
630 820 853 859 scholastici
879 821 1005 858 statim
1031 818 1198 857 familiae
1226 817 1441 870 Phosphori

109 882 182 935 φεῦ
207 879 437 919 acclamant.
497 876 651 917 Audisti
678 877 924 916 Fortunatum
952 884 992 916 et
1017 875 1207 915 Hedonen
1234 882 1274 914 et
1298 873 1442 913 Acine-

112 946 189 978 tum
214 936 494 976 etTheletum?
527 934 715 974 Acclama
741 935 908 974 familiae
924 934 1156 973 Ptolemaei:
1183 934 1313 986 qaid)
1359 932 1441 970 Hoc

111 997 188 1036 erit
206 994 384 1035 Pleroma
407 992 500 1033 illud
526 1007 708 1032 arcanum
735 991 944 1032 divinitatis
971 992 1203 1030 tricenariae
1230 988 1441 1043 plenitudo.

112 1052 338 1100 Videamus,
365 1064 462 1104 quae
487 1053 563 1091 sint
587 1052 746 1090 istorum
771 1050 973 1103 privilegia
999 1061 1262 1096 numerorum,
1290 1054 1444 1099 quater-

114 1111 212 1151 narii
238 1117 279 1150 et
303 1110 496 1149 octonarii
522 1116 563 1148 et
587 1107 832 1147 duodenarii.
897 1107 1053 1146 Interim
1085 1107 1122 1144 in
1149 1105 1360 1144 tricenario
1387 1105 1444 1141 fe-

116 1166 291 1208 cunditas
316 1174 400 1206 tota
424 1165 576 1213 delicit3
617 1172 786 1204 castrata
818 1171 878 1203 est
907 1165 964 1202 vis
996 1170 1036 1202 et
1060 1169 1234 1216 potestas
1261 1169 1300 1200 et
1326 1159 1443 1199 libido

115 1225 295 1277 genitalis
330 1222 526 1270 Aeonum,
567 1223 674 1274 quasi
710 1235 784 1260 non
818 1229 858 1260 et
894 1234 1137 1260 numerorum
1175 1226 1280 1258 tanta
1319 1217 1444 1257 adhuc

117 1282 282 1334 coagula
311 1287 576 1334 superessent,
622 1286 662 1318 et
691 1279 794 1318 nulla
824 1279 901 1318 alia
931 1277 979 1318 de
1005 1276 1251 1330 paedagogio
1278 1277 1444 1315 nomina.

117 1340 244 1389 Quare
277 1339 376 1378 enim
409 1351 485 1376 non
516 1345 557 1376 et
587 1338 861 1390 quinquaginta
898 1343 938 1374 et
974 1342 1127 1375 centum
1164 1334 1446 1387 procreantur?

117 1410 236 1451 quare
262 1410 339 1436 non
364 1403 404 1435 et
428 1395 619 1434 sterceiae
640 1396 678 1440 5)
706 1401 746 1432 et
769 1394 970 1446 syntrophi
997 1394 1263 1432 nominantur?

233 1459 273 1497 9.
323 1452 403 1493 Sed
428 1460 468 1492 et
492 1453 566 1491 hoc
599 1452 778 1504 exceptio
810 1464 1060 1503 personarum
1094 1457 1170 1496 est,
1210 1447 1312 1501 quod
1343 1448 1447 1487 solus

117 1513 182 1553 ille
196 1511 279 1552 Nus
304 1524 354 1551 ex
378 1510 552 1549 omnihus
577 1510 750 1548 immensi
780 1509 900 1561 patris
926 1509 1065 1547 fruitur
1090 1508 1248 1546 notione
1274 1504 1448 1558 gaudens

117 1577 159 1610 et
182 1569 398 1616 exsultans,
425 1569 499 1608 illis
523 1569 653 1620 utique
680 1566 954 1606 moerentibus.
1005 1565 1120 1604 Plane
1147 1564 1241 1611 Nus,
1270 1570 1446 1616 quantum

119 1629 158 1668 in
183 1629 266 1681 ipso
291 1627 382 1673 fuit,
415 1633 455 1664 et
484 1626 662 1664 voluerat
686 1632 726 1663 et
750 1631 968 1663 tentaverat
993 1624 1135 1662 ceteris
1161 1634 1310 1674 quoque
1344 1634 1449 1659 com-

59 1716 64 1721 -
119 1686 335 1732 manicare,
373 1696 471 1736 quae
498 1690 628 1727 norat,
662 1688 822 1733 quantus
848 1688 888 1720 et
913 1693 1021 1732 quam
1048 1677 1448 1731 incomprehensibilis

121 1751 249 1796 pater3
275 1740 345 1781 sed
370 1740 592 1779 intercessit
617 1745 740 1777 mater
753 1736 860 1788 Sige,
887 1738 953 1776 illa
978 1737 1142 1783 scilicet,
1170 1749 1267 1788 quae
1294 1741 1334 1773 et
1358 1734 1450 1785 ipsis

123 1798 331 1840 haereticis
356 1797 433 1835 suis
458 1803 591 1835 tacere
620 1794 867 1846 praescribit3
895 1794 978 1841 *etsi
1010 1792 1058 1832 de
1083 1794 1203 1845 patris
1229 1799 1321 1831 nutu
1345 1792 1451 1830 aiunt

122 1858 282 1902 factum,
319 1854 485 1893 volentis
518 1865 649 1891 omnes
674 1853 712 1890 in
738 1850 970 1890 desiderium
995 1851 1053 1889 sui
1077 1849 1253 1889 accendi.
1316 1849 1449 1901 ltaque

123 1914 210 1954 dum
235 1918 481 1951 macerantur
505 1911 605 1950 intra
630 1916 752 1949 semet
769 1910 886 1963 ipsos,
914 1907 999 1947 dum
1033 1909 1151 1947 tacita
1178 1905 1356 1960 cupidine
1383 1919 1451 1944 co-

123 1969 337 2024 gnoscendi
364 1975 510 2022 patrem
538 1974 710 2014 uruntur,
735 1979 859 2019 paene
885 1966 1012 2005 scelus
1036 1966 1179 2004 factum
1199 1971 1271 2004 est.
1331 1962 1452 2002 Nam-

125 2042 198 2083 que
236 2042 286 2068 ex
316 2027 392 2066 illis
424 2025 627 2065 duodecim
663 2023 881 2070 Aeonibus,
921 2037 1015 2076 quos
1046 2023 1170 2062 Homo
1201 2030 1242 2062 et
1271 2020 1452 2061 Ecclesia

125 2086 349 2133 ediderant,
382 2085 584 2123 novissima
611 2089 702 2122 natu
724 2081 858 2129 Aeon,
885 2080 1050 2133 (viderit
1074 2081 1344 2127 soloecismus,
1378 2077 1452 2116 So-

221 2237 257 2275 1)
283 2236 390 2266 Rhen.
404 2244 450 2265 ex
466 2234 597 2264 lrenaei
612 2232 745 2264 c.hner.
759 2233 816 2264 lib.
832 2236 862 2264 1.
878 2242 907 2264 c.
928 2234 958 2262 1.
973 2232 1002 2271 §-
1018 2234 1047 2261 2.
1061 2231 1249 2271 supplevit:
1275 2229 1453 2268 Bythios

128 2283 329 2321 etMixin,
351 2282 561 2321 Ageratos
579 2283 620 2310 et
635 2278 838 2317 Heuonin,
853 2278 949 2320 (Rig.
964 2278 1187 2316 Henosis,)
1206 2275 1453 2313 Autophyes

130 2330 354 2360 etHedone
374 2331 440 2358 etc.
537 2324 573 2367 2)
601 2325 756 2357 Rlien.in
770 2324 860 2357 cdd.
879 2324 1100 2362 etEhztus,
1128 2322 1249 2353 deinde
1270 2320 1392 2351 edidit:
1414 2321 1455 2350 ct

129 2375 350 2407 Theletus.
445 2369 485 2414 3)
511 2372 620 2404 Rhen.
640 2370 729 2402 coni.
743 2373 777 2401 et
789 2371 882 2402 Pam.
898 2370 1135 2410 Rigattiusque
1156 2368 1386 2406 scripserunt:
1414 2366 1454 2396 in

130 2421 307 2453 scholis.
355 2419 423 2451 sed
447 2418 583 2449 iselae
607 2426 732 2448 nomen
759 2417 894 2448 videtui·
912 2426 988 2447 ene
1013 2415 1188 2455 punicum.
1237 2414 1287 2443 Cf.
1313 2413 1455 2450 interpr.

131 2477 200 2506 syr.
214 2468 288 2500 Act.
301 2467 386 2506 App.
402 2467 455 2504 19,
477 2467 508 2496 9.
603 2464 641 2503 4)
666 2462 773 2494 Rhen.
795 2463 847 2494 cd.
874 2464 896 2492 Ι.
922 2462 974 2492 Ph
986 2457 1455 2500 osphorifae—Ptole-

132 2513 318 2545 maeit'ti.
367 2512 417 2543 Cf.
432 2512 519 2541 [ren.
533 2519 562 2541 c.
577 2509 670 2541 haer.
688 2510 790 2548 1,11‚
805 2510 838 2539 4.
914 2509 950 2548 5)
977 2507 1080 2539 Οοᾱᾱ.
1094 2505 1330 2545 nei-cetae,
1347 2506 1454 2535 nter-

133 2568 251 2600 ccne‚
277 2556 507 2591 atei-coine.
556 2555 628 2596 mg.
655 2555 882 2586 stercolae.
