1604 2800
169 207 244 245 04
388 207 461 238 DE
498 199 1012 237 RESURRECTIONE
1051 203 1290 235 CARNts-

170 310 209 341 ct
234 303 352 353 ipsum
380 298 572 337 dominum
600 297 740 335 carnis.
801 294 907 335 Nulli
933 294 1098 347 denique
1124 295 1190 334 alii
1223 295 1383 335 salutem
1415 309 1505 336 cor-

173 359 295 411 porali
322 356 558 395 substantiae
584 350 775 401 invident,
810 366 920 405 quam
946 354 1105 392 alterius
1131 352 1341 392 divinitatis
1366 352 1506 394 haere-

170 417 251 455 tici.
297 414 467 467 Ideoque
494 420 534 452 et
559 412 752 451 Christum
777 411 892 450 aliter
916 409 1124 463 disponere
1151 411 1293 458 coacti,
1320 423 1368 450 ne
1395 423 1507 451 crea-

171 475 266 513 toris
293 473 520 518 haberetur,
538 472 573 519 ¹)
601 472 638 508 in
666 470 748 522 ipsa
773 470 878 522 prius
904 482 1021 509 carne
1048 470 1131 508 eius
1162 475 1409 516 erraverunt,
1442 475 1510 508 aut

173 532 309 570 nullius
334 530 510 569 veritatis
537 527 818 567 contendentes
844 540 927 566 eam
955 525 1164 566 secundum
1195 526 1436 566 Marcionem
1468 533 1510 566 et

173 587 388 635 Basiliden,
427 594 493 626 aut
524 587 707 639 propriae
733 585 946 638 qualitatis,
985 583 1194 624 secundum
1221 584 1405 623 haereses
1429 582 1510 623 Va-

173 647 306 686 lentini
345 653 385 685 ct
420 645 599 697 Apellen.
660 643 789 697 Atque
827 645 879 682 ita
918 643 1109 695 sequitur,
1147 649 1189 680 ut
1226 642 1388 682 salutem
1427 643 1510 682 eius

173 705 410 743 substantiae
448 701 674 749 excludant,
715 702 823 740 cuius
862 701 1054 743 Christum
1093 707 1313 740 consortem
1351 706 1509 752 negant,

175 763 285 807 certi,
313 761 414 798 illam
442 756 586 798 summo'
613 757 853 811 praeiudicio
880 759 1180 798 resurrectionis
1205 759 1450 805 instructam,
1477 759 1511 797 si

174 820 248 856 iam
275 819 314 855 in
341 817 495 855 Christo
522 817 782 855 resurrexerit
807 829 917 854 caro.
981 815 1197 868 Propterea
1230 823 1271 855 et
1301 829 1372 856 nos
1402 815 1512 855 volu·
1556 817 1558 821 ’

176 888 261 914 men
298 875 562 926 praemisimus
598 872 646 912 dc
679 886 796 912 carne
836 872 998 919 Christi,
1038 886 1112 923 quo
1151 886 1234 911 eam
1274 879 1314 911 et
1349 872 1510 911 solidam

175 933 382 985 probamus
418 931 617 970 adversum
650 931 926 983 phantasmatis
962 931 1192 977 vanitatem,
1232 937 1273 969 et
1310 929 1511 969 humanam

175 989 413 1028 vindicamus
438 988 624 1027 adversus
651 989 845 1040 qualitatis
871 988 1168 1040 proprietatem,
1203 988 1311 1026 cuius
1338 986 1511 1026 conditio

177 1047 370 1085 Christum
397 1053 437 1084 et
461 1046 652 1084 hominem
685 1053 725 1083 et
757 1045 871 1083 lilium
905 1045 1068 1082 hominis
1100 1044 1354 1096 inscripserit.
1417 1044 1513 1083 Car-

176 1117 287 1142 neum
320 1104 420 1142 enim
457 1110 571 1154 atque
611 1115 840 1156 corporeum
879 1101 1090 1153 probantes
1127 1114 1232 1149 eum,
1273 1100 1436 1154 proinde
1474 1109 1515 1142 et
1577 1107 1581 1111 ’

176 1159 420 1205 obducimus,
453 1159 757 1212 praescribendo
796 1160 937 1198 nullum
963 1159 1077 1198 alium
1110 1158 1346 1199 credendum
1384 1158 1511 1208 deum,

176 1225 333 1269 praeter
359 1225 591 1265 creatorem,
619 1217 705 1256 dum
733 1218 847 1256 talem
875 1216 1111 1256 ostendimus
1138 1216 1344 1266 Christum,
1371 1218 1409 1256 in
1436 1230 1511 1270 quo

177 1275 418 1326 dignoscitur
454 1274 567 1323 deus,
608 1276 729 1327 qualis
760 1276 998 1328 promittitur
1029 1288 1048 1313 a
1088 1282 1282 1314 creatore.
1344 1273 1513 1315 Obducti

178 1332 317 1370 dehinc
344 1331 391 1370 de
418 1331 492 1371 deo
521 1334 647 1371 carnis
672 1340 833 1372 auctore
859 1340 900 1372 et
930 1332 979 1371 de
1015 1332 1169 1372 Christo
1192 1333 1329 1372 'carnis
1360 1331 1512 1372 redem-

178 1395 309 1438 ptore,
348 1389 421 1425 iam
454 1395 492 1426 et
524 1389 572 1427 de
604 1392 894 1430 resurrectione
927 1391 1054 1430 carnis
1086 1391 1348 1430 revincentur.
1410 1390 1514 1430 Con-

180 1450 365 1492 gruenter
401 1444 602 1491 scilicet2)
636 1453 676 1483 et
706 1447 781 1485 hoc
812 1449 935 1486 ferme
967 1447 1081 1488 modo
1115 1448 1276 1488 dicimus
1309 1447 1512 1488 ineundam

181 1512 265 1537 cum
304 1499 513 1538 haereticis
551 1500 884 1552 disceptationem.
952 1503 1050 1542 Nam
1089 1513 1130 1543 et
1167 1506 1264 1545 ordo
1302 1519 1457 1559 semper
1490 1519 1513 1545 a

180 1556 455 1608 principalibus
482 1556 621 1596 deduci
648 1560 841 1611 exposcit,
880 1566 921 1597 ut
952 1559 999 1598 de
1032 1562 1115 1612 ipso
1148 1564 1252 1613 prius
1285 1571 1458 1609 constet,
1490 1577 1513 1602 a

182 1626 255 1665 quo
282 1613 434 1652 dicatur
459 1614 682 1667 dispositum
710 1629 814 1664 esse,
855 1616 955 1669 quod
988 1619 1197 1669 quaeritur.
1257 1618 1386 1675 Atque
1413 1619 1512 1660 adeo

180 1678 220 1709 et
257 1671 444 1711 haeretici
478 1685 526 1711 ex
558 1674 799 1713 conscientia
830 1675 1061 1713 infirmitatis
1094 1689 1283 1727 nunquam
1315 1676 1513 1718 ordinarie

179 1735 361 1768 tractant.
425 1729 533 1768 Certi
559 1731 672 1778 enim,
701 1744 809 1783 quam
838 1732 1028 1778 laborent,
1054 1732 1091 1770 in
1119 1734 1278 1771 alterius
1304 1732 1514 1775 divinitatis

179 1787 438 1826 insinuatione
464 1786 647 1826 adversus
673 1787 785 1828 deum
818 1787 945 1827 mundi
979 1789 1153 1828 omnibus
1184 1792 1414 1831 naturaliter
1443 1805 1514 1832 no-

179 1850 257 1881 tum
283 1842 330 1882 de
364 1846 592 1884 testimoniis
625 1859 803 1898 operum,
843 1854 951 1886 certe
984 1853 1024 1886 et
1054 1848 1093 1886 in
1125 1850 1375 1888 sacramentis
1407 1851 1513 1903 prio-

180 1913 260 1938 rem
287 1908 326 1939 et
350 1902 388 1940 in
414 1902 766 1954 praedicationibus
792 1906 1108 1953 manifestiorem,
1135 1906 1206 1945 suh
1225 1907 1384 1946 obtentu
1405 1909 1513 1961 quasi

181 1959 415 2008 urgentioris
454 1973 633 2007 caussae,
673 1961 709 1999 id
750 1969 826 2009 est,
871 1963 989 2015 ipsius
1026 1964 1213 2003 humanae
1251 1965 1384 2004 salutis
1421 1972 1511 2006 ante

183 2015 309 2052 omnia
335 2017 603 2076 requirgndae,
631 2031 653 2056 a
674 2022 959 2071 quaestionibus
985 2021 1283 2060 resurrectionis
1308 2023 1509 2075 incipiunt,

183 2072 271 2122 quia
297 2071 426 2111 durius
454 2074 626 2113 creditur
650 2080 886 2118 resurrectio
913 2080 1053 2127 carnis,
1081 2092 1191 2131 quam
1216 2092 1291 2118 una
1316 2079 1508 2120 divinitas.

181 2130 309 2181 Atque
336 2131 388 2168 ita
413 2138 630 2179 tractatum,
657 2136 799 2174 viribus
825 2136 971 2175 ordinis
996 2138 1053 2176 sui
1079 2135 1314 2185 destitutum,
1341 2145 1382 2176 et
1403 2151 1511 2178 scru-

181 2187 280 2237 pulis
311 2189 436 2240 potius
468 2198 666 2229 oneratum
693 2192 996 2246 depretiantibus
1028 2207 1200 2242 carnem,
1240 2196 1422 2247 paulatim
1453 2196 1510 2235 al-

184 2246 301 2283 terius
338 2244 547 2286 divinitatis
580 2256 795 2303 temperant
832 2265 982 2291 sensum
1019 2265 1070 2291 ex
1105 2252 1188 2304 ipsa
1225 2254 1307 2304 spei
1345 2266 1509 2293 concus-

183 2302 290 2341 sione
316 2309 356 2342 et
381 2302 654 2346 demutatione.
716 2308 900 2348 Deiectus
932 2311 1031 2350 enim
1060 2310 1322 2362 unusquisque*
1338 2311 1402 2351 vel
1427 2324 1509 2349 mo-

277 2465 312 2503 1)
338 2464 395 2496 Sic
411 2467 507 2498 codd.
521 2469 597 2499 Urs,
612 2470 646 2499 et
659 2469 795 2501 Vt'ouw.
835 2470 967 2504 Ceteri:
993 2482 1043 2503 ne
1069 2474 1244 2504 creator
1269 2471 1412 2503 carnin
1436 2471 1507 2502 hn-

185 2508 343 2540 beatur.
437 2511 475 2556 2)
501 2514 608 2546 Rhen.
638 2520 932 2556 congruenter
962 2518 1053 2549 scil.
1087 2520 1131 2550 et
1168 2519 1214 2550 de
1251 2518 1326 2549 deo
1362 2516 1506 2548 carnis

185 2557 361 2586 auctore
387 2559 428 2588 et
459 2559 506 2590 de
538 2560 712 2592 Christo
746 2563 889 2593 carnis
923 2564 1204 2603 redemptore.
1252 2564 1337 2595 noc
1375 2563 1507 2594 ferme

186 2600 252 2629 etc.
302 2601 399 2635 Quae
422 2613 473 2635 vv.
496 2606 586 2637 male
607 2607 754 2646 repetita
776 2611 870 2639 recte
896 2609 997 2640 eiecit
1022 2609 1096 2649 Rig.
