1604 2800
507 147 628 177 Anv.
665 145 1104 177 nennioessxssm.
1385 146 1450 182 ,ι

120 241 228 287 feeit,
261 239 557 292 cognomentum
583 236 792 276 derivasse.
831 237 958 277 Audio
985 239 1085 277 enim
1112 237 1210 291 apud
1238 238 1452 292 Hermoge-

120 312 207 338 nem
233 305 462 350 ceterosque
487 297 729 335 materiarios
754 297 975 335 haereticos
1000 303 1143 336 terram
1170 295 1321 349 quidem
1349 298 1452 337 illam

119 357 324 396 informem
348 361 390 395 et
412 354 641 393 invisibilem
668 361 709 393 et
733 353 865 393 rudem
893 355 1023 401 fuisse,
1049 354 1147 393 hanc
1172 367 1267 393 vero
1281 362 1450 394 nostram

119 412 284 468 proinde
308 420 350 452 et
373 413 533 451 formam
560 419 599 451 et
625 419 872 464 conspectum
899 419 939 451 et
963 412 1104 451 cultum
1125 425 1146 450 a
1167 410 1242 451 deo
1264 425 1452 452 consecu-

119 478 218 519 tam,
255 469 361 510 aliud
385 482 481 522 ergo
507 470 668 516 factam,
707 483 817 522 quam
845 477 930 508 erat
960 483 1025 515 ea,
1064 482 1114 508 ex
1145 482 1218 521 qua
1250 470 1354 509 faeta
1379 478 1451 510 est.

120 526 246 568 Porro
271 526 377 567 aliud
402 528 519 574 facta,
552 540 628 565 non
655 529 779 579 potuit
811 540 894 566 cum
921 540 968 566 ea
993 526 1041 566 de
1068 528 1267 575 nomine¹)
1294 529 1451 575 sociari,

51 639 53 641 Ι
120 599 145 625 ει
169 587 277 625 cuius
303 584 526 625 conditione
553 583 782 624 desciverat.
810 583 852 623 Si
884 597 1021 623 nomen
1047 585 1242 636 proprium
1268 586 1454 624 materiae

121 643 225 682 illius
250 643 323 682 suit
347 649 472 689 terra,
499 642 620 690 haec,
650 655 746 694 quae
772 656 849 681 non
875 649 935 681 est
959 643 1118 680 materia
1134 669 1145 688 ,
1172 640 1275 680 aliud
1301 643 1455 681 scilicet

123 700 240 747 faeta,
266 707 397 739 terrae
429 712 580 751 quoque
606 713 681 737 non
709 701 813 751 capit
838 712 974 737 nomeu
1001 699 1167 737 alienum
1193 705 1232 737 et
1257 705 1358 737 statu
1384 713 1453 737 suo

121 764 362 798 extraneum.
414 755 493 794 Sed
525 757 686 794 materia
718 757 840 802 facta,
879 755 914 794 id
948 762 1009 794 est
1040 762 1161 802 terra,
1199 755 1332 794 habuit
1369 769 1453 795 cum

121 827 192 854 sua
229 815 381 866 origine
419 813 654 852 consortium
693 813 882 859 nominis,
921 813 1021 851 sicut
1057 819 1099 850 et
1134 813 1303 864 generis.
1364 812 1453 852 Non

121 870 236 911 adeo.
297 870 395 910 Nam
422 877 462 909 et
487 877 637 917 testam,
666 870 758 909 licet
782 883 831 909 ex
856 870 993 921 argilla
1020 870 1251 917 confectam,
1278 872 1350 909 iam
1378 885 1454 909 non

121 930 298 981 argillam
323 928 493 975 vocabo,
520 927 588 967 sed
615 934 771 974 testam,
798 934 838 966 et
863 928 1068 974 electrum,
1103 927 1196 966 licet
1221 941 1270 966 ex
1294 941 1389 967 auro
1416 935 1456 967 et

123 994 288 1039 argento
319 984 581 1032 foederatum,
620 998 693 1025 nec
726 992 925 1037 argentum
958 992 1086 1023 tamen
1119 998 1190 1024 nec
1222 998 1354 1024 aurum
1387 999 1454 1038 ap-

123 1040 291 1098 pellabo,
317 1043 387 1083 sed
413 1044 666 1091 electrum,²)
706 1056 729 1081 a
755 1044 861 1081 euius
887 1042 1019 1081 habitu
1052 1040 1152 1094 quod
1179 1041 1354 1089 divertit,
1387 1056 1455 1095 pa-

123 1103 222 1141 riter
246 1109 287 1141 et
310 1115 333 1140 a
356 1100 608 1139 vocatu‘eius
633 1099 785 1139 recedit
810 1100 1098 1151 appellationis,
1131 1100 1231 1138 sicut
1256 1107 1296 1138 et
1322 1099 1456 1139 condi-

125 1160 242 1198 tionis
265 1159 518 1211 proprietate.
582 1157 699 1205 Quam
734 1164 859 1195 autem
893 1158 1090 1195 transierit
1119 1155 1167 1195 de
1194 1163 1294 1195 statu
1325 1164 1455 1196 terrae

125 1216 245 1263 illius,
283 1214 322 1254 id
347 1221 409 1254 est
432 1215 638 1261 materiae,
677 1215 750 1252 ista
775 1221 898 1260 terra,
932 1214 991 1253 vel
1018 1227 1066 1253 eo
1092 1214 1216 1266 palam
1242 1222 1321 1261 est,
1355 1214 1455 1267 quod

125 1273 223 1313 haec
267 1271 368 1325 apud
407 1270 575 1311 Genesin
614 1273 871 1310 testimonium
916 1271 1005 1310 boni
1050 1272 1228 1323 accepit:
1279 1279 1319 1311 et
1360 1271 1458 1311 vidit

125 1331 234 1378 deus,
261 1331 349 1383 quia
373 1330 574 1378 bonum,³)
601 1330 667 1367 illa
692 1336 818 1368 autem
846 1328 945 1380 apud
962 1328 1244 1380 Hermogenem
1269 1331 1308 1367 in
1335 1331 1458 1381 origi-

125 1402 213 1428 nem
250 1395 290 1427 et
327 1400 498 1426 caussam
536 1387 721 1425 malorum
760 1385 977 1438 deputatur.
1052 1385 1252 1424 Postremo
1291 1388 1323 1425 si
1366 1386 1455 1425 ideo

125 1447 223 1486 haec
250 1453 371 1492 terra,
412 1444 677 1497 quia-etjlla,
711 1457 780 1482 cur
804 1457 880 1482 non
906 1451 946 1482 et
977 1444 1136 1482 materia
1162 1443 1260 1483 haec
1292 1458 1456 1496 quoque,

125 1504 215 1556 quia
240 1510 281 1542 et
304 1503 396 1541 illa?
443 1502 523 1540 lmo
555 1502 629 1541 iam
662 1508 702 1541 et
733 1502 882 1540 coelum
909 1508 950 1540 et
981 1502 1125 1547 omnia,
1165 1503 1195 1539 si
1221 1515 1271 1540 ex
1296 1503 1458 1541 materia

103 1567 323 1608 constant,
363 1567 403 1599 et
433 1566 562 1599 terrae
594 1566 634 1598 et
670 1560 856 1598 materiae
886 1559 1020 1597 vocari
1060 1558 1288 1598 debuerunt.
1354 1558 1458 1598 Satis

125 1619 200 1658 ista
237 1617 285 1658 de
323 1625 453 1657 terrae
491 1618 664 1664 nomine,
703 1618 741 1654 in
773 1630 848 1668 quo
888 1617 1083 1654 materiam
1122 1616 1286 1668 intelligi
1323 1617 1457 1663 voluit,

128 1675 230 1728 qnod
257 1688 395 1714 nomen
420 1675 532 1712 unius
557 1674 737 1712 elementi
770 1686 901 1711 omnes
933 1674 1076 1719 sciunt,
1122 1681 1256 1711 natura
1282 1675 1456 1725 primum,

128 1731 269 1771 dehinc
294 1733 487 1782 scriptura
513 1730 698 1775 docente,
731 1731 801 1767 nisi
828 1731 858 1767 si
885 1736 925 1767 et
951 1728 1084 1768 Sileno
1111 1730 1165 1768 illi
1190 1729 1291 1782 apud
1315 1729 1457 1769 Midam

129 1802 262 1840 regem
299 1786 543 1826 adseveranti
583 1786 629 1825 de
662 1788 739 1824 alio
778 1786 873 1824 orbe
913 1785 1146 1825 credendum
1180 1794 1256 1834 cst,
1296 1795 1458 1827 auctore

127 1847 391 1899 Theopompo.
449 1843 527 1883 Sed
554 1851 594 1882 et
618 1842 713 1882 deos
738 1844 877 1882 multos
902 1842 1002 1881 idem
1029 1844 1166 1882 refert.

244 1907 313 1946 26.
362 1901 486 1941 Nobis
517 1908 643 1940 autem
673 1914 769 1940 unns
800 1900 894 1939 deus
925 1908 965 1939 et
995 1915 1068 1939 una
1094 1908 1154 1940 est
1178 1908 1302 1949 terra,
1347 1915 1457 1955 qnam

129 1963 167 2001 in
193 1961 384 2014 principio
417 1959 510 1998 deus
544 1959 650 1997 fecit.
712 1959 828 1997 Cuius
854 1958 1026 1997 ordinem
1053 1959 1241 2011 incipiens
1266 1961 1458 2012 scriptura

130 2019 367 2064 decurrere,
405 2018 527 2069 primo
565 2017 704 2055 factam
742 2029 824 2054 eam
863 2015 1007 2063 edicit3
1058 2015 1197 2056 dehinc
1236 2018 1457 2069 qualitatem

76 2114 81 2119 ,
130 2078 249 2129 ipsius
274 2075 473 2121 edisserit,
511 2075 611 2112 sicut
636 2081 675 2112 et
700 2074 849 2112 coelum
875 2074 997 2126 primo
1024 2074 1165 2113 factum
1193 2075 1387 2126 professa:
1420 2077 1458 2114 in

131 2135 323 2186 principio
361 2131 456 2171 deus
487 2132 581 2170 fecit
612 2132 833 2179 coetum;⁴)
873 2130 1012 2170 dehinc
1048 2131 1338 2183 dispositionem
1376 2134 1459 2171 eius

131 2190 414 2244 superinducit:
442 2196 482 2229 et
506 2190 702 2240 separavit
725 2189 827 2226 inter
850 2202 1006 2241 aquam,
1034 2202 1131 2241 quae
1158 2197 1244 2228 erat
1267 2190 1368 2228 infra
1394 2190 1459 2228 fir-

131 2255 383 2293 mamentum,
422 2253 462 2285 et
498 2258 594 2298 quae
633 2253 717 2284 erat
753 2259 868 2298 super
903 2246 1198 2293 firmamentum,
1236 2253 1277 2285 et
1305 2248 1459 2285 vocavit

133 2305 228 2345 deus
255 2306 529 2344 firmamentum
558 2304 780 2351 coelum,⁵)
818 2305 938 2356 ipsum
965 2303 1066 2355 quod
1094 2305 1130 2341 in
1162 2303 1375 2355 primordio
1401 2305 1459 2343 fe-

104 2355 115 2363 *
132 2370 257 2404 cerat.
318 2361 485 2401 Proinde
506 2368 546 2399 et
571 2359 618 2399 de
644 2361 822 2399 homine:
861 2368 901 2400 et
924 2361 1020 2399 fecit
1044 2360 1138 2400 deus
1162 2361 1372 2408 hominem,
1410 2360 1459 2401 ad

225 2499 263 2543 1)
291 2501 365 2540 mg.
390 2510 478 2531 cum
505 2509 551 2531 ea
577 2499 927 2531 denominatione
953 2499 1129 2531 sociari.
1242 2497 1281 2543 2)
1308 2501 1359 2532 Cf.
1384 2501 1449 2532 adr

133 2547 349 2578 Prax.c.2‘l.
445 2546 481 2585 3)
508 2546 697 2584 Gen.1,31.
795 2547 831 2585 4)
857 2545 940 2576 Gen.
957 2546 1034 2581 1,1.
1116 2545 1172 2591 ¹5)
1198 2545 1283 2577 Gen.
1296 2547 1426 2586 1‚·1·q.
