1604 2800
219 248 242 258 “
534 240 609 272 ΒΕ
647 240 842 272 CARNE
879 240 1134 272 CHRISTI.
1322 236 1326 238 ’
1431 240 1499 279 85

166 333 215 375 de
252 335 402 386 virgine
438 333 625 387 protulit?
661 334 749 385 quia
786 331 891 371 aliud
928 340 1006 380 est,
1045 331 1147 386 quod
1172 345 1196 372 a
1220 331 1295 373 deo
1327 337 1500 387 sumpsit.

166 393 374 442 Quoniam,
405 392 599 444 inquiunt,
630 391 789 430 verbum
815 404 910 429 caro
936 391 1079 430 factum
1105 398 1177 430 est.
1193 389 1232 445 ¹)
1290 390 1382 430 Vox
1412 393 1499 440 ista,

165 449 255 503 quid
282 463 376 489 οπο
401 449 545 489 factum
577 449 645 496 sit,
679 452 937 495 contestatur,
976 461 1050 487 nee
1082 455 1210 488 tamen
1241 449 1499 501 periclitatur,

165 508 273 561 quasi
299 508 426 546 statim
452 505 557 546 aliud
583 507 633 545 sit
657 507 802 545 factum
829 519 941 554 οπο,
980 513 1021 545 et
1046 520 1123 545 non
1147 507 1319 546 verbum.
1383 506 1426 547 Si
1451 521 1501 547 ex

165 578 283 605 carne
319 566 463 604 factum
501 566 561 604 est
603 564 760 603 verbum
805 577 919 611 οπο,
968 571 1035 602 aut
1071 566 1103 603 si
1139 577 1190 604 ex
1226 566 1371 604 semine
1415 567 1500 618 ipso

164 624 310 663 factum
336 630 409 671 est,
436 621 774 675 scriptura'dicat.
837 621 930 660 Cum
957 623 1150 674 scriptura
1174 636 1251 661 non
1277 622 1400 670 dicat,
1426 624 1500 662 nisi

164 679 267 733 quod
292 682 343 719 sit
366 681 522 727 factum,
549 693 626 718 non
652 687 692 719 et
715 678 817 718 unde
850 680 899 718 sit
923 680 1080 726 factum,
1107 693 1203 732 ergo
1230 693 1279 720 ex
1304 681 1395 728 alio,
1422 694 1500 720 non

163 751 214 778 ex
237 739 384 777 semine
409 739 494 789 ipso
520 738 696 788 suggerit
720 738 884 784 factum,
910 737 943 775 si
968 750 1045 775 non
1065 750 1116 776 ex
1139 739 1284 776 semine
1305 739 1403 790 ipso,
1426 737 1499 777 sed

161 809 212 835 ex
236 794 334 842 alio,
372 796 447 833 iam
478 794 568 832 hine
600 801 745 841 tracta,
784 807 834 832 ex
865 807 941 845 quo
966 793 1088 845 magis
1114 794 1279 834 credere
1306 802 1500 846 congruat

163 865 319 892 carnem
356 852 500 891 factum
535 851 715 898 verbum,
754 852 827 889 nisi
864 863 914 889 ex
946 864 1082 898 carne,
1120 853 1159 890 in
1192 865 1265 904 qua
1291 859 1330 891 et
1355 853 1498 891 factum

161 917 240 958 est,
276 910 340 950 vel
372 911 460 963 qnia
491 910 574 962 ipse
607 907 784 947 dominus
809 909 1095 948 sententialiter
1120 917 1160 948 et
1185 909 1382 949 definitive
1407 924 1498 962 pro-

161 969 367 1007 nuntiavit:
409 966 513 1019 quod
541 968 581 1005 in
613 979 731 1006 carne
764 973 891 1004 natum
925 974 1003 1014 est,
1045 980 1137 1005 οπο
1163 969 1294 1017 est,2)
1334 970 1422 1019 quia
1449 981 1498 1007 ex

161 1038 279 1065 carne
305 1032 434 1064 natum
460 1032 532 1064 est.
577 1022 657 1063 Sed
683 1025 715 1062 si
741 1023 789 1062 de
815 1024 968 1062 homine
981 1024 1256 1063 *tantummodo
1283 1024 1391 1072 dixit,
1419 1039 1496 1064 non

160 1090 201 1123 et
225 1082 274 1122 de
300 1090 423 1122 semet
448 1083 546 1134 ipso,
572 1082 686 1133 plane
712 1094 813 1132 nega
838 1080 1029 1120 hominem
1053 1081 1258 1129 Christum,
1285 1090 1325 1121 et
1349 1084 1403 1121 ita
1428 1082 1497 1121 de-

159 1139 277 1179 fende
315 1154 393 1178 non
430 1147 472 1178 et
507 1140 546 1177 in
582 1140 704 1190 ipsum
742 1139 987 1190 competisse.
1056 1137 1199 1191 Atquin
1238 1139 1412 1178 subiicit:
1457 1147 1498 1179 et

162 1197 266 1250 quod
297 1196 346 1236 de
378 1197 515 1248 spiritu
547 1203 677 1234 natum
703 1202 780 1242 est,
808 1196 963 1247 spiritus
989 1202 1068 1243 est,
1082 1197 1120 1245 3)
1150 1198 1237 1248 quia
1262 1195 1357 1235 deus
1382 1198 1495 1249 spiri-

159 1262 221 1293 tus
246 1261 318 1302 est,
345 1261 385 1293 et
410 1253 458 1293 de
485 1253 559 1292 deo
585 1260 696 1292 natus
721 1260 794 1292 est.
855 1252 939 1291 Hoc
970 1254 1100 1306 utique
1131 1254 1192 1293 vel
1224 1267 1272 1292 eo
1303 1255 1426 1306 magis
1457 1255 1496 1293 in

159 1314 282 1364 ipsum
313 1310 455 1358 tendit,
493 1313 526 1350 si
557 1318 598 1350 et
628 1312 667 1349 in
700 1309 906 1350 credentes
932 1312 1026 1349 eius.
1090 1309 1132 1350 Si
1157 1324 1253 1362 ergo
1280 1319 1320 1350 et
1343 1312 1419 1350 hoc
1444 1311 1496 1350 ad

162 1371 297 1422 ipsum,
324 1382 395 1409 cur
418 1382 495 1407 non
521 1376 561 1408 et
585 1367 680 1407 illud
704 1370 846 1420 supra?
892 1367 1030 1420 Neque
1057 1370 1156 1407 enim
1183 1367 1357 1408 dividere
1383 1375 1495 1421 potes

160 1428 235 1467 hoe
260 1426 311 1466 ad
335 1428 472 1479 ipsum,
498 1425 592 1464 illud
617 1439 732 1478 supra
756 1425 806 1464 ad
839 1432 995 1464 ceteros
1025 1426 1217 1474 homines,
1257 1427 1320 1478 qui
1352 1433 1495 1465 utram-

160 1498 234 1538 que
271 1484 522 1524 substantiam
560 1483 703 1522 Christi
735 1490 775 1522 et
807 1484 935 1522 carnis
966 1490 1007 1522 et
1048 1485 1204 1535 spiritus
1246 1497 1323 1522 non
1360 1497 1493 1536 negas.

160 1542 344 1582 Ceterum
369 1543 401 1581 si
427 1549 503 1580 tam
530 1554 686 1581 carnem
711 1541 845 1580 habuit
870 1554 980 1593 quam
1001 1542 1188 1593 spiritum,
1216 1555 1300 1580 cum
1326 1540 1375 1581 de
1401 1541 1495 1581 dua-

158 1614 242 1640 rum
267 1600 564 1640 substantiarum
590 1598 815 1638 conditione
840 1601 1083 1651 pronuntiat,
1122 1612 1215 1651 quas
1245 1606 1287 1638 et
1317 1601 1399 1652 ipse
1425 1613 1495 1651 ge-

160 1665 257 1705 stat,
295 1671 372 1696 non
397 1664 529 1709 potest
564 1656 691 1695 videri
727 1655 776 1694 de
808 1658 944 1708 spiritu
982 1655 1133 1707 quidem
1165 1670 1255 1703 suo,
1293 1656 1342 1695 de
1375 1669 1494 1695 carne

158 1727 254 1754 vero
297 1728 374 1752 non
411 1727 479 1752 sua
517 1712 809 1752 determinasse.
870 1713 929 1751 lta
967 1725 1051 1751 cum
1087 1714 1171 1764 ipse
1202 1715 1253 1752 sit
1283 1713 1332 1753 de
1357 1715 1495 1765 spiritu

161 1771 245 1818 dei,
271 1778 312 1810 et
335 1771 492 1822 spiritus
517 1769 612 1809 deus
638 1777 717 1817 est,
744 1777 785 1808 et
809 1782 860 1808 ex
883 1769 958 1808 deo
971 1771 1011 1818 ⁴)
1037 1776 1148 1808 natus
1172 1771 1255 1821 ipse
1281 1777 1353 1818 est,
1380 1777 1421 1829 et
1445 1783 1495 1810 ex

162 1841 280 1868 carne
305 1828 488 1874 hominis,
516 1827 630 1865 homo
655 1828 694 1864 in
721 1839 838 1865 carne
864 1833 1086 1878 generatus.

279 1889 345 1928 19.
380 1883 479 1934 Quid
505 1891 565 1923 est
589 1896 706 1935 ergo:
733 1897 810 1922 non
835 1896 886 1922 ex
909 1885 1097 1935 sanguine
1123 1897 1196 1923 nee
1221 1897 1272 1924 ex
1294 1884 1493 1925 voluntate

162 1945 290 1983 carnis
315 1956 388 1982 nee
415 1955 465 1982 ex
488 1941 686 1980 voluntate
710 1942 797 1988 viri,
823 1940 892 1980 sed
917 1954 968 1981 ex
993 1941 1067 1981 deo
1093 1949 1204 1981 natus
1228 1945 1314 1981 est?
1325 1943 1363 1991 ⁵)
1407 1942 1493 1982 Ηοο

162 2000 314 2054 quidem
346 2000 515 2053 capitulo
548 2011 623 2051 ego
655 2000 783 2051 potius
818 2006 923 2047 utar,
969 2012 1053 2038 cum
1089 1998 1374 2039 adulteratores
1410 2001 1494 2039 eius

161 2058 376 2098 obduxero.
439 2056 506 2096 Sic
544 2057 644 2095 enim
682 2058 865 2109 scriptum
908 2069 994 2096 esse
1035 2057 1290 2096 contendunt:
1329 2071 1406 2096 non
1443 2071 1493 2097 ex

160 2118 350 2168 sanguine
376 2128 448 2154 nec
475 2128 525 2153 ex
550 2115 679 2153 carnis
702 2115 901 2154 voluntate
926 2128 999 2154 nec
1026 2128 1076 2154 ex
1106 2116 1196 2163 viri,
1234 2114 1304 2154 sed
1335 2129 1386 2155 ex
1417 2114 1493 2154 deo

161 2174 242 2212 nati
267 2173 426 2220 sunt,⁶)
454 2172 562 2224 quasi
594 2185 709 2224 supra
739 2171 867 2212 dictos
898 2172 1105 2212 credentes
1142 2174 1180 2211 iu
1218 2174 1371 2211 nomine
1409 2173 1492 2211 eius

161 2230 359 2282 designet,
397 2236 438 2268 ut
469 2228 650 2268 ostendat
678 2243 765 2269 esse
795 2243 926 2269 semen
950 2229 1045 2269 illud
1069 2243 1252 2269 arcanum
1277 2230 1492 2269 electorum

162 2295 202 2327 et
238 2288 487 2340 spiritalium,
526 2285 628 2339 quod
666 2287 740 2326 sibi
776 2287 959 2326 imbuunt.
1034 2287 1234 2336 Quomodo
1274 2293 1400 2325 autem
1438 2287 1493 2325 ita

161 2346 255 2392 erit,
283 2359 367 2385 cum
394 2357 546 2392 omues,
580 2346 644 2397 qui
674 2344 838 2384 eredunt
862 2346 901 2384 in
926 2346 1078 2384 nomine
1104 2344 1267 2390 domini,
1300 2345 1492 2383 communi

254 2509 290 2545 1)
315 2508 362 2538 Io.
383 2508 416 2545 1,
436 2507 490 2537 14.
586 2507 619 2544 2)
645 2507 692 2537 10.
712 2508 744 2547 3,
762 2509 796 2537 6.
892 2505 929 2547 3)
953 2508 1000 2538 lo.
1016 2509 1047 2545 3,
1064 2509 1095 2538 6.
1189 2507 1228 2545 4)
1254 2506 1336 2538 eud.
1350 2506 1489 2538 u'onw.

161 2554 197 2584 et
215 2553 289 2593 Rig.
308 2555 350 2584 et
375 2553 478 2584 deus
503 2561 556 2583 ex
581 2553 667 2584 deo.
759 2550 801 2594 75)
826 2552 901 2593 Rig.
923 2553 1015 2584 nati
1040 2553 1148 2584 sunt.
1187 2553 1240 2584 Cf.
1255 2553 1351 2583 e.24.
1371 2568 1417 2575 —
1441 2554 1490 2583 lo.

162 2601 201 2636 1,
228 2599 282 2629 13.
399 2598 436 2637 6)
462 2600 514 2629 Ita
539 2598 756 2629 scribendum
782 2607 858 2629 esse
885 2599 1021 2631 R'ouw.
1046 2609 1066 2631 e
1089 2608 1151 2632 ιιιι.
1177 2601 1214 2631 et
1237 2598 1371 2632 semler
1394 2600 1492 2630 recte

162 2644 365 2677 docuerunt.
413 2644 500 2677 Eud.
525 2653 661 2677 omnes:
686 2646 813 2677 natus
837 2647 914 2677 ent.
