1566 2808
355 160 479 192 Αιιν.
515 160 877 191 ΜΑιιοιοΝΕΜ
912 161 1089 192 ιιΒΕιι
1124 163 1165 193 ιι.
1272 143 1275 146 “
1357 161 1424 200 το

93 253 167 301 vit,
204 253 344 306 inquit,
383 265 454 305 cor
489 265 612 291 meum
649 265 863 291 sermonem
902 254 1082 305 optimum
1096 254 1147 302 1).
1221 252 1425 305 Agnoscat

94 310 184 350 bine
208 311 368 363 primum
393 310 557 348 fructum
585 310 766 361 optimum
792 311 920 361 utique
948 311 1115 363 optimae
1141 311 1293 350 arboris
1315 311 1422 351 Mar—

95 369 204 417 cion3
229 368 534 420 imperitissimus
556 368 723 406 rusticus
750 367 899 419 quidem
926 369 963 406 in
990 369 1125 407 malam
1151 369 1327 407 bonam
1316 383 1420 408 mse-

93 420 192 472 ruit,
209 424 276 464 sod
303 438 378 464 ιιοιι
402 425 546 463 valebit
564 425 826 476 blasphemiae
847 426 1032 472 surculus,
1060 433 1224 465 arescet
1241 440 1325 465 cum
1351 441 1420 466 suo

91 475 285 530 artifice,
296 483 414 521 etita
439 495 498 521 se
506 482 631 521 bonae
658 483 808 521 arboris
835 490 972 521 natura
997 483 1214 522 testabitur
1273 482 1420 536 Aspice

89 538 142 579 ad
167 553 367 595 summam,
407 540 534 591 qualia
569 553 695 578 sermo
733 541 1040 579 fructificaverit.
1096 540 1147 579 Et.
1178 540 1275 579 dixit
1306 541 1419 580 deus:

92 596 178 646 liat,
204 605 246 636 et
269 598 411 636 factum
438 605 515 644 est,
531 604 583 636 et
605 597 703 636 vidit
728 597 834 644 deus,
862 599 950 650 quia
974 599 1180 645 bonum-),
1209 612 1286 636 non
1313 601 1422 650 quasi

91 655 271 694 nesciens
295 655 448 701 bonum,
476 655 548 694 nisi
571 653 735 701 videret,
760 654 831 693 sed
857 656 944 706 quia
968 655 1129 700 bonum,
1156 654 1245 693 ideo
1270 654 1419 701 videns,

90 711 364 750 honorans‘et
401 713 637 762 consignans
669 719 710 749 et
745 711 980 763 dispungens
1016 711 1228 750 bonitatem
1261 725 1419 764 operum

90 767 315 821 dignatione
348 776 592 821 conspectus.
660 767 726 807 Sic
760 775 800 807 et
823 768 1101 815 benedicebat,
1136 782 1232 820 quae
1257 770 1420 813 benefa-

47 868 50 869 ⁷
90 825 239 873 ciebat,
278 832 320 865 ut
354 826 424 865 tibi
455 833 559 865 totus
590 823 684 864 deus
712 825 1047 865 commendaretur
1069 827 1194 865 bonus
1219 833 1259 865 et
1285 826 1418 866 dicere

89 890 131 923 et
153 884 300 933 facere.
359 882 598 923 Maledicere
631 883 756 922 adhuc
787 897 914 923 sermo
946 897 1023 922 non
1054 889 1186 930 norat,
1226 885 1313 936 quia
1346 898 1418 923 nec

88 940 340 980 malet-‘icere'
397 940 623 980 Videbimus
655 955 828 989 caussas,
856 955 965 994 vquae
986 942 1078 980 ehoe
1112 955 1262 995 quoque
1294 955 1317 980 a
1343 942 1418 981 deo

87 1005 317 1050 exegerunt.
385 998 544 1038 Interim
581 996 742 1038 muudus
779 1013 830 1038 ex
865 1000 977 1038 bonis
1016 999 1190 1038 omnibus
1228 1001 1416 1043 constitit,

87 1057 182 1095 satis
199 1064 537 1108 praemonstrans,
565 1064 742 1108 quantum
768 1057 860 1095 boni
884 1064 1090 1109 pararetur
1114 1058 1189 1103 illi,
1219 1058 1279 1095 cui
1305 1070 1418 1108 prae-

88 1113 298 1165 parabatur
332 1114 408 1152 hoc
445 1121 579 1151 totum.
642 1114 732 1161 Quis
770 1113 934 1165 denique
972 1113 1109 1164 dignus
1147 1114 1321 1152 incolere
1355 1113 1419 1152 dci

89 1182 229 1222 opera,
256 1183 366 1223 quam
395 1171 515 1222 ipsius
540 1171 666 1221 imago
699 1178 739 1220 et
764 1169 998 1215 similitudo?
1050 1170 1144 1208 Eam
1172 1184 1321 1221 quoque
1347 1171 1418 1209 bo-

89 1228 189 1269 nitas
208 1234 255 1266 et
279 1223 430 1280 quidem
457 1229 697 1280 operantior·
712 1235 873 1279 operata
898 1235 975 1274 est,
1008 1241 1084 1265 non
1109 1228 1298 1279 imperiali
1322 1241 1416 1266 >ver-

87 1284 159 1332 b0,
185 1285 254 1325 sed
279 1286 459 1324 fianiiliari
484 1299 614 1332 manu,
643 1285 757 1323 etiam
781 1285 901 1324 verbo
933 1256 1157 1323 blandiente
1182 1286 1415 1336 praemisso:

86 1342 274 1382 faciamus
300 1343 489 1380 hominem
515 1341 594 1380 ad'
584 1343 787 1393 imaginem
809 1349 851 1380 et
867 1341 1151 1380 similitudinem
1177 1348 1347 1380 nostram
1361 1343 1414 1389 3)

86 1397 247 1438 Bonitas
277 1398 395 1451 dixit,
431 1399 584 1437 bonitas
615 1399 772 1449 finxit4)
799 1398 847 1437 de
880 1399 969 1437 limo
1002 1399 1040 1436 in
1073 1404 1214 1436 tantam
1240 1399 1416 1437 substan-

86 1458 177 1496 tiam
204 1458 330 1495 carnis
356 1458 406 1495 ex
429 1469 505 1495 una
528 1458 688 1494 materia
715 1463 773 1494 tot
795 1455 1040 1508 'qualitatibus
1066 1462 1318 1503 exstructam,
1345 1456 1417 1494 bo-

77 1515 188 1553 ,nitas
224 1514 372 1553 inflavit
401 1515 583 1561 animam,
621 1527 699 1552 non
736 1521 943 1560 mortuam,
981 1512 1050 1552 sed
1081 1514 1224 1561 vivam3
1261 1513 1416 1552 bonitas

85 1572 279 1625 praefecit
307 1563 497 1626 universis
521 1571 693 1613 fruendis
724 1578 838 1623 atque
870 1570 1097 1623 regnandis,
1126 1571 1241 1610 etiam
1268 1584 1416 1622 cogno-

85 1628 293 1678 minandis}
310 1629 472 1675 ,bonitas
491 1630 651 1682 amplius
672 1628 834 1668 delicias
854 1628 1002 1668 adiecit
1019 1629 1176 1675 homini,
1204 1636 1257 1675 ut,
1285 1642 1415 1680 quam—

86 1698 199 1738 quam
235 1687 353 1725 totius
376 1687 496 1729 ‚orbis
533 1686 761 1738 possidens„
799 1688 838 1725 in
875 1687 1161 1727 amoenioribus
1197 1693 1416 1724 moraretur

85 1743 294 1785 translatus
309 1745 356 1781 jn
381 1743 618 1794 paradisum,
655 1745 730 1782 iam
761 1751 851 1782 tunc
884 1743 931 1782 de
964 1742 1103 1781 mundo
1129 1744 1167 1780 in
1194 1743 1413 1781 ecclesiam.

86 1799 234 1840 Eadem
258 1800 478 1841 bonitas-et
502 1799 732 1839 adiutorium
765 1801 982 1852 prospexit,
1010 1813 1058 1838 ne
1090 1799 1180 1852 quid
1206 1813 1282 1838 non
1308 1800 1413 1838 boni.

85 1857 176 1898 Non
190 1865 250 1897 est
261 1859 375 1904 eninr,
403 1858 536 1909 inquit,
557 1858 710 1903 bonum,
726 1858 846 1896 solum
861 1871 947 1897 esse
962 1858 1154 1896 hominem
1168 1860 1219 1906 ⁵).
1255 1856 1416 1895 Sciebat

84 1916 142 1955 illi
166 1912 299 1955 sexum
324 1916 546 1954 M‘ariaeet
575 1914 772 1967 deinceps*
791 1916 984 1954 ecclesiae
1014 1916 1269 1967 profuturum.
1334 1913 1414 1952 Sed

85 1980 127 2013 et
151 1987 262 2026 quam
287 1974 418 2024 arguis
444 1973 588 2024 legem,
620 1978 729 2025 q'uam
755 1974 793 2011 in
821 1974 1107 2024 controversias
1139 1980 1315 2025 torques,
1342 1972 1414 2010 bo-

85 2032 186 2070 nitas
211 2032 407 2083 erogavit,
450 2031 652 2069 consulens
677 2031 839 2077 homini,
878 2044 952 2083 quo
978 2029 1053 2069 deo
1079 2029 1331 2076 adhaereret,
1366 2042 1413 2066 ne

85 2101 162 2127 non
188 2095 265 2128 tam
290 2089 390 2127 liber
415 2101 523 2140 quam
555 2088 729 2127 abiectus
758 2087 975 2135 videretur,
1014 2087 1236 2140 aequandus
1261 2087 1413 2129 famulis

21 2142 25 2144 ⁷
85 2145 176 2193 suis,
204 2147 347 2186 ceteris
372 2145 610 2192 animalibus,
635 2147 769 2185 solutis
794 2160 817 2185 a
842 2145 916 2185 deo
943 2153 984 2184 et
1008 2159 1058 2184 ex
1076 2144 1238 2187 fastidio
1265 2145 1411 2190 liberis,

84 2202 156 2243 sed
191 2210 235 2242 ut
268 2204 373 2242 solus
410 2203 522 2242 homo
554 2204 806 2255 gloriaretur,
846 2203 947 2257 quod
972 2205 1075 2242 solus
1101 2202 1238 2253 dignus
1263 2202 1411 2246 fuisset,

85 2261 150 2313 qui
175 2261 311 2312 legem
326 2274 358 2299 a
374 2261 448 2299 deo
474 2269 654 2308 sumeret,
680 2269 797 2313 utque
821 2262 960 2300 animal
987 2261 1177 2298 rationale
1193 2259 1413 2296 intellectus

84 2325 127 2356 et
151 2319 337 2357 scientiae
370 2330 494 2369 capax
523 2320 605 2370 ipsa
638 2332 787 2370 quoque
819 2314 998 2357 libertate
1031 2317 1210 2355 rationali
1237 2316 1412 2354 contine-

84 2383 212 2422 retur,
250 2376 286 2413 ei
311 2375 525 2423 subiectus,
565 2377 628 2427 qui
652 2376 874 2415 subiecerat
898 2376 955 2414 illi
981 2376 1120 2413 omnia.
1172 2373 1287 2412 Cuius
1312 2373 1412 2423 legis

69 2519 112 2592 q?
178 2512 217 2557 1)
243 2515 296 2546 Pa.
317 2516 373 2553 44,
395 2516 425 2546 2.
521 2514 560 2551 2)
584 2515 668 2545 Gen.
688 2522 762 2553 cap.
784 2516 814 2564 1.
915 2514 952 2554 3)
978 2514 1061 2545 Gen.
1082 2513 1188 2554 1326.
1282 2509 1322 2554 4)
1347 2511 1410 2542 Ed.

111 2570 198 2603 ran„
224 2561 297 2601 Rig.
324 2562 385 2592 lin
397 2560 460 2592 xit
484 2561 534 2592 ho
546 2561 706 2591 minem.
802 2560 837 2600 5)
863 2559 947 2590 Gen.
965 2560 1066 2598 2,18.
1089 2570 1101 2572 -
