1566 2808
159 179 232 216 46
421 179 548 211 ADV.
585 178 952 210 MARCIONEM
990 179 1166 211 LIBER
1201 181 1227 213 Ι.

159 274 264 323 regis
291 272 398 324 quasi
431 271 564 309 summi
589 271 737 321 magni,
769 269 877 318 vide,
910 284 958 310 ne
990 272 1064 310 iam
1096 286 1172 310 non
1197 273 1322 325 possis
1347 286 1397 313 eo
1421 274 1490 314 uti.

160 329 395 375 Rex‘enim,
434 329 507 367 etsi
543 341 726 367 summum
763 340 941 380 magnum
974 335 1033 368 est
1064 330 1102 367 in
1134 343 1202 368 suo
1241 330 1339 370 solio
1371 343 1492 384 usque

161 386 209 425 ad
236 386 366 432 deum,
405 392 533 423 tamen
558 385 659 424 infra
685 385 816 433 deum,
863 393 1106 439 comparatus
1137 395 1264 427 autem
1290 387 1339 427 ad
1365 388 1492 436 deum,

161 442 319 482 excidet
343 444 418 481 iam
445 442 492 481 de
519 455 663 481 summo
697 456 836 494 magno
868 445 1070 482 translatio
1096 445 1134 482 in
1161 444 1287 484 deum.
1351 443 1446 513 HQ,
1461 447 1496 485 si

162 504 234 548 ita,
274 498 465 553 quomodo
500 501 620 539 uteris
652 501 734 539 eius
764 501 823 539 rei
855 502 1032 554 exemplo
1065 501 1113 540 ad
1145 501 1209 549 dei
1235 496 1495 555 compens-atio-

162 572 261 606 nem,
290 571 386 610 quae
415 557 501 596 dum
527 557 576 596 ad
603 559 932 610 comparationem
958 558 1130 605 accedit,
1158 561 1370 600 amittitur?
1395 559 1495 608 Quid

163 630 281 663 nunc,
316 618 347 655 si
374 628 446 654 nec
473 616 575 654 inter
599 629 714 667 reges
746 616 984 667 plurifarium
1009 615 1133 655 videri
1155 624 1289 669 potest
1312 631 1496 657 summum

163 688 359 725 magnum,
387 672 456 712 sed
481 673 634 711 unicum
662 681 703 711 et
727 674 943 724 singulare,
976 673 1077 725 apud
1111 687 1195 712 eum
1223 675 1394 723 scilicet,
1424 675 1496 728 'qui

163 745 235 771 rex
259 744 392 783 regum
419 731 467 769 ob
489 732 742 769 summitatem
762 730 1034 782 magnitudinis
1060 739 1100 770 et
1124 732 1404 772 subiectionem
1431 745 1498 772 ce-

163 796 335 831 terorum
373 786 576 839 graduum,
617 789 724 840 quasi
762 789 911 827 culmen
950 787 1240 836 dominationis,
1280 791 1498 842 excipitur?

166 845 245 884 Sed
271 846 386 886 etiam
411 845 571 883 alterius
595 845 743 884 formae
768 859 902 897 reges,
942 847 1004 898 qui
1036 846 1251 897 singulares
1282 847 1321 885 in
1353 849 1496 886 unione

164 904 316 956 imperii
341 910 542 955 praesunt,
570 903 602 941 si
626 904 888 951 minutalibus,
915 911 957 942 ut
981 905 1036 942 ita
1061 903 1243 951 dixerim,
1270 906 1402 956 regnis
1430 918 1498 944 un-

166 961 279 1013 dique
307 962 557 999 conferantur
581 961 620 998 in
645 963 986 1009 examinationem,
1022 975 1094 1014 qua
1121 969 1291 1009 constet,
1318 963 1401 1014 quis
1428 975 1497 1002 eo-

165 1033 246 1058 rum
273 1019 489 1071 praecellat
512 1020 550 1056 in
582 1018 804 1058 substantiis
830 1026 870 1058 et
893 1020 1037 1058 viribus
1063 1021 1193 1071 regni,
1227 1020 1265 1057 in
1290 1025 1404 1058 unuin
1430 1033 1499 1059 ne-

167 1090 276 1115 cesse
298 1084 357 1115 est
376 1077 570 1115 summitas
590 1076 1084 1129 magnitudinis'eliquetur‚
1113 1077 1286 1116 omnibus
1308 1077 1498 1129 gradatim

165 1147 237 1186 per
262 1135 562 1185 comparationis
587 1137 729 1173 exitum
762 1134 810 1173 de
836 1134 1108 1186 magnitudinis
1133 1148 1279 1173 summa
1303 1136 1499 1188 expressis

167 1199 205 1229 et
231 1192 411 1230 exclusis.
445 1190 558 1229 Adeo
585 1193 657 1231 etsi
683 1193 721 1230 in
748 1191 923 1244 disperso
949 1193 1195 1231 multifarium
1220 1191 1374 1231 videtur
1399 1206 1499 1232 sum-

166 1263 265 1287 mum
292 1253 487 1301 inagnum,
527 1250 604 1288 suis
634 1251 778 1288 viribus
811 1257 850 1288 et
874 1257 1105 1288 sua‘natura
1130 1257 1170 1289 et
1190 1263 1263 1288 suo
1289 1257 1391 1289 statu
1415 1251 1501 1289 uni-

168 1321 252 1346 cum
279 1314 349 1345 est.
412 1306 580 1345 Proinde
613 1307 799 1346 cum-duo
826 1308 879 1346 dii
906 1308 1176 1355 conferuntur,
1215 1315 1257 1346 ut
1282 1307 1356 1347 duo
1383 1319 1500 1360 reges

168 1373 207 1404 et
244 1364 319 1403 duo
357 1378 501 1403 summa
538 1378 694 1416 magna,
734 1366 772 1403 in
809 1366 970 1403 alterum
1011 1365 1204 1404 concedat
1241 1379 1402 1406 necesse
1441 1371 1502 1404 est

168 1423 257 1462 unio
285 1423 418 1460 summi
439 1423 640 1473 magnisex
665 1424 856 1461 sententia
884 1423 1197 1474 comparationis,
1226 1436 1299 1474 qua
1318 1436 1501 1462 summum

166 1481 332 1519 victori-a
358 1493 423 1519 sua
452 1487 621 1527 constat,
657 1487 837 1532 superato
870 1481 1022 1518 aemulo
1049 1481 1126 1518 alio
1152 1493 1310 1531 magno,
1338 1494 1416 1519 non
1442 1488 1502 1519 ta-

168 1551 254 1577 men
281 1552 444 1586 summo3
478 1545 593 1590 atque
619 1551 669 1577 ex
695 1538 917 1577 defectione
944 1539 1083 1576 aemuli
1109 1537 1355 1577 solitudinem
1382 1545 1502 1591 quan-

140 1595 254 1634 -dam
288 1595 336 1635 de
370 1596 638 1647 singularitate
666 1597 931 1648 ‘praestantiae
964 1606 1055 1634 suae
1088 1594 1309 1647 possidenS,
1347 1597 1502 1635 unicum
1518 1643 1527 1649 Γ,

169 1661 240 1692 est.
303 1653 565 1693 Ineluctabilis
603 1655 676 1693 iste
716 1654 938 1706 complexus
975 1654 1013 1691 in
1045 1654 1118 1692 boe
1148 1654 1380 1692 sententiam
1407 1667 1502 1692 con-

169 1713 341 1762 stringit,
368 1719 434 1750 aut
460 1711 693 1762 negandum,
722 1710 833 1749 deum
861 1715 946 1749 e‘sse
973 1724 1153 1750 summum
1180 1724 1371 1763 magnum,
1400 1710 1502 1763 quod

169 1782 281 1807 nemo
307 1771 478 1822 patietur
503 1771 675 1821 sapiens,
703 1776 768 1807 aut
793 1769 891 1807 nulli
911 1770 976 1807 alii
1004 1767 1372 1807 communicandum·

286 1831 324 1868 5.
385 1827 465 1866 Aut
502 1839 598 1879 quae
636 1829 735 1866 ratio
775 1826 849 1865 duo
895 1840 1038 1865 summa
1081 1839 1219 1878 magna
1263 1827 1505 1878 composuit?

170 1884 297 1922 Primo
325 1885 424 1922 enim
451 1886 621 1936 exigam,
662 1899 731 1923 cur
756 1898 831 1922 non
857 1885 985 1935 plura,
1024 1884 1056 1923 si
1083 1883 1176 1931 duo,
1217 1882 1367 1936 quando
1394 1884 1503 1922 locu-

170 1942 374 1994 pletiorem
401 1949 602 1993 oporteret
628 1941 736 1980 credi
762 1942 1011 1979 substantiam
1038 1936 1259 1988 divinitatis,
1286 1942 1318 1979 si
1345 1953 1503 1993 compe-

172 2006 275 2037 teret
299 2001 335 2038 ei
362 2012 552 2037 numerus.
615 1998 826 2037 Honestior
857 2005 896 2036 et
929 1999 1129 2037 liberalior
1152 1998 1400 2045 Valentinus,
1440 1999 1503 2050 qui

170 2058 281 2095 simul
301 2070 414 2096 ausus
434 2064 493 2096 est
514 2056 609 2095 duos
631 2057 853 2108 concipere,
880 2055 1034 2107 Bython
1061 2055 1254 2107 et-Sigen,
1283 2056 1413 2104 cum1)
1440 2069 1503 2095 us-

172 2128 244 2167 que
283 2114 331 2153 ad
356 2114 469 2153 XXX
505 2127 666 2158 aeonum
703 2115 824 2162 fetus,
862 2119 1040 2165 tanquam
1071 2113 1247 2152 Aeneiae
1261 2115 1298 2163 2)
1333 2114 1501 2160 scrofae,

172 2182 333 2211 examen
360 2172 569 2211 divinitatis
595 2170 742 2211 effudit.
805 2170 1064 2224 Quaecunque
1090 2172 1190 2210 ratio
1222 2171 1334 2224 plura
1359 2175 1517 2210 summa

172 2243 310 2282 magna
342 2243 418 2268 non
443 2231 588 2282 patitur
612 2229 780 2277 admitti,
819 2227 954 2268 eadem
988 2243 1060 2268 nec
1094 2229 1169 2268 duo
1208 2236 1249 2267 ut
1278 2230 1362 2282 ipsa
1391 2229 1503 2281 plura

172 2295 262 2341 post
297 2300 429 2338 unum,
468 2295 556 2340 post
586 2301 699 2326 unum
732 2288 851 2335 enim,
890 2300 1080 2326 numerus.
1144 2287 1250 2335 Quae
1274 2286 1400 2344 potuit
1425 2285 1500 2325 duo

173 2345 390 2394 admittere,
417 2345 552 2385 eadem
576 2347 702 2399 potuit
726 2353 766 2384 et
790 2346 918 2398 plura,
945 2352 1033 2398 post
1058 2345 1133 2385 duo
1160 2346 1260 2411 enim
1286 2340 1499 2390 multitudo,

270 2451 305 2491 1)
331 2450 437 2483 Rhcn.
458 2450 643 2490 Bythiun
669 2454 708 2482 et
735 2451 980 2490 Sigeneum:
1015 2440 1242 2490 ιιεᾳιιατΐᾶῗῡ·
1340 2448 1500 2490 2)Rhen.

177 2498 229 2529 ed.
244 2498 267 2527 1.
290 2497 526 2539 Aeoneiae;
554 2497 629 2528 alii:
655 2498 855 2528 Aeoniae.
904 2497 984 2528 Cod.
998 2497 1162 2529 Pithoeit‘
1177 2495 1403 2527 nenneiae.
1430 2495 1501 2526 De-

174 2547 354 2582 pravatum
379 2553 503 2574 nomen
529 2547 625 2574 recte
646 2543 800 2575 correxit
821 2544 894 2583 Rig.
909 2543 1122 2582 mutavitque
1142 2542 1194 2573 in:
1220 2541 1416 2580 Aeneiae.
1446 2541 1497 2572 Cf.

174 2590 267 2629 Virg.
283 2591 366 2620 Aen.
381 2592 412 2630 8,
428 2591 470 2620 43
487 2599 556 2632 sqq.
