1624 2826
16 463 20 467 .
0 384 17 423 &qvi-
2 355 17 371 πί,
0 0 33 338 ,ψηγνπςζνᾚνίηᾲδᾶῳκ

82 305 93 309 ι

422 171 546 202 Anv.
581 169 949 202 MARCIONEM
985 169 1159 200 LIBER
1195 169 1235 200 V.
1388 167 1496 203 8⁰3

174 264 262 302 cion
294 261 342 302 de
374 262 496 315 gradu
527 262 659 310 cedat,
706 262 817 302 deum
849 275 1000 315 quoque
1032 275 1136 301 snum
1169 262 1323 300 zeloten
1354 274 1498 300 conce-

173 320 299 368 dens,)
326 322 410 373 quis
435 320 587 372 dignius
614 322 827 359 irascetur?
853 321 962 367 Puto,
990 321 1053 372 qui
1077 333 1099 358 a
1132 318 1343 371 primordio
1371 332 1497 358 rerum

171 385 344 417 naturam
370 379 563 431 operibus,
590 379 803 425 beneficiis,
832 379 966 430 plagis,
993 377 1321 430 praedicationum
1339 376 1498 415 testibus

171 434 221 474 ad
250 437 487 487 agnitionem
513 438 570 475 sui
601 438 854 488 praestruxit,
887 449 960 474 nec
995 442 1119 474 tamen
1151 436 1303 486 agnitus
1329 442 1406 482 est3
1450 447 1498 473 an

171 493 234 546 qui
258 494 376 533 semel
403 495 562 543 unico¹)
590 495 782 544 evangelii
807 497 1060 532 instrumento
1086 501 1127 532 et
1151 494 1234 545 ipso
1261 494 1411 530 incerto
1426 505 1498 530 uec

169 551 294 603 palam
320 552 434 590 alium
460 551 572 591 deum
597 551 848 604 praedicante
875 551 1084 603 productus
1109 553 1199 589 est?
1224 550 1279 588 lta
1307 551 1368 588 cui
1394 564 1499 588 com-

169 609 267 660 petit
290 608 479 655 vindicta,
518 611 554 648 ei
582 617 777 661 competet
800 611 961 648 materia
990 608 1204 654 vindictae,
1244 608 1497 658 evangelium,

169 665 278 712 dico,
316 666 357 705 'et
378 668 523 705 veritas
548 675 587 706 et
611 668 724 705 salus.
788 667 925 705 Iubere
957 674 1084 704 autem
1110 667 1266 717 operari
1290 678 1396 711 eum,
1434 666 1498 715 qui

168 724 262 761 velit
285 723 589 771 manducare,²)
630 725 712 762 eius
743 723 945 775 disciplina
976 731 1059 770 est,
1099 724 1160 779 qui
1187 722 1276 760 bovi
1303 723 1498 760 trituranti

169 793 212 818 os
237 780 397 819 liberum
428 782 548 820 iussit.
557 783 595 829 ³)

407 886 472 911 DE
510 887 770 916 nrtsroba
806 887 865 912 AD
904 886 1258 912 bAontcENos.

295 957 361 996 17.
423 953 626 993 Ecclesiae
665 954 816 1007 quidem
852 956 1017 993 veritate
1055 954 1283 1006 epistolam„
1298 954 1407 991 istam
1447 968 1494 991 An

166 1024 345 1050 arnnslos
375 1011 559 1051 habemus
590 1014 785 1060 emissam,
823 1027 900 1050 non
931 1027 979 1051 ,m
1006 1025 1259 1058 LAomcssNos‚
1298 1010 1366 1049 sed
1391 1011 1496 1049 Mar-

168 1070 255 1107 ci'on
293 1070 330 1108 ei
366 1070 516 1108 titulum
553 1070 760 1122 aliquando
793 1071 1031 1123 interpolare
1064 1071 1220 1121 gestiit,
1260 1070 1366 1120 quasi
1393 1075 1433 1107 et
1458 1070 1495 1106 in

165 1126 243 1164 isto
274 1125 588 1177 diligentissimus
620 1129 860 1180 explorator.
924 1127 1030 1165 Nihil
1056 1134 1181 1165 autem
1215 1125 1263 1164 de
1291 1126 1411 1163 titulis
1438 1127 1495 1163 in-

167 1189 312 1229 terest,
353 1197 436 1222 cum
469 1183 517 1222 ad
550 1198 681 1223 omnes
707 1186 904 1237 apostolus
929 1186 1153 1236 scripserit,
1192 1182 1278 1221 dum
1305 1182 1354 1221 ad
1380 1196 1494 1235 quos-

167 1240 272 1289 dam3
312 1249 419 1280 certe
446 1249 597 1289 tamen,
636 1256 720 1281 eum
748 1243 859 1281 deum
893 1241 1123 1293 praedicans
1148 1243 1186 1279 in
1213 1240 1393 1287 Christo,
1433 1242 1494 1279 cui

167 1307 399 1352 competunt,
428 1313 524 1352 quae
549 1299 834 1351 praedicantur.
879 1300 950 1338 Cui
974 1313 1071 1351 ergo
1097 1306 1332 1350 competent,
1357 1311 1494 1337 secun-

166 1355 252 1395 dum
277 1356 369 1396 honi
394 1358 734 1404 existimationem,
774 1371 884 1409 quam
916 1357 1161 1410 proposuerit
1186 1357 1223 1394 in
1250 1363 1492 1394 sacramento

164 1414 371 1472 voluntatis
396 1428 507 1462 suae,
539 1416 577 1453 in
604 1415 928 1468 dispensationem
955 1414 1239 1466 adimpletionis
1267 1420 1491 1464 temporum,

162 1479 206 1510 ut
229 1472 282 1511 ita
307 1471 483 1519 dixerim,
510 1473 610 1511 sicut
634 1473 791 1512 verbum
818 1471 909 1511 illud
938 1474 975 1511 in
1002 1470 1158 1510 Graeco
1183 1478 1307 1517 sonat,
1341 1473 1493 1522 recapi-

161 1529 311 1577 tulare,
350 1529 389 1569 id
420 1538 479 1569 est
509 1529 558 1569 ad
590 1531 737 1569 initium
763 1530 945 1582 redigere
970 1531 1032 1569 vel
1057 1530 1105 1568 ab
1132 1530 1241 1567 initio
1267 1541 1490 1573 recensere,

163 1588 289 1626 omnia
326 1589 363 1626 in
397 1587 613 1635 Christum,
654 1602 751 1641 quae
790 1590 829 1627 in
867 1589 989 1627 coelis
1021 1595 1061 1626 et
1099 1600 1196 1639 quae
1228 1588 1266 1624 in
1300 1587 1491 1634 tei-risz4)

162 1645 234 1684 nisi
260 1646 367 1684 cuius
393 1647 518 1684 omnia
544 1653 657 1684 erunt
681 1647 728 1685 ab
754 1648 877 1691 initio,
904 1647 1019 1684 etiam
1046 1646 1166 1697 ipsum
1192 1644 1353 1690 initium,
1380 1657 1490 1694 aquo

162 1708 203 1739 et
237 1708 413 1755 tempora
449 1711 489 1741 et
524 1703 1094 1755 temporumeadimpletiones,
1132 1701 1396 1753 dispensatio,
1442 1701 1490 1738 ob

162 1771 272 1810 quam
311 1761 437 1797 omnia
474 1759 522 1797 ad
547 1761 694 1799 initium
727 1767 983 1799 recensentur
1021 1761 1058 1812 iu
1090 1759 1271 1796 Christo?
1318 1758 1491 1796 Alterius

162 1823 289 1855 autem
315 1815 377 1865 dei
404 1815 505 1868 quod
531 1818 699 1863 initium,
732 1817 770 1855 id
797 1824 868 1864 est,
895 1816 1021 1855 unde?
1069 1817 1177 1855 cuius
1203 1829 1299 1867 opus
1325 1816 1491 1854 nullum?

160 1887 257 1925 quae
283 1882 458 1926 tempora
484 1876 565 1912 siue
590 1875 726 1912 initio?
751 1888 849 1927 quae
875 1873 1100 1926 adimpletio
1126 1875 1209 1912 sine
1229 1873 1491 1925 temporibus?

159 1944 257 1983 quae
283 1931 518 1984 dispensatio
546 1933 628 1970 sine
655 1931 955 1984 adimpletione?
1001 1931 1168 1984 denique
1193 1930 1282 1983 quid
1308 1932 1347 1969 in
1372 1932 1488 1969 terris

158 1990 239 2041 egit
269 1990 344 2028 iam
376 1991 490 2036 olim,
530 1997 571 2028 ut
603 1990 718 2042 longa
754 1991 881 2043 aliqua
915 1997 1126 2042 temporum
1157 1988 1488 2042 adimplendorum

158 2045 395 2101 dispensatio
440 2054 664 2099 reputetur,
714 2047 763 2087 ad
799 2047 1204 2087 recensenda‘omnia
1241 2049 1279 2085 in
1319 2046 1486 2092 Christo,

157 2106 271 2144 etiam
304 2118 401 2158 quae
433 2106 471 2143 in
510 2106 656 2144 coelis?
714 2105 798 2145 Nec
823 2107 861 2144 in
895 2106 1019 2144 coelis
1041 2112 1167 2144 autem
1193 2118 1257 2143 res
1281 2105 1329 2143 ab
1361 2105 1485 2143 altero

155 2168 263 2202 actas
289 2163 613 2211 existimabimus,
653 2172 901 2216 quaecunque
927 2171 1032 2210 sunt,
1065 2176 1174 2215 quam
1201 2163 1248 2201 ab
1274 2175 1336 2208 eo,
1363 2175 1386 2200 a
1411 2175 1484 2212 quo

155 2227 194 2258 et
229 2221 268 2259 in
298 2222 415 2259 terris
446 2228 534 2259 acta
565 2219 737 2260 omnibus
762 2228 925 2261 constat.
987 2221 1132 2270 Quodsi
1158 2234 1233 2258 non
1261 2220 1365 2271 capit
1387 2219 1486 2256 altc-

153 2279 232 2317 rius
258 2280 383 2317 onmia
408 2280 481 2317 ista
507 2278 683 2331 deputari
708 2279 755 2318 ab
781 2281 905 2328 initio,
933 2293 1043 2331 quam
1069 2278 1271 2323 creatoris,
1299 2279 1382 2329 quis
1397 2289 1482 2314 cre-

153 2335 236 2383 det,
274 2337 321 2374 ab
348 2337 424 2374 alio
451 2350 497 2375 ea
523 2338 719 2375 recenseri
745 2338 784 2375 in
811 2337 1000 2376 Christum
1027 2337 1160 2382 alium,
1194 2342 1234 2374 et
1258 2348 1333 2373 non
1364 2347 1386 2372 a
1411 2347 1480 2372 suo

152 2400 311 2433 auctore
338 2394 438 2432 etin
471 2407 576 2433 suum
610 2395 826 2433 Christum?
885 2393 927 2433 Si
959 2395 1149 2434 creatoris
1180 2400 1290 2439 suut,
1328 2391 1481 2431 diversa

242 2533 278 2575 1)
302 2535 385 2566 Cod.
412 2536 568 2566 ss'oum:
602 2543 677 2566 nec
704 2533 777 2573 qui
802 2535 934 2565 semel
960 2535 1079 2566 unito
1104 2543 1161 2565 ev.
1252 2516 1296 2573 ⁷2)
1321 2533 1342 2563 2
1360 2533 1480 2563 Thess.

151 2581 246 2619 3‚1o.
342 2582 378 2621 a)
405 2582 507 2613 nent.
522 2582 575 2621 25,
591 2582 620 2610 4.
719 2579 759 2622 4).
787 2580 1031 2620 Eph.1,9.10.
