1604 2800
132 180 241 218 164
358 178 431 210 DE
468 172 981 207 RESURRECTIONE
1019 173 1246 205 cAans.

133 274 241 312 annis
266 269 449 310 indetrita
475 275 515 306 et
540 266 758 305 inobsoleta
785 273 1022 315 manserunt3
1043 266 1083 317 1)
1116 262 1218 319 quod
1243 271 1284 303 et
1307 265 1345 304 in
1370 265 1464 318 ipsis

135 329 362 381 corporibus
399 326 579 376 unguium
618 331 658 363 et
695 324 920 376 capillorum
959 324 1090 362 facilia
1125 328 1323 362 crementa
1354 322 1466 362 habi-

133 387 250 426 litatis
277 392 316 424 et
341 383 540 435 dignitatis
567 383 713 421 iustitia
739 381 889 430 defixit,
923 394 971 420 ne
997 382 1112 420 etiam
1139 380 1349 419 enormitas
1376 392 1466 419 cor-

134 443 307 496 ruptelae
338 441 610 493 deputaretur3
650 438 751 492 quod
783 439 1130 492 Babylonii’ignes
1161 438 1274 476 trium
1306 438 1468 476 Fratrum

134 515 205 540 nec
237 501 355 538 tiaras
387 512 459 537 nec
486 498 687 545 sarabara,
727 510 951 550 quamquam
978 496 1132 535 Iudaeis
1157 496 1303 543 atiena,
1342 495 1470 534 laese-

134 565 239 606 runt,
259 559 297 606 2)
327 555 427 609 quod
455 555 567 594 Ionas
594 555 801 595 devoratus
826 569 849 594 a
874 555 1003 594 bellua
1027 555 1156 600 maris,
1182 554 1220 591 in
1247 553 1354 591 cuius
1380 553 1468 592 alvo

134 616 335 666 naufragia
362 614 657 666 digerebantur,
695 612 824 651 triduo
850 620 939 665 post
963 612 1164 651 incolumis
1190 607 1408 663 exspuitur3
1429 610 1468 660 ³)

136 672 238 726 quod
273 671 390 712 hodie
423 671 558 710 Enoch
578 674 615 720 ⁴)
655 678 696 710 et
727 670 877 718 Helias,
898 672 935 720 5)
975 669 1142 721 noudum
1179 669 1470 708 resurrectione

136 731 346 784 dispuncti,
375 730 462 782 quia
489 742 560 768 nec
587 736 710 768 morte
736 729 869 775 functi,
898 741 968 780 qua
999 735 1124 766 tamen
1150 726 1198 766 de
1225 725 1320 765 orbe
1346 732 1472 765 trans-

136 790 204 828 lati
230 795 269 828 et
293 788 367 826 hoc
395 788 479 839 ipso
505 788 579 825 iam
605 787 847 826 aeternitatis
874 785 1082 833 candidati,
1109 785 1157 824 ab
1184 784 1286 823 omni
1311 784 1404 822 vitio
1431 789 1473 822 et

138 847 186 886 ab
220 846 322 884 omni
354 843 491 883 damno
525 852 565 883 et
596 844 643 883 ab
678 845 779 882 omni
806 844 943 881 iniuria
970 850 1009 882 et
1035 842 1269 881 contumelia
1293 841 1470 880 immuni-

137 911 256 943 tatem
294 904 421 942 carnis
460 900 655 941 ediscunt:
695 902 843 940 cuinam
882 899 972 939 fidei
1009 899 1266 938 testimonium
1304 899 1471 950 signant,

138 962 211 1001 nisi
238 974 311 1013 qua
337 959 446 999 credi
474 967 642 1012 oportet,
670 958 768 997 haec
794 959 947 997 futurae
974 958 1208 1010 integritatis
1233 969 1320 996 esse
1348 954 1471 994 docu-

139 1021 294 1058 menta?
341 1016 506 1069 Figurae
551 1018 652 1056 enim
697 1024 852 1055 nostrae
891 1016 1047 1054 fuerunt
1083 1015 1260 1067 apostolo
1299 1019 1475 1060 auctore,

142 1089 238 1130 quae
276 1076 420 1127 scripta
459 1082 565 1122 sunt,
605 1081 645 1113 ut
681 1082 721 1113 et
758 1073 948 1112 dominum
981 1073 1241 1125 potentiorem
1275 1069 1478 1110 credamus

143 1135 244 1173 omni
271 1147 475 1185 corporum
503 1134 603 1184 lege,
631 1140 670 1171 et
696 1133 823 1170 carnis
849 1132 970 1182 magis
995 1132 1125 1183 utique
1147 1135 1476 1175 conservatorem,

148 1193 395 1241 cuiusbetiam
423 1191 662 1237 vestimenta,
691 1191 806 1229 etiam
834 1189 1100 1227 calceamenta
1125 1186 1354 1240 protexit.⁶)

261 1252 328 1291 59.
364 1248 442 1288 Sed
477 1250 662 1296 futurum,
701 1248 844 1299 inquis,
883 1260 1017 1286 aevum
1044 1246 1203 1285 alterius
1229 1251 1289 1284 est
1313 1243 1478 1297 disposi-

145 1308 261 1345 tionis
288 1314 326 1345 et
353 1314 558 1354 aeternae,
592 1307 710 1357 igitur
735 1306 844 1344 huius
870 1306 955 1344 aevi
982 1303 1231 1343 substantiam
1250 1315 1325 1341 non
1349 1308 1478 1340 aeter-

146 1377 233 1402 nam
259 1363 412 1401 diversa
436 1363 639 1414 possidere
668 1377 745 1401 non
772 1376 900 1415 posse.
963 1362 1096 1409 Plane,
1123 1361 1155 1399 si
1179 1360 1294 1400 homo
1319 1365 1482 1412 propter

149 1420 439 1471 dispositionem
471 1421 657 1466 futuram,
692 1428 732 1458 et
756 1434 833 1458 non
859 1419 1060 1472 dispositio
1086 1426 1248 1471 propter
1271 1417 1478 1456 hominem.

150 1476 230 1515 Sed
267 1477 367 1514 enim
402 1477 600 1527 apostolus
633 1477 828 1514 scribens:
874 1479 953 1515 sive
986 1476 1146 1516 mundus
1177 1477 1258 1515 sive
1289 1476 1370 1514 vita
1401 1475 1482 1512 sive

150 1546 253 1572 mors
278 1534 358 1571 sive
383 1533 511 1571 futura
536 1533 616 1571 sive
643 1533 880 1584 praesentia,
909 1534 1035 1571 omnia
1060 1541 1188 1571 vestra
1214 1532 1363 1583 sunt,⁷)
1395 1543 1484 1570 eos-

152 1590 238 1629 dem
265 1591 464 1628 constituit
487 1588 678 1628 haeredes
704 1590 819 1628 etiam
838 1590 1065 1627 futurorum.
1104 1588 1210 1626 Nihil
1231 1588 1300 1626 tibi
1320 1589 1486 1638 largitur

153 1647 305 1695 Esaias,
333 1646 487 1685 dicens:
520 1649 643 1685 omnis
669 1660 761 1685 caro
787 1647 1003 1696 foenum.⁸)
1053 1645 1104 1684 Et
1128 1645 1239 1684 alibi:
1273 1651 1313 1683 et
1337 1643 1486 1683 videbit

153 1706 273 1743 omnis
306 1718 398 1744 caro
431 1705 598 1743 salutare
631 1703 833 1753 domium)
894 1703 1031 1741 Exitus
1063 1715 1140 1741 non
1166 1701 1399 1740 substantias
1425 1699 1486 1739 di-

153 1762 297 1801 stinxit.
360 1761 451 1809 Quis
490 1762 589 1800 enim
626 1760 809 1800 iudicium
847 1759 910 1799 dei
942 1773 1019 1798 non
1049 1761 1088 1798 in
1119 1759 1311 1798 sententia
1342 1757 1486 1811 duplici

154 1820 287 1858 statuit
311 1819 444 1857 salutis
471 1826 510 1858 et
535 1821 713 1871 poenae?
762 1817 892 1856 Omnis
916 1818 1036 1869 igitur
1061 1830 1154 1856 caro
1180 1817 1354 1863 foenum,
1383 1827 1480 1868 quac

155 1878 234 1928 igni
261 1875 487 1924 destinatur,
515 1884 556 1915 et
582 1877 703 1914 omnis
730 1889 822 1915 caro
848 1874 997 1915 videbit
1013 1875 1182 1914 salutare
1202 1873 1359 1921 domini,
1388 1886 1485 1925 quae

156 1934 268 1972 saluti
302 1933 513 1973 ordinatur.
575 1933 661 1986 Ego
693 1934 869 1972 me·scio
896 1946 1020 1986 neque
1047 1933 1123 1971 alia
1149 1944 1267 1970 carne
1293 1929 1485 1970 adulteria

157 1991 414 2039 commisisse,
452 2004 576 2044 neque
609 2005 708 2030 nunc
740 1991 816 2030 alia
848 2004 964 2030 carne
997 1989 1046 2029 ad
1072 1990 1350 2030 continentiam
1377 1987 1485 2027 eniti.

160 2045 202 2085 Si
235 2049 318 2099 quis
351 2056 410 2088 est
438 2048 530 2087 bina
559 2047 739 2101 pudenda
764 2049 1060 2104 circumferam,
1099 2054 1228 2100 potest
1253 2046 1327 2084 iam
1353 2052 1394 2084 et
1418 2043 1488 2083 de-

159 2117 264 2143 mere
301 2105 455 2144 foenum
493 2108 619 2147 carnis
656 2105 892 2154 immundae,
931 2114 972 2145 et
1007 2106 1127 2144 solam
1165 2103 1237 2142 sibi
1268 2114 1485 2149 reservare,

161 2174 256 2214 quae
287 2163 415 2202 visura
446 2164 496 2202 sit
521 2163 664 2203 domini
689 2164 871 2203 salutare.
933 2162 1013 2203 Sed
1040 2176 1123 2202 cum
1149 2161 1250 2200 idem
1276 2160 1486 2213 prophetes

160 2220 275 2258 etiam
307 2222 486 2259 nationes
519 2221 699 2261 ostendat
729 2235 828 2261 nunc
861 2220 1064 2274 deputatas
1096 2220 1201 2258 velut
1225 2219 1422 2271 pulverem
1447 2218 1488 2256 et

161 2277 336 2325 salivam,
353 2279 418 2326 ¹⁰)
457 2292 556 2318 nunc
589 2286 810 2332 speraturas
843 2286 884 2318 et
914 2277 1129 2317 credituras
1155 2278 1193 2315 in
1219 2288 1358 2315 nomeu
1384 2282 1424 2314 et
1448 2275 1494 2314 in?

161 2333 359 2374 brachium
393 2335 635 2387 domini‚11)
676 2335 857 2389 numquid
895 2343 935 2375 et
965 2335 1013 2374 de
1046 2334 1265 2374 nationibus
1297 2333 1489 2372 fallimur?

255 2483 293 2524 1)
321 2484 420 2515 Deut.
437 2487 488 2524 29,
506 2488 535 2515 5.
630 2482 667 2525 2)
694 2487 779 2516 Dan.
795 2487 826 2522 3,
843 2488 896 2516 27.
969 2486 1005 2524 3)
1031 2487 1103 2517 lon.
1119 2486 1150 2524 2,
1166 2486 1184 2515 1
1201 2494 1272 2523 sqq.
1343 2483 1381 2522 4)
1401 2481 1486 2513 Gen.

166 2529 196 2565 5,
212 2528 265 2557 24.
363 2528 398 2569 5)
424 2532 443 2561 2
459 2532 537 2569 neg.
553 2532 582 2569 2,
600 2532 655 2562 11.
733 2533 769 2570 o)
795 2533 897 2563 Deut.
914 2533 968 2570 29,
986 2534 1016 2563 5.
1089 2532 1124 2569 τ)
1151 2532 1169 2560 1
1183 2531 1259 2561 cor.
1274 2530 1305 2569 a,
1320 2529 1374 2558 22·
1446 2525 1484 2570 8)

164 2573 226 2603 les.
242 2574 295 2612 40,
309 2575 339 2605 7.
436 2574 471 2613 9)
498 2577 540 2606 it».
556 2586 584 2608 v.
601 2579 630 2608 5.
728 2576 784 2618 ιο)
808 2578 851 2609 ih.
867 2587 897 2610 v.
912 2579 965 2609 15.
983 2578 1035 2607 17.
1130 2577 1189 2617 11)
1215 2573 1393 2615 1e-.42‚4.
