1604 2800
173 185 247 222 06
539 185 612 216 DE
648 184 842 216 CARNE
880 184 1132 216 CHRISTI.

174 279 269 328 Quid
298 280 397 317 enim
425 277 618 329 indignius
644 276 738 325 deo,
777 276 866 329 quid
890 277 1012 328 magis
1037 273 1363 322 erubescendum,
1395 278 1502 315 nasci

172 351 218 375 an
244 338 360 384 mori,
396 349 549 375 carnem
577 343 732 387 gestare
758 348 807 374 an
833 348 1007 381 crucem,
1042 332 1267 373 circumcidi
1293 345 1340 372 an
1367 333 1501 386 suffigi,

172 394 330 433 educari
357 408 403 433 an
431 394 608 446 sepeliri,
635 395 672 432 in
699 406 888 446 praesepe
914 392 1055 444 deponi
1082 405 1128 430 an
1156 392 1194 429 in
1220 398 1502 430 monumentum

171 451 356 491 recondi?
415 452 639 504 Sapientior
664 452 753 497 eris,
780 452 812 489 si
837 463 909 490 nee
935 451 1009 488 ista
1035 448 1264 489 credideris.
1322 447 1401 488 Sed
1426 462 1502 488 non

170 512 247 549 eris
273 511 445 562 sapiens,
475 511 546 548 nisi
573 510 709 548 stultus
735 509 868 548 seculo
896 509 1029 554 fueris,
1057 506 1120 546 dei
1146 507 1261 546 stulta
1289 505 1500 546 credendo.

168 568 228 606 An
256 567 344 606 ideo
371 569 572 620 passiones
598 581 621 605 a
649 567 802 606 Christo
830 580 906 605 non
933 564 1146 612 rescidisti,
1180 566 1267 617 quia
1304 572 1347 604 ut
1384 565 1503 618 phan-

170 633 288 664 tasma
314 627 478 665 vacabat
505 639 527 663 a
552 638 665 663 sensu
692 627 848 663 earum?
908 623 1079 662 Diximus
1110 630 1218 662 retro
1249 636 1372 676 aeque
1399 623 1502 662 illum

169 690 208 721 et
233 684 442 722 nativitatis
469 691 509 722 et
534 684 718 721 infantiae
739 683 964 734 imaginaria
982 689 1021 721 et
1039 694 1160 720 vacua
1182 680 1345 719 ludibria
1372 681 1501 720 subire

169 742 352 792 potuisse.
428 740 506 779 Sed
545 741 617 778 iam
661 741 724 778 hic
768 739 981 791 responde,
1033 740 1265 778 interfector
1311 739 1500 778 veritatis.

169 796 308 835 Nonne
344 811 436 836 vere
477 797 683 836 crucifixus
721 804 780 835 est
817 796 937 835 deus?
973 810 1099 834 nonne
1129 809 1223 835 vere
1255 804 1427 835 mortuus
1463 803 1503 835 et

167 867 259 893 vere
295 855 526 893 crucifixus?
563 867 689 892 nonne
721 866 814 892 vere
845 855 1114 900 resuscitatus,
1153 860 1195 891 ut
1224 867 1318 892 vere
1350 854 1500 892 scilicet

167 914 364 950 mortuus?
424 911 535 950 Falso
562 924 658 962 ergo
679 913 716 961 ¹)
743 911 876 949 statuit
907 911 1009 949 inter
1039 924 1108 949 nos
1142 924 1182 949 se
1203 911 1240 959 2)
1273 911 1375 950 scire
1402 910 1500 949 Pau·—

168 970 224 1007 lus
250 976 392 1008 tantum
414 970 451 1018 ³)
481 970 723 1015 crucifixum,
756 969 854 1007 falso
881 969 1067 1020 sepultum
1095 969 1274 1019 ingessit,
1313 969 1411 1006 falso
1432 981 1501 1007 ‘re-

167 1028 388 1065 suscitatum
416 1027 636 1065 inculcavit.
698 1026 810 1065 Falsa
841 1032 900 1064 est
930 1027 1048 1076 igitur
1078 1033 1118 1064 et
1149 1025 1245 1063 fides
1276 1032 1427 1072 nostra,
1460 1033 1501 1064 et

166 1084 389 1135 phantasma
415 1092 474 1123 est
500 1091 632 1130 totum,
661 1083 760 1136 quod
788 1096 985 1135 speramus
1010 1096 1033 1121 a
1059 1083 1228 1121 Christo.
1292 1081 1498 1122 Scelestis-

165 1143 257 1180 sime
283 1143 496 1189 hominum,
524 1144 586 1194 qui
612 1143 911 1194 interemptores
937 1154 1100 1180 excusas
1127 1140 1203 1181 dei.
1264 1139 1371 1180 Nihil
1397 1142 1496 1180 enim

166 1199 212 1237 ab
239 1200 295 1238 eis
321 1213 454 1252 passus
481 1207 539 1238 est
566 1199 760 1247 Christus,
787 1200 817 1237 si
846 1199 937 1244 nihil
963 1211 1056 1237 vere
1083 1205 1142 1237 est
1166 1211 1311 1250 passus.
1373 1198 1497 1238 Parce

166 1258 303 1295 unicae
341 1259 423 1309 spei
463 1259 580 1296 totius
617 1258 740 1303 orbis,
781 1258 843 1309 qui
882 1255 1049 1295 destruis
1086 1257 1347 1295 necessarium
1378 1255 1497 1296 decus

167 1313 269 1352 fidei.
333 1314 596 1366 Quodcunque
623 1314 697 1353 deo
724 1314 919 1365 indignum
946 1321 1024 1361 est,
1057 1315 1147 1352 mihi
1180 1312 1350 1366 expedit.
1411 1313 1497 1353 Sal-

165 1384 232 1409 vus
258 1384 356 1417 sum,
384 1373 415 1409 si
442 1385 518 1409 non
545 1367 834 1410 confundar'de
861 1371 1016 1410 domino
1043 1385 1145 1410 meo.
1210 1371 1280 1420 Qui
1307 1373 1400 1419 mei,
1439 1373 1497 1410 in-

167 1429 258 1478 quit,
287 1429 468 1466 confusus
494 1429 629 1475 fuerit,
658 1428 873 1466 confundar
898 1435 938 1467 et
962 1441 1036 1479 ego
1064 1431 1158 1467 eius.
1178 1430 1217 1478 ⁴)
1278 1428 1389 1468 Alias
1420 1442 1495 1468 non

166 1486 318 1523 invenio
346 1486 526 1523 materias
553 1486 807 1531 confusionis,
842 1498 939 1537 quae
966 1498 1025 1523 me
1053 1499 1123 1537 per
1148 1493 1405 1538 contemptum
1433 1498 1499 1526 ru·

164 1542 270 1580 boris
308 1542 475 1593 probent
505 1542 605 1581 bene
638 1541 894 1594 impudentem
927 1549 967 1580 et
991 1543 1163 1581 feliciter
1187 1544 1353 1581 stultum.
1415 1544 1497 1583 Na-

166 1606 225 1637 tus
239 1600 274 1646 ⁵)
292 1607 351 1638 est
376 1599 438 1638 dei
467 1600 583 1649 filius3
611 1614 687 1638 non
712 1599 843 1653 pudet,
871 1601 959 1652 quia
984 1599 1200 1652 pudendum
1228 1607 1306 1638 estz
1333 1607 1374 1639 et
1393 1614 1493 1640 mor—

164 1663 249 1694 tuus
274 1664 333 1695 est
359 1656 420 1696 dei
450 1658 565 1706 lilius3
605 1671 763 1710 prorsus
790 1657 977 1696 credibile
1003 1665 1080 1704 est,
1108 1659 1195 1709 quia
1221 1659 1389 1710 ineptum
1417 1666 1495 1698 est:

164 1721 202 1751 et
234 1715 403 1766 sepultus
436 1717 667 1763 resurrexit;
702 1722 847 1754 certum
875 1722 950 1762 est,
986 1717 1074 1767 quia
1105 1715 1354 1767 impossibile.
1417 1715 1496 1756 Sed

163 1771 259 1810 haec
286 1772 477 1824 quomodo
504 1774 541 1811 in
567 1773 633 1811 illo
661 1785 752 1811 vera
778 1780 908 1820 erunt,
941 1774 972 1811 si
998 1774 1080 1825 ipse
1107 1786 1183 1810 non
1209 1773 1281 1811 fuit
1303 1785 1437 1821 verus,
1464 1775 1496 1814 si

163 1843 237 1867 non
252 1842 344 1868 vere
363 1829 497 1868 habuit
515 1831 553 1868 in
574 1844 629 1878 se,
658 1830 759 1882 quod
786 1831 984 1882 figeretur,
1013 1829 1113 1882 quod
1135 1837 1365 1878 moreretur,
1393 1831 1496 1884 quod

163 1887 396 1938 sepeliretur
420 1895 458 1926 et
484 1889 806 1927 resuscitaretur?
831 1901 985 1927 carnem
1011 1889 1165 1928 scilicet
1190 1888 1288 1927 hanc
1308 1889 1495 1940 sanguine

163 1944 360 1992 suffusam,
401 1946 549 1984 ossibus
582 1947 856 1994 substructam,
895 1947 1023 1985 nervis
1049 1947 1254 1992 intextam,
1291 1948 1400 1985 venis
1425 1947 1495 1986 im·

164 2001 333 2052 plexam,
362 2016 457 2054 quae
485 2005 591 2042 nasci
618 2012 658 2043 et
683 2005 781 2043 mori
807 2005 931 2052 novit,
959 2004 1159 2043 humanam
1186 2003 1269 2042 sine
1296 2002 1426 2052 dubio,
1454 2011 1496 2043 ut

164 2066 288 2097 natam
327 2058 374 2098 de
406 2060 572 2100 homine.
634 2061 805 2115 Ideoque
837 2062 1009 2100 mortalis
1040 2062 1138 2101 haec
1169 2061 1291 2099 estin
1323 2061 1491 2109 Christo,

164 2117 250 2167 quia
276 2116 449 2156 Christus
474 2118 587 2158 homo
614 2127 654 2158 et
679 2121 776 2159 filius
801 2120 980 2158 hominis.
1041 2118 1122 2159 Aut
1146 2131 1216 2158 cur
1239 2118 1354 2157 homo
1381 2118 1494 2158 Chri·

161 2181 240 2212 stus
267 2181 307 2212 et
333 2175 430 2213 lilius
455 2175 637 2225 hominis,
677 2180 707 2217 si
740 2178 833 2217 nihil
866 2178 1029 2216 hominis
1055 2184 1095 2216 et
1119 2177 1212 2215 nihil
1239 2189 1288 2217 ex
1313 2177 1494 2216 homine?

162 2232 232 2269 nisi
248 2233 279 2270 si
294 2239 360 2270 aut
372 2232 475 2271 aliud
491 2242 551 2272 est
564 2235 691 2283 homo,
709 2249 818 2289 quam
834 2249 941 2283 caro,
957 2242 1023 2274 aut
1036 2234 1189 2274 aliunde
1206 2247 1298 2272 caro
1313 2234 1488 2282 bominis,

252 2405 288 2444 1)
313 2405 352 2436 V.
387 2415 488 2446 ergo
525 2407 561 2437 in
601 2409 652 2440 ed.
687 2409 794 2440 Rhen.
831 2410 937 2440 deest.
1056 2408 1092 2449 2)
1117 2409 1203 2440 Edd.
1241 2417 1376 2440 omnes:
1412 2417 1488 2439 nos

161 2449 280 2480 scire.
376 2452 413 2491 3)
438 2453 691 2492 Rig.tantum
719 2457 857 2486 Iesum
884 2455 1037 2487 crucif.
1132 2456 1169 2495 4)
1195 2456 1247 2486 lta
1261 2453 1486 2486 comvvouw.

159 2495 192 2523 et
215 2495 305 2534 Rig.;
326 2497 433 2528 Rhen.
461 2499 542 2534 Qui
568 2510 626 2530 me
652 2518 696 2524 —
723 2510 798 2540 ego
823 2502 934 2540 eiua;
961 2501 1012 2533 ed.
1038 2501 1140 2532 Fran.
1163 2500 1243 2535 Qui
1267 2509 1486 2541 me—-ego

159 2548 258 2569 eum.
304 2543 495 2583 Manum,
517 2546 623 2584 32-q.
673 2548 893 2586 Marc.8‚38.
940 2537 1025 2580 Lfic.
1053 2549 1085 2586 9,
1112 2547 1166 2576 26.
1215 2545 1267 2577 cr.
1288 2545 1329 2576 de
1348 2547 1431 2587 fuga
1451 2547 1483 2578 τ.

159 2583 196 2626 5)
223 2586 296 2625 Rig.
320 2589 571 2622 Crucifixus
599 2595 663 2623 est
689 2593 755 2623 dei
781 2593 918 2625 filius.
