1604 2800
497 170 624 203 ADV.
659 170 1097 204 HERMOGENEM.
1410 172 1475 210 Π

141 264 310 316 optima,
348 276 425 302 non
449 270 558 303 certe
584 265 691 316 quasi
717 264 815 302 mala
840 277 887 302 ac
925 264 1103 316 pessima.
1166 264 1473 306 Demutationem

142 322 262 373 igitur
296 319 451 360 admisit
485 322 667 367 materia,
710 328 750 360 et
780 323 813 360 si
845 323 899 360 ita
936 328 1014 368 est,
1051 329 1190 360 statum
1228 325 1474 363 aeternitatis

142 379 288 426 amisit,
315 385 465 418 mortua
489 386 551 418 est
575 378 740 431 deniqne
766 380 849 418 sine
874 393 943 419 sua
962 380 1153 430 forma;¹)
1179 379 1248 419 sed
1261 383 1474 420 aeternitas

142 437 266 475 amitti
291 450 367 474 non
392 443 534 489 potest,
561 437 650 489 quia
668 438 741 475 nisi
766 438 888 475 amitti
915 451 990 475 non
1011 438 1145 489 possit,
1171 440 1383 477 aeternitas
1399 452 1474 477 non

143 501 215 534 est.
275 493 382 546 Ergo
408 507 481 533 nec
507 493 805 533 demutationem
833 496 957 547 potuit
981 494 1199 542 admisisse,
1231 497 1319 548 quia
1345 497 1376 535 si
1407 509 1475 535 ae-

143 551 306 590 ternitas
330 559 408 599 est,
435 550 624 591 demutari
651 553 754 591 nullo
781 552 894 590 modo
921 559 1062 604 potest.

263 612 328 651 13.
378 609 430 655 Et
461 616 687 662 quaeretur,
729 609 921 662 quomodo
953 623 1003 649 ex
1034 623 1081 649 ea
1112 611 1214 649 hona
1246 611 1350 649 facta
1386 612 1474 657 sint,

144 679 242 719 quae
269 680 318 706 ex
343 665 604 706 demutatione
631 668 734 706 nullo
761 667 875 706 modo
900 668 1005 706 facta
1029 670 1141 706 sunt?
1177 667 1286 707 Unde
1312 669 1351 706 in
1376 668 1477 707 mala

143 737 191 763 30
214 725 382 776 pessima
405 723 499 762 boni
524 731 638 776 atque
666 725 798 776 optimi
823 727 981 762 semen?
1006 724 1123 763 Certe
1145 737 1217 763 nec
1238 725 1339 763 bona
1358 725 1476 763 arbor

143 781 292 819 fructus
317 781 439 819 malos
462 780 555 828 edit,
583 782 669 833 quia
689 794 762 820 nec
784 780 879 820 deus
899 782 971 819 nisi
992 781 1127 829 bonus,
1153 795 1225 821 nec
1246 783 1344 820 mala
1359 782 1477 820 arbor

142 838 280 884 bonos,
311 839 400 890 quia
430 851 503 877 nec
529 840 690 877 materia
715 846 775 877 est
807 839 877 877 nisi
904 840 1081 890 pessima.
1142 838 1222 878 Ant
1245 840 1277 877 si
1305 839 1477 878 dabimus

90 941 93 943 .
142 896 199 934 illi
222 895 379 948 aliquid,
405 897 520 935 etiam
546 896 637 934 boni
662 897 857 948 germinis,
884 897 957 934 iam
986 910 1060 934 non
1087 897 1161 935 erit
1188 897 1385 935 uniformis
1410 910 1478 935 na-

67 997 74 1009 ,
143 956 274 1000 turae,
305 952 345 992 id
370 960 431 993 est
454 953 576 992 malae
603 954 641 991 in
666 960 806 1000 totum,
833 952 902 992 sed
928 955 1119 1004 tantum2)
1147 953 1313 1006 duplex,
1351 953 1389 992 id
1420 962 1477 992 est

142 1010 271 1050 bonae
295 1017 336 1049 et
361 1011 483 1050 malae
509 1018 684 1050 naturae.
745 1010 794 1049 Et
825 1018 1033 1063 quaeretur
1058 1013 1208 1057 iterum,
1235 1025 1283 1050 an
1310 1013 1348 1049 in
1372 1012 1476 1049 bono

144 1075 185 1108 01
209 1068 309 1107 111310
335 1069 506 1121 potnerit
531 1069 739 1107 convenire
766 1069 843 1107 luci
869 1075 908 1106 01
934 1068 1116 1115 tenebris,
1144 1068 1248 1107 dulci
1273 1076 1312 1107 et
1331 1081 1477 1106 amaro.

145 1125 225 1164 Ant
254 1126 287 1163 si
317 1127 444 1177 potuit
467 1127 664 1177 utriusque
691 1124 895 1164 diversitas
918 1125 1011 1164 boni
1037 1133 1078 1164 et
1102 1126 1191 1164 mali
1217 1127 1476 1172 concurrisse,

145 1189 187 1222 et
216 1180 360 1234 duplex
391 1189 527 1220 natura
552 1183 669 1221 fuisse
696 1183 882 1221 materiae
912 1182 1110 1221 amborum
1135 1183 1246 1221 ferax
1272 1183 1476 1228 fructuum,

146 1241 220 1278 iam
246 1251 320 1278 nec
344 1239 447 1279 bona
472 1241 555 1291 ipsa
580 1238 655 1279 deo
682 1239 984 1291 deputabuntur,
1025 1247 1066 1278 ut
1097 1252 1170 1279 nec
1202 1240 1302 1278 mala
1327 1240 1383 1278 illi
1408 1240 1477 1278 im-

146 1303 340 1350 putentur,
365 1296 435 1336 sed
453 1304 615 1348 utraque
634 1298 786 1349 species
806 1295 853 1335 de
873 1298 1057 1336 materiae
1077 1298 1316 1349 proprietate
1330 1304 1479 1349 sumpta

145 1353 196 1394 ad
221 1355 419 1393 materiam
445 1355 666 1406 pertinebit.
718 1355 800 1402 Quo
826 1362 941 1406 pacto
963 1368 1087 1406 neque
1108 1355 1271 1406 gratiam
1291 1355 1478 1393 bonorum

146 1411 222 1452 deo
253 1410 495 1457 debebimus,
534 1424 607 1450 nec
639 1410 820 1450 invidiam
851 1412 1055 1458 malorum,
1094 1412 1182 1464 quia
1214 1412 1308 1450 nihil
1334 1410 1382 1450 de
1408 1425 1477 1450 sno

143 1476 328 1522 operatus
351 1469 522 1519 ingenio.

263 1529 330 1568 14.
386 1526 462 1565 Per
498 1525 599 1577 quod
632 1526 860 1578 probabitur
891 1527 1094 1565 manifeste
1126 1528 1313 1566 materiae
1345 1526 1478 1566 deser-

145 1585 262 1623 visse.
322 1582 423 1622 Nam
448 1585 522 1623 etsi
553 1583 719 1631 dicatur,
745 1584 840 1622 licet
864 1597 915 1622 ex
940 1585 1148 1623 occasione
1174 1585 1376 1631 materiae,
1409 1598 1479 1623 suo

145 1648 275 1681 tamen
299 1641 483 1687 arbitrio,
519 1641 622 1679 bona
645 1641 873 1694 protulisse,
900 1641 1007 1693 qnasi
1031 1647 1168 1680 nactus
1192 1641 1332 1679 bonnm
1360 1649 1480 1680 mate—

147 1699 244 1745 riae,
269 1711 494 1750 quamqnam
519 1704 560 1736 et
584 1698 658 1736 hoc
679 1705 790 1749 turpe
810 1698 877 1735 sit:
905 1704 1013 1736 certe
1035 1711 1118 1736 cnm
1139 1711 1188 1737 ex
1209 1697 1342 1737 eadem
1363 1699 1478 1736 etiam

147 1754 248 1793 mala
271 1754 436 1806 profert,
460 1754 522 1792 vel
542 1754 640 1793 11300
660 1755 790 1805 utique
811 1767 886 1792 non
908 1752 955 1792 de
976 1767 1045 1792 suo
1065 1754 1227 1793 arbitrio
1241 1754 1480 1806 proferendo

151 1811 273 1851 servit
301 1811 509 1856 materiae,
552 1809 656 1848 alind
689 1823 764 1848 non
795 1810 941 1849 babens
976 1811 1130 1858 facere,
1167 1825 1279 1863 quam
1304 1825 1352 1850 ex
1378 1813 1479 1851 111310

149 1869 342 1922 proferre,
367 1868 507 1906 invitus
531 1868 676 1919 ntique,
703 1879 777 1919 qna
802 1866 944 1914 bonus,
969 1880 1020 1906 ex
1044 1870 1291 1916 necessitate,
1317 1876 1359 1907 ut
1383 1870 1480 1908 invi-

149 1933 223 1973 tus,
249 1932 291 1965 et
313 1938 364 1964 ex
388 1925 587 1970 servitute,
614 1931 657 1962 ut
680 1937 731 1963 ex
755 1926 1002 1964 necessitate.
1066 1925 1163 1973 Quid
1189 1939 1286 1978 ergo
1312 1925 1479 1978 dignius,

149 1996 200 2024 ex
224 1983 456 2022 necessitate
483 1994 568 2021 011111
594 1980 813 2021 condidisse
838 1983 953 2029 mala,
976 1995 1025 2021 an
1050 1995 1101 2022 ex
1123 1983 1335 2031 voluntate,
1361 1985 1480 2036 siqui-

150 2040 236 2080 dem
262 2053 311 2079 ex
336 2040 570 2079 necessitate
594 2038 779 2086 condidit,
805 2040 837 2078 si
862 2053 912 2079 ex
936 2042 1110 2088 materia,
1135 2053 1186 2080 ex
1209 2041 1420 2088 voluntate,
1446 2043 1479 2080 si

150 2110 201 2137 ex
224 2098 359 2136 nihilo.
408 2096 487 2135 13111
519 2096 618 2135 0111111
647 2097 730 2136 sine
755 2110 891 2136 caussa
916 2097 1088 2144 laboras,
1126 2111 1175 2137 ne
1200 2099 1385 2137 malornm
1411 2112 1478 2137 an-

149 2161 239 2194 ctor
263 2155 520 2193 constituatur
544 2152 652 2200 deus,
677 2155 786 2205 quia,
811 2156 886 2194 etsi
911 2153 959 2193 de
986 2156 1147 2194 materia
1173 2156 1285 2202 fecit,
1311 2157 1385 2207 ipsi
1411 2155 1480 2194 de-

150 2211 401 2263 putabuntur,
439 2211 503 2262 qni
539 2211 658 2258 fecit,
693 2210 856 2263 proinde
886 2219 1072 2264 qnatenus
1104 2213 1211 2251 fecit.
1272 2212 1390 2251 Plane
1421 2213 1478 2250 sic

150 2269 326 2314 interest,
354 2266 453 2307 unde
477 2268 632 2315 fecerit,
656 2281 703 2306 30
727 2269 759 2307 si
785 2268 834 2308 de
859 2270 978 2308 nihilo
1005 2270 1176 2315 fecisset,
1204 2281 1275 2307 nec
1302 2269 1479 2315 interest,

150 2324 252 2364 unde
277 2326 431 2372 fecerit,
455 2332 497 2363 nt
520 2324 609 2364 inde
635 2325 789 2372 fecerit,
813 2325 914 2366 unde
940 2339 1027 2365 enm
1056 2327 1177 2378 magis
1202 2324 1347 2364 decuit.
1394 2325 1479 2365 Ma-

245 2475 283 2515 1)
307 2477 360 2507 lta
387 2475 463 2507 0011.
487 2475 625 2505 Wouw.
650 2476 686 2505 et
708 2474 782 2514 mg.
806 2475 923 2506 ceteri
947 2475 1044 2506 011111.
1069 2483 1099 2504 v.
1124 2475 1222 2505 niue
1242 2482 1313 2505 non
1338 2475 1479 2507 habant.

153 2521 191 2560 ²)
214 2522 324 2553 Rhen.
347 2522 384 2552 in
409 2522 462 2553 ed.
483 2522 508 2551 Ι.
532 2520 603 2551 ned
627 2522 668 2550 et
692 2521 873 2559 tantum,
909 2529 999 2559 quae
1024 2520 1114 2551 1110111
1138 2520 1285 2552 mutavit
1308 2520 1369 2552 in:
1406 2521 1480 2552 sed

152 2567 231 2598 iam
255 2570 351 2598 tum.
399 2567 467 2599 Sed
482 2569 616 2598 tantum
628 2566 807 2605 copulnet
827 2575 1044 2605 supervacua
1056 2567 1124 2598 ent.
