<?xml version="1.0" encoding="UTF-8"?>
<!DOCTYPE html PUBLIC "-//W3C//DTD XHTML 1.0 Transitional//EN"
    "http://www.w3.org/TR/xhtml1/DTD/xhtml1-transitional.dtd">
<html xmlns="http://www.w3.org/1999/xhtml" xml:lang="en" lang="en">
 <head>
  <title>
</title>
<meta http-equiv="Content-Type" content="text/html;charset=utf-8" />
  <meta name='ocr-system' content='tesseract 3.04.00' />
  <meta name='ocr-capabilities' content='ocr_page ocr_carea ocr_par ocr_line ocrx_word'/>
</head>
<body>
  <div class='ocr_page' id='page_1' title='image "./operatert34tertuoft_0137.png"; bbox 0 0 1566 2808; ppageno 0'>
   <div class='ocr_carea' id='block_1_1' title="bbox 0 0 152 158">
    <p class='ocr_par' dir='ltr' id='par_1_1' title="bbox 0 0 152 158">
     <span class='ocr_line' id='line_1_1' title="bbox 0 0 152 158; baseline 0 2650"><span class='ocrx_word' id='word_1_1' title='bbox 0 0 152 158; x_wconf 95' lang='lat' dir='ltr'> </span> 
     </span>
    </p>
   </div>
   <div class='ocr_carea' id='block_1_2' title="bbox 382 179 1446 230">
    <p class='ocr_par' dir='ltr' id='par_1_2' title="bbox 382 179 1446 230">
     <span class='ocr_line' id='line_1_2' title="bbox 382 179 1446 230; baseline 0.002 -19"><span class='ocrx_word' id='word_1_2' title='bbox 382 180 501 211; x_wconf 62' lang='lat' dir='ltr'><strong>ADV.</strong></span> <span class='ocrx_word' id='word_1_3' title='bbox 535 179 894 210; x_wconf 74' lang='lat' dir='ltr'>MARCIONEM</span> <span class='ocrx_word' id='word_1_4' title='bbox 930 181 1106 230; x_wconf 57' lang='lat' dir='ltr'>LtBER</span> <span class='ocrx_word' id='word_1_5' title='bbox 1135 183 1191 213; x_wconf 86' lang='lat'>111.</span> <span class='ocrx_word' id='word_1_6' title='bbox 1354 181 1446 219; x_wconf 59' lang='lat'>122</span> 
     </span>
    </p>
   </div>
   <div class='ocr_carea' id='block_1_3' title="bbox 339 230 359 241">
    <p class='ocr_par' dir='ltr' id='par_1_3' title="bbox 339 230 359 241">
     <span class='ocr_line' id='line_1_3' title="bbox 339 230 359 241; baseline 0 0"><span class='ocrx_word' id='word_1_7' title='bbox 339 230 359 241; x_wconf 66' lang='grc' dir='ltr'><em>ο</em></span> 
     </span>
    </p>
   </div>
   <div class='ocr_carea' id='block_1_4' title="bbox 61 269 1448 2380">
    <p class='ocr_par' dir='ltr' id='par_1_4' title="bbox 61 269 1448 2380">
     <span class='ocr_line' id='line_1_4' title="bbox 246 269 1448 325; baseline 0.002 -15"><span class='ocrx_word' id='word_1_8' title='bbox 246 275 312 313; x_wconf 66' lang='grc'>14.</span> <span class='ocrx_word' id='word_1_9' title='bbox 358 269 616 310; x_wconf 81' lang='lat' dir='ltr'>Adiuvabitur</span> <span class='ocrx_word' id='word_1_10' title='bbox 650 271 748 310; x_wconf 89' lang='lat' dir='ltr'>haec</span> <span class='ocrx_word' id='word_1_11' title='bbox 787 279 917 310; x_wconf 86' lang='lat' dir='ltr'>nostra</span> <span class='ocrx_word' id='word_1_12' title='bbox 954 274 1245 325; x_wconf 80' lang='lat' dir='ltr'>interpretatio,</span> <span class='ocrx_word' id='word_1_13' title='bbox 1283 272 1371 312; x_wconf 90' lang='lat' dir='ltr'>dum</span> <span class='ocrx_word' id='word_1_14' title='bbox 1407 282 1448 314; x_wconf 87' lang='lat' dir='ltr'>et</span> 
     </span>
     <span class='ocr_line' id='line_1_5' title="bbox 126 325 1446 383; baseline 0.002 -15"><span class='ocrx_word' id='word_1_15' title='bbox 126 325 220 368; x_wconf 76' lang='lat' dir='ltr'>alibi</span> <span class='ocrx_word' id='word_1_16' title='bbox 243 327 471 369; x_wconf 76' lang='lat' dir='ltr'>bellatorem</span> <span class='ocrx_word' id='word_1_17' title='bbox 496 329 718 367; x_wconf 79' lang='lat' dir='ltr'>existimans</span> <span class='ocrx_word' id='word_1_18' title='bbox 744 328 954 377; x_wconf 86' lang='lat' dir='ltr'>Christum,</span> <span class='ocrx_word' id='word_1_19' title='bbox 988 330 1037 368; x_wconf 89' lang='lat' dir='ltr'>ob</span> <span class='ocrx_word' id='word_1_20' title='bbox 1063 343 1252 368; x_wconf 90' lang='lat' dir='ltr'>armorum</span> <span class='ocrx_word' id='word_1_21' title='bbox 1280 344 1446 383; x_wconf 87' lang='lat' dir='ltr'>quorun·</span> 
     </span>
     <span class='ocr_line' id='line_1_6' title="bbox 126 374 1445 442; baseline 0 -15"><span class='ocrx_word' id='word_1_22' title='bbox 126 384 214 428; x_wconf 76' lang='lat' dir='ltr'>«lam</span> <span class='ocrx_word' id='word_1_23' title='bbox 247 374 438 442; x_wconf 73' lang='lat' dir='ltr'>vocabula</span> <span class='ocrx_word' id='word_1_24' title='bbox 473 392 513 424; x_wconf 87' lang='lat' dir='ltr'>et</span> <span class='ocrx_word' id='word_1_25' title='bbox 549 385 735 427; x_wconf 83' lang='lat' dir='ltr'>eiusmodi</span> <span class='ocrx_word' id='word_1_26' title='bbox 771 386 909 433; x_wconf 77' lang='lat' dir='ltr'>verba,</span> <span class='ocrx_word' id='word_1_27' title='bbox 949 399 999 426; x_wconf 80' lang='lat' dir='ltr'>ex</span> <span class='ocrx_word' id='word_1_28' title='bbox 1034 388 1268 439; x_wconf 87' lang='lat' dir='ltr'>reliquorum</span> <span class='ocrx_word' id='word_1_29' title='bbox 1294 402 1445 441; x_wconf 85' lang='lat' dir='ltr'>quoqne</span> 
     </span>
     <span class='ocr_line' id='line_1_7' title="bbox 125 443 1447 497; baseline 0.002 -15"><span class='ocrx_word' id='word_1_30' title='bbox 125 455 304 485; x_wconf 70' lang='lat' dir='ltr'>sensum</span> <span class='ocrx_word' id='word_1_31' title='bbox 329 443 618 494; x_wconf 80' lang='lat' dir='ltr'>comparatione</span> <span class='ocrx_word' id='word_1_32' title='bbox 645 443 901 483; x_wconf 60' lang='lat' dir='ltr'>convinceris</span> <span class='ocrx_word' id='word_1_33' title='bbox 954 443 1196 495; x_wconf 76' lang='lat' dir='ltr'>Accingere,</span> <span class='ocrx_word' id='word_1_34' title='bbox 1223 446 1345 497; x_wconf 91' lang='lat' dir='ltr'>inquit</span> <span class='ocrx_word' id='word_1_35' title='bbox 1368 446 1447 484; x_wconf 88' lang='lat' dir='ltr'>Da-</span> 
     </span>
     <span class='ocr_line' id='line_1_8' title="bbox 124 497 1448 553; baseline 0.003 -15"><span class='ocrx_word' id='word_1_36' title='bbox 124 497 203 548; x_wconf 78' lang='lat' dir='ltr'>vid,</span> <span class='ocrx_word' id='word_1_37' title='bbox 227 513 321 540; x_wconf 75' lang='lat' dir='ltr'>ense</span> <span class='ocrx_word' id='word_1_38' title='bbox 345 513 462 552; x_wconf 85' lang='lat' dir='ltr'>super</span> <span class='ocrx_word' id='word_1_39' title='bbox 481 500 605 538; x_wconf 79' lang='lat' dir='ltr'>femur</span> <span class='ocrx_word' id='word_1_40' title='bbox 620 501 669 549; x_wconf 91' lang='lat'>¹).</span> <span class='ocrx_word' id='word_1_41' title='bbox 720 499 799 539; x_wconf 86' lang='lat' dir='ltr'>Sed</span> <span class='ocrx_word' id='word_1_42' title='bbox 825 500 914 552; x_wconf 89' lang='lat' dir='ltr'>quid</span> <span class='ocrx_word' id='word_1_43' title='bbox 939 515 1054 553; x_wconf 85' lang='lat' dir='ltr'>supra</span> <span class='ocrx_word' id='word_1_44' title='bbox 1079 503 1177 553; x_wconf 86' lang='lat' dir='ltr'>legis</span> <span class='ocrx_word' id='word_1_45' title='bbox 1202 501 1251 541; x_wconf 87' lang='lat' dir='ltr'>de</span> <span class='ocrx_word' id='word_1_46' title='bbox 1266 503 1448 542; x_wconf 80' lang='lat' dir='ltr'>Christo?</span> 
     </span>
     <span class='ocr_line' id='line_1_9' title="bbox 122 556 1447 610; baseline 0.001 -13"><span class='ocrx_word' id='word_1_47' title='bbox 122 557 387 610; x_wconf 71' lang='lat' dir='ltr'>Tempestivus</span> <span class='ocrx_word' id='word_1_48' title='bbox 418 556 574 596; x_wconf 71' lang='lat' dir='ltr'>&#39;decore</span> <span class='ocrx_word' id='word_1_49' title='bbox 618 565 776 608; x_wconf 87' lang='lat' dir='ltr'>praeter</span> <span class='ocrx_word' id='word_1_50' title='bbox 817 559 916 596; x_wconf 87' lang='lat' dir='ltr'>filios</span> <span class='ocrx_word' id='word_1_51' title='bbox 960 559 1190 606; x_wconf 59' lang='lat' dir='ltr'>hominum,</span> <span class='ocrx_word' id='word_1_52' title='bbox 1222 559 1344 600; x_wconf 82' lang='lat' dir='ltr'>effusa</span> <span class='ocrx_word' id='word_1_53' title='bbox 1385 567 1447 599; x_wconf 89' lang='lat' dir='ltr'>est</span> 
     </span>
     <span class='ocr_line' id='line_1_10' title="bbox 122 612 1444 668; baseline 0.002 -14"><span class='ocrx_word' id='word_1_54' title='bbox 122 615 251 666; x_wconf 76' lang='lat' dir='ltr'>gratia</span> <span class='ocrx_word' id='word_1_55' title='bbox 286 615 325 653; x_wconf 83' lang='lat' dir='ltr'>ih</span> <span class='ocrx_word' id='word_1_56' title='bbox 362 614 474 654; x_wconf 89' lang='lat' dir='ltr'>labiis</span> <span class='ocrx_word' id='word_1_57' title='bbox 509 612 650 662; x_wconf 78' lang='lat' dir='ltr'>tuis2).</span> <span class='ocrx_word' id='word_1_58' title='bbox 700 614 843 662; x_wconf 85' lang='lat' dir='ltr'>Rideo,</span> <span class='ocrx_word' id='word_1_59' title='bbox 881 617 913 654; x_wconf 90' lang='lat' dir='ltr'>si</span> <span class='ocrx_word' id='word_1_60' title='bbox 951 629 1061 668; x_wconf 87' lang='lat' dir='ltr'>quem</span> <span class='ocrx_word' id='word_1_61' title='bbox 1098 615 1147 655; x_wconf 92' lang='lat' dir='ltr'>ad</span> <span class='ocrx_word' id='word_1_62' title='bbox 1171 616 1313 655; x_wconf 91' lang='lat' dir='ltr'>bellum</span> <span class='ocrx_word' id='word_1_63' title='bbox 1351 630 1444 656; x_wconf 86' lang='lat' dir='ltr'>ense</span> 
     </span>
     <span class='ocr_line' id='line_1_11' title="bbox 125 671 1446 724; baseline 0.002 -14"><span class='ocrx_word' id='word_1_64' title='bbox 125 671 319 723; x_wconf 86' lang='lat' dir='ltr'>cingebat,</span> <span class='ocrx_word' id='word_1_65' title='bbox 357 673 395 711; x_wconf 91' lang='lat' dir='ltr'>ei</span> <span class='ocrx_word' id='word_1_66' title='bbox 432 671 480 710; x_wconf 87' lang='lat' dir='ltr'>de</span> <span class='ocrx_word' id='word_1_67' title='bbox 519 673 815 723; x_wconf 83' lang='lat' dir='ltr'>tempestivitate</span> <span class='ocrx_word' id='word_1_68' title='bbox 842 671 997 721; x_wconf 82' lang='lat' dir='ltr'>decoris</span> <span class='ocrx_word' id='word_1_69' title='bbox 1029 680 1069 711; x_wconf 90' lang='lat' dir='ltr'>et</span> <span class='ocrx_word' id='word_1_70' title='bbox 1099 673 1446 724; x_wconf 84' lang='lat' dir='ltr'>labiorum&#39;gratia</span> 
     </span>
     <span class='ocr_line' id='line_1_12' title="bbox 111 720 1445 797; baseline 0.002 -31"><span class='ocrx_word' id='word_1_71' title='bbox 111 720 406 768; x_wconf 67' lang='lat' dir='ltr'>blandiebatur.</span> <span class='ocrx_word' id='word_1_72' title='bbox 457 728 525 767; x_wconf 91' lang='lat' dir='ltr'>Sic</span> <span class='ocrx_word' id='word_1_73' title='bbox 557 730 655 766; x_wconf 89' lang='lat' dir='ltr'>item·</span> <span class='ocrx_word' id='word_1_74' title='bbox 673 729 927 779; x_wconf 87' lang='lat' dir='ltr'>subiungens:</span> <span class='ocrx_word' id='word_1_75' title='bbox 954 736 995 767; x_wconf 91' lang='lat' dir='ltr'>et</span> <span class='ocrx_word' id='word_1_76' title='bbox 1019 729 1185 776; x_wconf 71' lang='lat' dir='ltr'>extende</span> <span class='ocrx_word' id='word_1_77' title='bbox 1219 737 1260 768; x_wconf 89' lang='lat' dir='ltr'>et</span> <span class='ocrx_word' id='word_1_78' title='bbox 1283 743 1445 797; x_wconf 65' lang='lat' dir='ltr'>prospe—</span> 
     </span>
     <span class='ocr_line' id='line_1_13' title="bbox 121 779 1447 839; baseline 0.001 -14"><span class='ocrx_word' id='word_1_79' title='bbox 121 797 211 825; x_wconf 63' lang='lat' dir='ltr'>rare</span> <span class='ocrx_word' id='word_1_80' title='bbox 235 792 277 824; x_wconf 82' lang='lat' dir='ltr'>et</span> <span class='ocrx_word' id='word_1_81' title='bbox 299 785 491 836; x_wconf 69' lang='lat' dir='ltr'>regna3),</span> <span class='ocrx_word' id='word_1_82' title='bbox 524 779 670 839; x_wconf 73' lang='lat' dir='ltr'>adiecit</span> <span class='ocrx_word' id='word_1_83' title='bbox 693 792 854 837; x_wconf 89' lang='lat' dir='ltr'>propter</span> <span class='ocrx_word' id='word_1_84' title='bbox 884 787 1086 824; x_wconf 83' lang='lat' dir='ltr'>veritatem</span> <span class='ocrx_word' id='word_1_85' title='bbox 1113 794 1151 825; x_wconf 92' lang='lat' dir='ltr'>et</span> <span class='ocrx_word' id='word_1_86' title='bbox 1182 784 1381 826; x_wconf 86' lang='lat' dir='ltr'>lenitatem</span> <span class='ocrx_word' id='word_1_87' title='bbox 1406 796 1447 826; x_wconf 86' lang='lat' dir='ltr'>et</span> 
     </span>
     <span class='ocr_line' id='line_1_14' title="bbox 121 838 1444 897; baseline 0.002 -16"><span class='ocrx_word' id='word_1_88' title='bbox 121 842 318 897; x_wconf 80' lang='lat' dir='ltr'>iustitiam.</span> <span class='ocrx_word' id='word_1_89' title='bbox 374 842 466 890; x_wconf 85' lang='lat' dir='ltr'>Quis</span> <span class='ocrx_word' id='word_1_90' title='bbox 497 843 597 894; x_wconf 82' lang='lat' dir='ltr'>enim</span> <span class='ocrx_word' id='word_1_91' title='bbox 628 841 726 880; x_wconf 89' lang='lat' dir='ltr'>haec</span> <span class='ocrx_word' id='word_1_92' title='bbox 758 855 850 882; x_wconf 89' lang='lat' dir='ltr'>ense</span> <span class='ocrx_word' id='word_1_93' title='bbox 883 838 1136 895; x_wconf 67' lang='lat' dir='ltr'>operabitur,</span> <span class='ocrx_word' id='word_1_94' title='bbox 1170 850 1211 882; x_wconf 85' lang='lat' dir='ltr'>et</span> <span class='ocrx_word' id='word_1_95' title='bbox 1239 858 1318 883; x_wconf 89' lang='lat' dir='ltr'>non</span> <span class='ocrx_word' id='word_1_96' title='bbox 1350 858 1444 884; x_wconf 89' lang='lat' dir='ltr'>con-</span> 
     </span>
     <span class='ocr_line' id='line_1_15' title="bbox 122 897 1444 959; baseline 0.002 -21"><span class='ocrx_word' id='word_1_97' title='bbox 122 899 241 947; x_wconf 64' lang='lat' dir='ltr'>traria</span> <span class='ocrx_word' id='word_1_98' title='bbox 261 900 388 959; x_wconf 85' lang='lat' dir='ltr'>potius</span> <span class='ocrx_word' id='word_1_99' title='bbox 399 900 453 947; x_wconf 74' lang='lat'><strong>⁴)‚·</strong></span> <span class='ocrx_word' id='word_1_100' title='bbox 480 897 607 937; x_wconf 89' lang='lat' dir='ltr'>dolum</span> <span class='ocrx_word' id='word_1_101' title='bbox 634 906 673 937; x_wconf 91' lang='lat' dir='ltr'>et</span> <span class='ocrx_word' id='word_1_102' title='bbox 697 901 946 951; x_wconf 81' lang='lat' dir='ltr'>asperitatem</span> <span class='ocrx_word' id='word_1_103' title='bbox 972 908 1012 939; x_wconf 88' lang='lat' dir='ltr'>et</span> <span class='ocrx_word' id='word_1_104' title='bbox 1034 902 1271 948; x_wconf 85' lang='lat' dir='ltr'>iniustitiam,</span> <span class='ocrx_word' id='word_1_105' title='bbox 1285 903 1444 954; x_wconf 83' lang='lat' dir='ltr'>propria</span> 
     </span>
     <span class='ocr_line' id='line_1_16' title="bbox 121 955 1444 1010; baseline 0.003 -16"><span class='ocrx_word' id='word_1_106' title='bbox 121 957 275 996; x_wconf 87' lang='lat' dir='ltr'>scilicet</span> <span class='ocrx_word' id='word_1_107' title='bbox 304 955 476 1008; x_wconf 83' lang='lat' dir='ltr'>negotia·</span> <span class='ocrx_word' id='word_1_108' title='bbox 494 957 756 1008; x_wconf 80' lang='lat' dir='ltr'>proeliorum?</span> <span class='ocrx_word' id='word_1_109' title='bbox 803 957 1012 996; x_wconf 82' lang='lat' dir='ltr'>Videamus</span> <span class='ocrx_word' id='word_1_110' title='bbox 1043 971 1159 1010; x_wconf 90' lang='lat' dir='ltr'>ergo,</span> <span class='ocrx_word' id='word_1_111' title='bbox 1191 972 1240 997; x_wconf 92' lang='lat' dir='ltr'>an</span> <span class='ocrx_word' id='word_1_112' title='bbox 1271 959 1369 998; x_wconf 90' lang='lat' dir='ltr'>alius</span> <span class='ocrx_word' id='word_1_113' title='bbox 1394 961 1444 998; x_wconf 88' lang='lat' dir='ltr'>sit</span> 
     </span>
     <span class='ocr_line' id='line_1_17' title="bbox 119 1014 1442 1067; baseline 0.002 -15"><span class='ocrx_word' id='word_1_114' title='bbox 119 1014 225 1052; x_wconf 79' lang='lat' dir='ltr'>ensis</span> <span class='ocrx_word' id='word_1_115' title='bbox 247 1014 327 1061; x_wconf 89' lang='lat' dir='ltr'>ille,</span> <span class='ocrx_word' id='word_1_116' title='bbox 347 1015 462 1055; x_wconf 79' lang='lat' dir='ltr'>,cuius</span> <span class='ocrx_word' id='word_1_117' title='bbox 486 1015 583 1052; x_wconf 87' lang='lat' dir='ltr'>alius</span> <span class='ocrx_word' id='word_1_118' title='bbox 608 1021 668 1052; x_wconf 87' lang='lat' dir='ltr'>est</span> <span class='ocrx_word' id='word_1_119' title='bbox 693 1021 814 1053; x_wconf 85' lang='lat' dir='ltr'>actus.</span> <span class='ocrx_word' id='word_1_120' title='bbox 864 1014 963 1053; x_wconf 87' lang='lat' dir='ltr'>Nam</span> <span class='ocrx_word' id='word_1_121' title='bbox 989 1022 1029 1054; x_wconf 88' lang='lat' dir='ltr'>et</span> <span class='ocrx_word' id='word_1_122' title='bbox 1053 1017 1251 1067; x_wconf 88' lang='lat' dir='ltr'>apostolus</span> <span class='ocrx_word' id='word_1_123' title='bbox 1276 1015 1442 1055; x_wconf 84' lang='lat' dir='ltr'>loannes</span> 
     </span>
     <span class='ocr_line' id='line_1_18' title="bbox 118 1070 1443 1124; baseline 0.001 -13"><span class='ocrx_word' id='word_1_124' title='bbox 118 1071 161 1111; x_wconf 73' lang='lat' dir='ltr'>in</span> <span class='ocrx_word' id='word_1_125' title='bbox 182 1070 422 1124; x_wconf 69' lang='lat' dir='ltr'>Apocalypsi</span> <span class='ocrx_word' id='word_1_126' title='bbox 448 1083 577 1111; x_wconf 89' lang='lat' dir='ltr'>ensem</span> <span class='ocrx_word' id='word_1_127' title='bbox 609 1071 796 1110; x_wconf 87' lang='lat' dir='ltr'>describit</span> <span class='ocrx_word' id='word_1_128' title='bbox 826 1085 876 1110; x_wconf 84' lang='lat' dir='ltr'>ex</span> <span class='ocrx_word' id='word_1_129' title='bbox 908 1086 976 1110; x_wconf 89' lang='lat' dir='ltr'>ore</span> <span class='ocrx_word' id='word_1_130' title='bbox 1010 1072 1073 1111; x_wconf 87' lang='lat' dir='ltr'>dci</span> <span class='ocrx_word' id='word_1_131' title='bbox 1104 1073 1357 1124; x_wconf 87' lang='lat' dir='ltr'>prodeuntem</span> <span class='ocrx_word' id='word_1_132' title='bbox 1385 1074 1443 1112; x_wconf 89' lang='lat' dir='ltr'>bis</span> 
     </span>
     <span class='ocr_line' id='line_1_19' title="bbox 121 1130 1440 1181; baseline 0.002 -15"><span class='ocrx_word' id='word_1_133' title='bbox 121 1130 345 1178; x_wconf 77' lang='lat' dir='ltr'>acutum⁵)‚</span> <span class='ocrx_word' id='word_1_134' title='bbox 383 1136 650 1180; x_wconf 88' lang='lat' dir='ltr'>praeacutum,</span> <span class='ocrx_word' id='word_1_135' title='bbox 689 1142 799 1180; x_wconf 87' lang='lat' dir='ltr'>quem</span> <span class='ocrx_word' id='word_1_136' title='bbox 831 1130 995 1181; x_wconf 86' lang='lat' dir='ltr'>intelligi</span> <span class='ocrx_word' id='word_1_137' title='bbox 1034 1137 1191 1181; x_wconf 86' lang='lat' dir='ltr'>oportet</span> <span class='ocrx_word' id='word_1_138' title='bbox 1226 1143 1440 1169; x_wconf 87' lang='lat' dir='ltr'>sermonem</span> 
     </span>
     <span class='ocr_line' id='line_1_20' title="bbox 119 1183 1440 1238; baseline 0.002 -15"><span class='ocrx_word' id='word_1_139' title='bbox 119 1183 301 1235; x_wconf 80' lang='lat' dir='ltr'>divinum,</span> <span class='ocrx_word' id='word_1_140' title='bbox 327 1185 387 1223; x_wconf 91' lang='lat' dir='ltr'>bis</span> <span class='ocrx_word' id='word_1_141' title='bbox 409 1193 582 1231; x_wconf 90' lang='lat' dir='ltr'>acutum,</span> <span class='ocrx_word' id='word_1_142' title='bbox 609 1184 758 1224; x_wconf 91' lang='lat' dir='ltr'>duobus</span> <span class='ocrx_word' id='word_1_143' title='bbox 784 1187 1022 1224; x_wconf 86' lang='lat' dir='ltr'>testamentis</span> <span class='ocrx_word' id='word_1_144' title='bbox 1047 1187 1145 1237; x_wconf 87' lang='lat' dir='ltr'>legis</span> <span class='ocrx_word' id='word_1_145' title='bbox 1171 1194 1211 1224; x_wconf 92' lang='lat' dir='ltr'>et</span> <span class='ocrx_word' id='word_1_146' title='bbox 1236 1188 1440 1238; x_wconf 82' lang='lat' dir='ltr'>evangelii,</span> 
     </span>
     <span class='ocr_line' id='line_1_21' title="bbox 120 1241 1441 1294; baseline 0.002 -14"><span class='ocrx_word' id='word_1_147' title='bbox 120 1249 275 1291; x_wconf 60' lang='lat' dir='ltr'>acinum</span> <span class='ocrx_word' id='word_1_148' title='bbox 299 1243 501 1294; x_wconf 84' lang='lat' dir='ltr'>sapientia,</span> <span class='ocrx_word' id='word_1_149' title='bbox 527 1242 705 1281; x_wconf 83' lang='lat' dir='ltr'>infestum</span> <span class='ocrx_word' id='word_1_150' title='bbox 732 1241 901 1288; x_wconf 83' lang='lat' dir='ltr'>diabolo,</span> <span class='ocrx_word' id='word_1_151' title='bbox 927 1250 1137 1282; x_wconf 87' lang='lat' dir='ltr'>armantem</span> <span class='ocrx_word' id='word_1_152' title='bbox 1163 1257 1232 1282; x_wconf 91' lang='lat' dir='ltr'>nos</span> <span class='ocrx_word' id='word_1_153' title='bbox 1258 1243 1441 1283; x_wconf 72' lang='lat' dir='ltr'>adversus</span> 
     </span>
     <span class='ocr_line' id='line_1_22' title="bbox 120 1299 1442 1353; baseline 0.002 -16"><span class='ocrx_word' id='word_1_154' title='bbox 120 1299 252 1339; x_wconf 79' lang='lat' dir='ltr'>hostes</span> <span class='ocrx_word' id='word_1_155' title='bbox 276 1300 470 1352; x_wconf 86' lang='lat' dir='ltr'>spiritales</span> <span class='ocrx_word' id='word_1_156' title='bbox 494 1301 688 1351; x_wconf 84' lang='lat' dir='ltr'>nequitiae</span> <span class='ocrx_word' id='word_1_157' title='bbox 714 1307 754 1338; x_wconf 87' lang='lat' dir='ltr'>et</span> <span class='ocrx_word' id='word_1_158' title='bbox 780 1301 1119 1351; x_wconf 83' lang='lat' dir='ltr'>concupiscentiae</span> <span class='ocrx_word' id='word_1_159' title='bbox 1145 1302 1285 1347; x_wconf 90' lang='lat' dir='ltr'>omnis,</span> <span class='ocrx_word' id='word_1_160' title='bbox 1311 1315 1442 1353; x_wconf 87' lang='lat' dir='ltr'>ampu-</span> 
     </span>
     <span class='ocr_line' id='line_1_23' title="bbox 120 1356 1441 1407; baseline 0.002 -13"><span class='ocrx_word' id='word_1_161' title='bbox 120 1363 266 1395; x_wconf 88' lang='lat' dir='ltr'>tantem</span> <span class='ocrx_word' id='word_1_162' title='bbox 291 1358 406 1394; x_wconf 88' lang='lat' dir='ltr'>etiam</span> <span class='ocrx_word' id='word_1_163' title='bbox 432 1370 455 1395; x_wconf 81' lang='lat' dir='ltr'>a</span> <span class='ocrx_word' id='word_1_164' title='bbox 481 1357 688 1395; x_wconf 89' lang='lat' dir='ltr'>carissimis</span> <span class='ocrx_word' id='word_1_165' title='bbox 714 1357 762 1395; x_wconf 91' lang='lat' dir='ltr'>ob</span> <span class='ocrx_word' id='word_1_166' title='bbox 788 1356 851 1407; x_wconf 81' lang='lat' dir='ltr'>dei</span> <span class='ocrx_word' id='word_1_167' title='bbox 883 1370 1036 1395; x_wconf 90' lang='lat' dir='ltr'>nomen.</span> <span class='ocrx_word' id='word_1_168' title='bbox 1087 1356 1232 1405; x_wconf 87' lang='lat' dir='ltr'>Quodsi</span> <span class='ocrx_word' id='word_1_169' title='bbox 1258 1358 1441 1396; x_wconf 87' lang='lat' dir='ltr'>loannem</span> 
     </span>
     <span class='ocr_line' id='line_1_24' title="bbox 118 1413 1442 1466; baseline 0.001 -14"><span class='ocrx_word' id='word_1_170' title='bbox 118 1414 287 1464; x_wconf 79' lang='lat' dir='ltr'>agnitum</span> <span class='ocrx_word' id='word_1_171' title='bbox 307 1427 384 1451; x_wconf 91' lang='lat' dir='ltr'>non</span> <span class='ocrx_word' id='word_1_172' title='bbox 402 1414 478 1466; x_wconf 76' lang='lat' dir='ltr'>vis,</span> <span class='ocrx_word' id='word_1_173' title='bbox 493 1413 613 1451; x_wconf 86' lang='lat' dir='ltr'>habes</span> <span class='ocrx_word' id='word_1_174' title='bbox 633 1426 869 1452; x_wconf 87' lang='lat' dir='ltr'>communem</span> <span class='ocrx_word' id='word_1_175' title='bbox 890 1415 1112 1464; x_wconf 88' lang='lat' dir='ltr'>magistrum</span> <span class='ocrx_word' id='word_1_176' title='bbox 1132 1413 1301 1461; x_wconf 88' lang='lat' dir='ltr'>Paulum,</span> <span class='ocrx_word' id='word_1_177' title='bbox 1327 1428 1442 1466; x_wconf 89' lang='lat' dir='ltr'>prae·-</span> 
     </span>
     <span class='ocr_line' id='line_1_25' title="bbox 119 1467 1442 1522; baseline 0.002 -14"><span class='ocrx_word' id='word_1_178' title='bbox 119 1467 339 1522; x_wconf 73' lang='lat' dir='ltr'>ciu&#39;gentem</span> <span class='ocrx_word' id='word_1_179' title='bbox 375 1470 523 1510; x_wconf 92' lang='lat' dir='ltr'>lumbos</span> <span class='ocrx_word' id='word_1_180' title='bbox 560 1470 714 1508; x_wconf 84' lang='lat' dir='ltr'>nostros</span> <span class='ocrx_word' id='word_1_181' title='bbox 742 1471 907 1508; x_wconf 82' lang='lat' dir='ltr'>veritate</span> <span class='ocrx_word' id='word_1_182' title='bbox 944 1478 986 1509; x_wconf 91' lang='lat' dir='ltr'>et</span> <span class='ocrx_word' id='word_1_183' title='bbox 1016 1471 1138 1510; x_wconf 91' lang='lat' dir='ltr'>lorica</span> <span class='ocrx_word' id='word_1_184' title='bbox 1174 1472 1363 1519; x_wconf 89' lang='lat' dir='ltr'>iustitiae,</span> <span class='ocrx_word' id='word_1_185' title='bbox 1402 1480 1442 1511; x_wconf 86' lang='lat' dir='ltr'>et</span> 
     </span>
     <span class='ocr_line' id='line_1_26' title="bbox 118 1528 1441 1580; baseline 0.002 -14"><span class='ocrx_word' id='word_1_186' title='bbox 118 1528 347 1570; x_wconf 82' lang='lat' dir='ltr'>calciantem</span> <span class='ocrx_word' id='word_1_187' title='bbox 370 1541 439 1565; x_wconf 89' lang='lat' dir='ltr'>uos</span> <span class='ocrx_word' id='word_1_188' title='bbox 459 1528 758 1579; x_wconf 87' lang='lat' dir='ltr'>praeparatione</span> <span class='ocrx_word' id='word_1_189' title='bbox 785 1528 975 1578; x_wconf 77' lang='lat' dir='ltr'>evangelii</span> <span class='ocrx_word' id='word_1_190' title='bbox 994 1529 1116 1580; x_wconf 87' lang='lat' dir='ltr'>pacis,</span> <span class='ocrx_word' id='word_1_191' title='bbox 1143 1541 1220 1566; x_wconf 91' lang='lat' dir='ltr'>non</span> <span class='ocrx_word' id='word_1_192' title='bbox 1239 1529 1354 1576; x_wconf 72' lang='lat' dir='ltr'>belli,</span> <span class='ocrx_word' id='word_1_193' title='bbox 1372 1529 1441 1567; x_wconf 87' lang='lat' dir='ltr'>ad-</span> 
     </span>
     <span class='ocr_line' id='line_1_27' title="bbox 117 1584 1440 1638; baseline 0.001 -14"><span class='ocrx_word' id='word_1_194' title='bbox 117 1597 269 1624; x_wconf 85' lang='lat' dir='ltr'>sumere</span> <span class='ocrx_word' id='word_1_195' title='bbox 294 1585 488 1624; x_wconf 90' lang='lat' dir='ltr'>iubentem</span> <span class='ocrx_word' id='word_1_196' title='bbox 515 1592 663 1623; x_wconf 87' lang='lat' dir='ltr'>scutum</span> <span class='ocrx_word' id='word_1_197' title='bbox 688 1584 799 1631; x_wconf 87' lang='lat' dir='ltr'>fidei,</span> <span class='ocrx_word' id='word_1_198' title='bbox 826 1586 863 1622; x_wconf 93' lang='lat' dir='ltr'>in</span> <span class='ocrx_word' id='word_1_199' title='bbox 890 1598 964 1636; x_wconf 90' lang='lat' dir='ltr'>quo</span> <span class='ocrx_word' id='word_1_200' title='bbox 991 1587 1179 1638; x_wconf 89' lang='lat' dir='ltr'>possimus</span> <span class='ocrx_word' id='word_1_201' title='bbox 1205 1588 1333 1624; x_wconf 91' lang='lat' dir='ltr'>omnia</span> <span class='ocrx_word' id='word_1_202' title='bbox 1358 1586 1440 1625; x_wconf 87' lang='lat' dir='ltr'>dia-</span> 
     </span>
     <span class='ocr_line' id='line_1_28' title="bbox 115 1641 1439 1694; baseline 0.002 -14"><span class='ocrx_word' id='word_1_203' title='bbox 115 1641 196 1681; x_wconf 89' lang='lat' dir='ltr'>boli</span> <span class='ocrx_word' id='word_1_204' title='bbox 221 1643 343 1693; x_wconf 88' lang='lat' dir='ltr'>ignita</span> <span class='ocrx_word' id='word_1_205' title='bbox 368 1642 447 1680; x_wconf 90' lang='lat' dir='ltr'>tela</span> <span class='ocrx_word' id='word_1_206' title='bbox 467 1643 727 1694; x_wconf 73' lang='lat' dir='ltr'>exstinguere,</span> <span class='ocrx_word' id='word_1_207' title='bbox 754 1649 795 1680; x_wconf 93' lang='lat' dir='ltr'>et</span> <span class='ocrx_word' id='word_1_208' title='bbox 819 1643 969 1693; x_wconf 87' lang='lat' dir='ltr'>galeam</span> <span class='ocrx_word' id='word_1_209' title='bbox 989 1643 1180 1689; x_wconf 86' lang='lat' dir='ltr'>salutaris,</span> <span class='ocrx_word' id='word_1_210' title='bbox 1208 1650 1248 1681; x_wconf 89' lang='lat' dir='ltr'>et</span> <span class='ocrx_word' id='word_1_211' title='bbox 1272 1643 1439 1694; x_wconf 88' lang='lat' dir='ltr'>gladium</span> 
     </span>
     <span class='ocr_line' id='line_1_29' title="bbox 118 1698 1440 1750; baseline 0.002 -13"><span class='ocrx_word' id='word_1_212' title='bbox 118 1699 419 1750; x_wconf 79' lang='lat' dir='ltr'>spiritus‚·&#39;quod</span> <span class='ocrx_word' id='word_1_213' title='bbox 444 1707 524 1745; x_wconf 85' lang='lat' dir='ltr'>est,</span> <span class='ocrx_word' id='word_1_214' title='bbox 550 1700 689 1750; x_wconf 88' lang='lat' dir='ltr'>inquit,</span> <span class='ocrx_word' id='word_1_215' title='bbox 729 1698 791 1737; x_wconf 89' lang='lat' dir='ltr'>dei</span> <span class='ocrx_word' id='word_1_216' title='bbox 822 1712 949 1737; x_wconf 91' lang='lat' dir='ltr'>sermo</span> <span class='ocrx_word' id='word_1_217' title='bbox 963 1700 1016 1747; x_wconf 72' lang='grc'>6).</span> <span class='ocrx_word' id='word_1_218' title='bbox 1067 1700 1174 1738; x_wconf 88' lang='lat' dir='ltr'>Hanc</span> <span class='ocrx_word' id='word_1_219' title='bbox 1200 1707 1241 1738; x_wconf 93' lang='lat' dir='ltr'>et</span> <span class='ocrx_word' id='word_1_220' title='bbox 1266 1700 1440 1739; x_wconf 83' lang='lat' dir='ltr'>dominus</span> 
     </span>
     <span class='ocr_line' id='line_1_30' title="bbox 119 1756 1439 1807; baseline 0.002 -14"><span class='ocrx_word' id='word_1_221' title='bbox 119 1756 202 1806; x_wconf 85' lang='lat' dir='ltr'>ipse</span> <span class='ocrx_word' id='word_1_222' title='bbox 219 1756 462 1794; x_wconf 84' lang='lat' dir='ltr'>machaeram</span> <span class='ocrx_word' id='word_1_223' title='bbox 485 1757 593 1793; x_wconf 88' lang='lat' dir='ltr'>venit</span> <span class='ocrx_word' id='word_1_224' title='bbox 616 1757 769 1794; x_wconf 87' lang='lat' dir='ltr'>mittere</span> <span class='ocrx_word' id='word_1_225' title='bbox 801 1757 1011 1802; x_wconf 83' lang='lat' dir='ltr'>interram,</span> <span class='ocrx_word' id='word_1_226' title='bbox 1038 1770 1115 1794; x_wconf 92' lang='lat' dir='ltr'>non</span> <span class='ocrx_word' id='word_1_227' title='bbox 1141 1770 1276 1807; x_wconf 87' lang='lat' dir='ltr'>pacem</span> <span class='ocrx_word' id='word_1_228' title='bbox 1291 1758 1344 1805; x_wconf 64' lang='grc' dir='ltr'>Ἰ).</span> <span class='ocrx_word' id='word_1_229' title='bbox 1371 1765 1375 1768; x_wconf 61' lang='lat'><strong>⁴</strong></span> <span class='ocrx_word' id='word_1_230' title='bbox 1395 1756 1439 1795; x_wconf 92' lang='lat' dir='ltr'>Si</span> 
     </span>
     <span class='ocr_line' id='line_1_31' title="bbox 118 1811 1439 1863; baseline 0.002 -13"><span class='ocrx_word' id='word_1_231' title='bbox 118 1819 210 1851; x_wconf 75' lang='lat' dir='ltr'>tuus¹</span> <span class='ocrx_word' id='word_1_232' title='bbox 229 1811 404 1850; x_wconf 88' lang='lat' dir='ltr'>Christus</span> <span class='ocrx_word' id='word_1_233' title='bbox 428 1819 500 1858; x_wconf 89' lang='lat' dir='ltr'>est,</span> <span class='ocrx_word' id='word_1_234' title='bbox 526 1824 622 1862; x_wconf 89' lang='lat' dir='ltr'>ergo</span> <span class='ocrx_word' id='word_1_235' title='bbox 647 1819 688 1850; x_wconf 91' lang='lat' dir='ltr'>et</span> <span class='ocrx_word' id='word_1_236' title='bbox 713 1813 795 1863; x_wconf 86' lang='lat' dir='ltr'>ipse</span> <span class='ocrx_word' id='word_1_237' title='bbox 819 1812 987 1850; x_wconf 83' lang='lat' dir='ltr'>bellator</span> <span class='ocrx_word' id='word_1_238' title='bbox 1010 1820 1087 1860; x_wconf 63' lang='lat' dir='ltr'>est,</span> <span class='ocrx_word' id='word_1_239' title='bbox 1115 1814 1147 1851; x_wconf 89' lang='lat' dir='ltr'>si</span> <span class='ocrx_word' id='word_1_240' title='bbox 1170 1813 1339 1863; x_wconf 85' lang='lat' dir='ltr'>bellator</span> <span class='ocrx_word' id='word_1_241' title='bbox 1363 1828 1439 1853; x_wconf 89' lang='lat' dir='ltr'>non</span> 
     </span>
     <span class='ocr_line' id='line_1_32' title="bbox 117 1869 1439 1922; baseline 0.002 -14"><span class='ocrx_word' id='word_1_242' title='bbox 117 1876 190 1916; x_wconf 83' lang='lat' dir='ltr'>est,</span> <span class='ocrx_word' id='word_1_243' title='bbox 216 1869 459 1908; x_wconf 81' lang='lat' dir='ltr'>machaeram</span> <span class='ocrx_word' id='word_1_244' title='bbox 485 1870 679 1921; x_wconf 83' lang='lat' dir='ltr'>intentans</span> <span class='ocrx_word' id='word_1_245' title='bbox 704 1869 975 1919; x_wconf 85' lang='lat' dir='ltr'>allegoricam,</span> <span class='ocrx_word' id='word_1_246' title='bbox 1008 1870 1117 1909; x_wconf 91' lang='lat' dir='ltr'>licuit</span> <span class='ocrx_word' id='word_1_247' title='bbox 1141 1883 1236 1922; x_wconf 86' lang='lat' dir='ltr'>ergo</span> <span class='ocrx_word' id='word_1_248' title='bbox 1262 1877 1309 1918; x_wconf 61' lang='lat' dir='ltr'>et</span> <span class='ocrx_word' id='word_1_249' title='bbox 1328 1871 1439 1910; x_wconf 87' lang='lat' dir='ltr'>Chri-</span> 
     </span>
     <span class='ocr_line' id='line_1_33' title="bbox 116 1926 1438 1978; baseline 0.001 -12"><span class='ocrx_word' id='word_1_250' title='bbox 116 1933 178 1966; x_wconf 80' lang='lat' dir='ltr'>sto</span> <span class='ocrx_word' id='word_1_251' title='bbox 204 1927 394 1965; x_wconf 89' lang='lat' dir='ltr'>creatoris</span> <span class='ocrx_word' id='word_1_252' title='bbox 430 1927 468 1964; x_wconf 89' lang='lat' dir='ltr'>in</span> <span class='ocrx_word' id='word_1_253' title='bbox 494 1926 639 1978; x_wconf 90' lang='lat' dir='ltr'>psalmo</span> <span class='ocrx_word' id='word_1_254' title='bbox 669 1927 751 1964; x_wconf 88' lang='lat' dir='ltr'>siue</span> <span class='ocrx_word' id='word_1_255' title='bbox 781 1926 933 1965; x_wconf 89' lang='lat' dir='ltr'>bellicis</span> <span class='ocrx_word' id='word_1_256' title='bbox 969 1927 1085 1967; x_wconf 89' lang='lat' dir='ltr'>rebus</span> <span class='ocrx_word' id='word_1_257' title='bbox 1121 1941 1213 1966; x_wconf 88' lang='lat' dir='ltr'>ense</span> <span class='ocrx_word' id='word_1_258' title='bbox 1249 1931 1438 1967; x_wconf 90' lang='lat' dir='ltr'>sermonis</span> 
     </span>
     <span class='ocr_line' id='line_1_34' title="bbox 116 1982 1440 2037; baseline 0.001 -14"><span class='ocrx_word' id='word_1_259' title='bbox 116 1985 321 2036; x_wconf 79' lang='lat' dir='ltr'>praecingi</span> <span class='ocrx_word' id='word_1_260' title='bbox 354 1984 543 2035; x_wconf 76' lang='lat' dir='ltr'>figurato,</span> <span class='ocrx_word' id='word_1_261' title='bbox 578 1984 640 2022; x_wconf 86' lang='lat' dir='ltr'>cui</span> <span class='ocrx_word' id='word_1_262' title='bbox 676 1982 898 2035; x_wconf 87' lang='lat' dir='ltr'>supradicta</span> <span class='ocrx_word' id='word_1_263' title='bbox 934 1985 1211 2036; x_wconf 81' lang='lat' dir='ltr'>tempestivitas</span> <span class='ocrx_word' id='word_1_264' title='bbox 1248 1994 1440 2037; x_wconf 85' lang='lat' dir='ltr'>congruat</span> 
     </span>
     <span class='ocr_line' id='line_1_35' title="bbox 114 2041 1439 2096; baseline 0.001 -15"><span class='ocrx_word' id='word_1_265' title='bbox 114 2048 159 2089; x_wconf 39' lang='lat' dir='ltr'>,et</span> <span class='ocrx_word' id='word_1_266' title='bbox 182 2042 307 2093; x_wconf 83' lang='lat' dir='ltr'>gratia</span> <span class='ocrx_word' id='word_1_267' title='bbox 334 2041 539 2086; x_wconf 86' lang='lat' dir='ltr'>labiorum,</span> <span class='ocrx_word' id='word_1_268' title='bbox 573 2053 682 2092; x_wconf 82' lang='lat' dir='ltr'>quem</span> <span class='ocrx_word' id='word_1_269' title='bbox 705 2048 797 2096; x_wconf 78' lang='lat' dir='ltr'>tuuc</span> <span class='ocrx_word' id='word_1_270' title='bbox 822 2042 896 2080; x_wconf 89' lang='lat' dir='ltr'>iam</span> <span class='ocrx_word' id='word_1_271' title='bbox 922 2041 1151 2093; x_wconf 89' lang='lat' dir='ltr'>cingebatur</span> <span class='ocrx_word' id='word_1_272' title='bbox 1174 2055 1291 2094; x_wconf 89' lang='lat' dir='ltr'>super</span> <span class='ocrx_word' id='word_1_273' title='bbox 1314 2044 1439 2082; x_wconf 85' lang='lat' dir='ltr'>femur</span> 
     </span>
     <span class='ocr_line' id='line_1_36' title="bbox 115 2097 1436 2151; baseline 0.001 -13"><span class='ocrx_word' id='word_1_274' title='bbox 115 2097 368 2151; x_wconf 71' lang='lat' dir='ltr'>apudDavtd,</span> <span class='ocrx_word' id='word_1_275' title='bbox 396 2097 623 2151; x_wconf 85' lang='lat' dir='ltr'>quandoque</span> <span class='ocrx_word' id='word_1_276' title='bbox 647 2098 827 2138; x_wconf 87' lang='lat' dir='ltr'>missurus</span> <span class='ocrx_word' id='word_1_277' title='bbox 858 2099 897 2137; x_wconf 87' lang='lat' dir='ltr'>in</span> <span class='ocrx_word' id='word_1_278' title='bbox 922 2105 1077 2138; x_wconf 87' lang='lat' dir='ltr'>terram.</span> <span class='ocrx_word' id='word_1_279' title='bbox 1126 2099 1211 2138; x_wconf 88' lang='lat' dir='ltr'>Hoc</span> <span class='ocrx_word' id='word_1_280' title='bbox 1238 2107 1298 2138; x_wconf 90' lang='lat' dir='ltr'>est</span> <span class='ocrx_word' id='word_1_281' title='bbox 1322 2102 1436 2147; x_wconf 87' lang='lat' dir='ltr'>enim,</span> 
     </span>
     <span class='ocr_line' id='line_1_37' title="bbox 118 2155 1436 2208; baseline 0.001 -14"><span class='ocrx_word' id='word_1_282' title='bbox 118 2155 221 2208; x_wconf 85' lang='lat' dir='ltr'>quod</span> <span class='ocrx_word' id='word_1_283' title='bbox 251 2157 324 2195; x_wconf 89' lang='lat' dir='ltr'>ait:</span> <span class='ocrx_word' id='word_1_284' title='bbox 356 2163 396 2195; x_wconf 85' lang='lat' dir='ltr'>et</span> <span class='ocrx_word' id='word_1_285' title='bbox 427 2155 593 2195; x_wconf 82' lang='lat' dir='ltr'>extende</span> <span class='ocrx_word' id='word_1_286' title='bbox 624 2162 665 2193; x_wconf 89' lang='lat' dir='ltr'>et</span> <span class='ocrx_word' id='word_1_287' title='bbox 693 2168 926 2207; x_wconf 88' lang='lat' dir='ltr'>prosperare</span> <span class='ocrx_word' id='word_1_288' title='bbox 958 2163 999 2195; x_wconf 90' lang='lat' dir='ltr'>et</span> <span class='ocrx_word' id='word_1_289' title='bbox 1028 2170 1163 2208; x_wconf 85' lang='lat' dir='ltr'>regna.</span> <span class='ocrx_word' id='word_1_290' title='bbox 1212 2156 1436 2197; x_wconf 72' lang='lat' dir='ltr'>Extendens</span> 
     </span>
     <span class='ocr_line' id='line_1_38' title="bbox 117 2210 1437 2266; baseline 0 -14"><span class='ocrx_word' id='word_1_291' title='bbox 117 2226 333 2262; x_wconf 83' lang='lat' dir='ltr'>sermonem</span> <span class='ocrx_word' id='word_1_292' title='bbox 370 2214 408 2252; x_wconf 92' lang='lat' dir='ltr'>in</span> <span class='ocrx_word' id='word_1_293' title='bbox 441 2226 590 2251; x_wconf 88' lang='lat' dir='ltr'>omnem</span> <span class='ocrx_word' id='word_1_294' title='bbox 621 2212 844 2266; x_wconf 65' lang='lat' dir='ltr'>teri-amad</span> <span class='ocrx_word' id='word_1_295' title='bbox 873 2210 1135 2253; x_wconf 75' lang='lat' dir='ltr'>universarum</span> <span class='ocrx_word' id='word_1_296' title='bbox 1166 2216 1338 2264; x_wconf 85' lang='lat' dir='ltr'>gentium</span> <span class='ocrx_word' id='word_1_297' title='bbox 1367 2228 1437 2252; x_wconf 88' lang='lat' dir='ltr'>vo-</span> 
     </span>
     <span class='ocr_line' id='line_1_39' title="bbox 61 2266 1438 2323; baseline 0.001 -14"><span class='ocrx_word' id='word_1_298' title='bbox 61 2290 67 2294; x_wconf 94' lang='lat'>·</span> <span class='ocrx_word' id='word_1_299' title='bbox 118 2271 331 2318; x_wconf 89' lang='lat' dir='ltr'>cationem‚·</span> <span class='ocrx_word' id='word_1_300' title='bbox 348 2266 644 2323; x_wconf 80' lang='lat' dir='ltr'>prosperaturus</span> <span class='ocrx_word' id='word_1_301' title='bbox 662 2283 845 2310; x_wconf 85' lang='lat' dir='ltr'>successu</span> <span class='ocrx_word' id='word_1_302' title='bbox 871 2269 974 2313; x_wconf 79' lang='lat' dir='ltr'>fidei,</span> <span class='ocrx_word' id='word_1_303' title='bbox 1001 2284 1075 2323; x_wconf 87' lang='lat' dir='ltr'>qua</span> <span class='ocrx_word' id='word_1_304' title='bbox 1094 2277 1154 2310; x_wconf 88' lang='lat' dir='ltr'>est</span> <span class='ocrx_word' id='word_1_305' title='bbox 1178 2278 1371 2323; x_wconf 87' lang='lat' dir='ltr'>receptus,</span> <span class='ocrx_word' id='word_1_306' title='bbox 1398 2279 1438 2310; x_wconf 90' lang='lat' dir='ltr'>et</span> 
     </span>
     <span class='ocr_line' id='line_1_40' title="bbox 116 2327 1436 2380; baseline -0.001 -13"><span class='ocrx_word' id='word_1_307' title='bbox 116 2340 285 2380; x_wconf 86' lang='lat' dir='ltr'>regnans</span> <span class='ocrx_word' id='word_1_308' title='bbox 309 2327 463 2375; x_wconf 84' lang='lat' dir='ltr'>exinde,</span> <span class='ocrx_word' id='word_1_309' title='bbox 491 2341 563 2380; x_wconf 83' lang='lat' dir='ltr'>qua</span> <span class='ocrx_word' id='word_1_310' title='bbox 587 2335 746 2368; x_wconf 85' lang='lat' dir='ltr'>mortem</span> <span class='ocrx_word' id='word_1_311' title='bbox 773 2329 1060 2367; x_wconf 87' lang='lat' dir='ltr'>resurrectione</span> <span class='ocrx_word' id='word_1_312' title='bbox 1086 2327 1243 2367; x_wconf 84' lang='lat' dir='ltr'>devicit.</span> <span class='ocrx_word' id='word_1_313' title='bbox 1292 2328 1343 2366; x_wconf 88' lang='lat' dir='ltr'>Et</span> <span class='ocrx_word' id='word_1_314' title='bbox 1366 2327 1436 2367; x_wconf 89' lang='lat' dir='ltr'>de-</span> 
     </span>
    </p>
   </div>
   <div class='ocr_carea' id='block_1_5' title="bbox 115 2476 1436 2611">
    <p class='ocr_par' dir='ltr' id='par_1_5' title="bbox 115 2476 1436 2611">
     <span class='ocr_line' id='line_1_41' title="bbox 208 2476 1436 2520; baseline 0 -11"><span class='ocrx_word' id='word_1_315' title='bbox 208 2477 245 2515; x_wconf 75' lang='lat'>1)</span> <span class='ocrx_word' id='word_1_316' title='bbox 269 2479 324 2509; x_wconf 75' lang='lat' dir='ltr'>rs.</span> <span class='ocrx_word' id='word_1_317' title='bbox 339 2480 395 2517; x_wconf 74' lang='lat'>45,</span> <span class='ocrx_word' id='word_1_318' title='bbox 410 2480 443 2510; x_wconf 80' lang='lat'>4.</span> <span class='ocrx_word' id='word_1_319' title='bbox 526 2479 562 2517; x_wconf 85' lang='lat'>2)</span> <span class='ocrx_word' id='word_1_320' title='bbox 584 2479 670 2512; x_wconf 70' lang='lat' dir='ltr'>lma.</span> <span class='ocrx_word' id='word_1_321' title='bbox 684 2488 715 2509; x_wconf 83' lang='lat' dir='ltr'>v.</span> <span class='ocrx_word' id='word_1_322' title='bbox 729 2479 760 2510; x_wconf 79' lang='lat'>3.</span> <span class='ocrx_word' id='word_1_323' title='bbox 843 2476 881 2520; x_wconf 80' lang='lat'>3)</span> <span class='ocrx_word' id='word_1_324' title='bbox 907 2479 988 2510; x_wconf 74' lang='lat' dir='ltr'>ibid.</span> <span class='ocrx_word' id='word_1_325' title='bbox 1002 2488 1031 2508; x_wconf 81' lang='lat' dir='ltr'>v.</span> <span class='ocrx_word' id='word_1_326' title='bbox 1047 2479 1077 2509; x_wconf 87' lang='lat'>5.</span> <span class='ocrx_word' id='word_1_327' title='bbox 1160 2478 1198 2518; x_wconf 74' lang='lat'>4)</span> <span class='ocrx_word' id='word_1_328' title='bbox 1218 2479 1256 2509; x_wconf 83' lang='lat' dir='ltr'>in</span> <span class='ocrx_word' id='word_1_329' title='bbox 1270 2477 1436 2517; x_wconf 54' lang='lat' dir='ltr'>eufran.</span> 
     </span>
     <span class='ocr_line' id='line_1_42' title="bbox 115 2524 1436 2564; baseline 0.001 -9"><span class='ocrx_word' id='word_1_330' title='bbox 115 2527 151 2556; x_wconf 75' lang='lat' dir='ltr'>et</span> <span class='ocrx_word' id='word_1_331' title='bbox 175 2524 248 2564; x_wconf 77' lang='lat' dir='ltr'>mg.</span> <span class='ocrx_word' id='word_1_332' title='bbox 268 2525 343 2556; x_wconf 69' lang='lat' dir='ltr'>add.</span> <span class='ocrx_word' id='word_1_333' title='bbox 374 2525 552 2556; x_wconf 83' lang='lat' dir='ltr'>lenitati</span> <span class='ocrx_word' id='word_1_334' title='bbox 573 2527 613 2555; x_wconf 87' lang='lat' dir='ltr'>et</span> <span class='ocrx_word' id='word_1_335' title='bbox 632 2524 843 2555; x_wconf 72' lang='lat' dir='ltr'>iustitiae.</span> <span class='ocrx_word' id='word_1_336' title='bbox 939 2525 975 2564; x_wconf 86' lang='lat'>5)</span> <span class='ocrx_word' id='word_1_337' title='bbox 995 2525 1102 2563; x_wconf 75' lang='lat' dir='ltr'>Apoc.</span> <span class='ocrx_word' id='word_1_338' title='bbox 1118 2526 1150 2563; x_wconf 84' lang='lat'>1,</span> <span class='ocrx_word' id='word_1_339' title='bbox 1167 2527 1197 2555; x_wconf 85' lang='lat'>5.</span> <span class='ocrx_word' id='word_1_340' title='bbox 1290 2526 1327 2563; x_wconf 79' lang='lat'>6)</span> <span class='ocrx_word' id='word_1_341' title='bbox 1348 2524 1436 2564; x_wconf 81' lang='lat' dir='ltr'>Eph-</span> 
     </span>
     <span class='ocr_line' id='line_1_43' title="bbox 116 2571 1213 2611; baseline 0 -11"><span class='ocrx_word' id='word_1_342' title='bbox 116 2572 150 2611; x_wconf 75' lang='lat'>⁶,</span> <span class='ocrx_word' id='word_1_343' title='bbox 165 2572 209 2602; x_wconf 65' lang='grc' dir='ltr'>ιι</span> <span class='ocrx_word' id='word_1_344' title='bbox 221 2580 293 2610; x_wconf 67' lang='lat' dir='ltr'>sqq.</span> <span class='ocrx_word' id='word_1_345' title='bbox 390 2572 427 2611; x_wconf 77' lang='grc' dir='ltr'>τ)</span> <span class='ocrx_word' id='word_1_346' title='bbox 452 2571 574 2602; x_wconf 72' lang='lat' dir='ltr'>Manu.</span> <span class='ocrx_word' id='word_1_347' title='bbox 592 2573 646 2609; x_wconf 89' lang='lat'>10,</span> <span class='ocrx_word' id='word_1_348' title='bbox 663 2572 718 2601; x_wconf 80' lang='lat'>34.</span> <span class='ocrx_word' id='word_1_349' title='bbox 1211 2571 1213 2573; x_wconf 89' lang='lat'>·</span> 
     </span>
    </p>
   </div>
  </div>
 </body>
</html>
