<?xml version="1.0" encoding="UTF-8"?>
<!DOCTYPE html PUBLIC "-//W3C//DTD XHTML 1.0 Transitional//EN"
    "http://www.w3.org/TR/xhtml1/DTD/xhtml1-transitional.dtd">
<html xmlns="http://www.w3.org/1999/xhtml" xml:lang="en" lang="en">
 <head>
  <title>
</title>
<meta http-equiv="Content-Type" content="text/html;charset=utf-8" />
  <meta name='ocr-system' content='tesseract 3.04.00' />
  <meta name='ocr-capabilities' content='ocr_page ocr_carea ocr_par ocr_line ocrx_word'/>
</head>
<body>
  <div class='ocr_page' id='page_1' title='image "./operatert34tertuoft_0244.png"; bbox 0 0 1624 2826; ppageno 0'>
   <div class='ocr_carea' id='block_1_1' title="bbox 197 194 1273 237">
    <p class='ocr_par' dir='ltr' id='par_1_1' title="bbox 197 194 1273 237">
     <span class='ocr_line' id='line_1_1' title="bbox 197 194 1273 237; baseline -0.009 0"><span class='ocrx_word' id='word_1_1' title='bbox 197 198 299 237; x_wconf 64' lang='lat'>2³4</span> <span class='ocrx_word' id='word_1_2' title='bbox 447 198 967 231; x_wconf 79' lang='lat' dir='ltr'>ADV.MARC10NEM</span> <span class='ocrx_word' id='word_1_3' title='bbox 1002 197 1179 228; x_wconf 71' lang='grc' dir='ltr'>ΜΒΕΒ</span> <span class='ocrx_word' id='word_1_4' title='bbox 1214 194 1273 228; x_wconf 85' lang='lat' dir='ltr'>lv.</span> 
     </span>
    </p>
   </div>
   <div class='ocr_carea' id='block_1_2' title="bbox 196 287 1582 2352">
    <p class='ocr_par' dir='ltr' id='par_1_2' title="bbox 196 287 1582 2352">
     <span class='ocr_line' id='line_1_2' title="bbox 198 287 1526 346; baseline -0.003 -14"><span class='ocrx_word' id='word_1_5' title='bbox 198 295 329 346; x_wconf 89' lang='lat' dir='ltr'>utique</span> <span class='ocrx_word' id='word_1_6' title='bbox 368 291 542 331; x_wconf 91' lang='lat' dir='ltr'>dominus</span> <span class='ocrx_word' id='word_1_7' title='bbox 567 303 637 342; x_wconf 89' lang='lat' dir='ltr'>per</span> <span class='ocrx_word' id='word_1_8' title='bbox 662 297 783 329; x_wconf 88' lang='lat' dir='ltr'>semet</span> <span class='ocrx_word' id='word_1_9' title='bbox 821 291 940 342; x_wconf 89' lang='lat' dir='ltr'>ipsum</span> <span class='ocrx_word' id='word_1_10' title='bbox 969 296 1153 343; x_wconf 81' lang='lat' dir='ltr'><strong>operetur</strong></span> <span class='ocrx_word' id='word_1_11' title='bbox 1182 289 1262 327; x_wconf 78' lang='lat' dir='ltr'>sive</span> <span class='ocrx_word' id='word_1_12' title='bbox 1295 300 1367 342; x_wconf 87' lang='lat' dir='ltr'>per</span> <span class='ocrx_word' id='word_1_13' title='bbox 1397 287 1526 335; x_wconf 83' lang='lat' dir='ltr'>filium,</span> 
     </span>
     <span class='ocr_line' id='line_1_3' title="bbox 198 344 1530 403; baseline -0.004 -13"><span class='ocrx_word' id='word_1_14' title='bbox 198 353 312 390; x_wconf 90' lang='lat' dir='ltr'>aliter</span> <span class='ocrx_word' id='word_1_15' title='bbox 349 363 420 403; x_wconf 87' lang='lat' dir='ltr'>per</span> <span class='ocrx_word' id='word_1_16' title='bbox 456 349 688 401; x_wconf 89' lang='lat' dir='ltr'>prophetas,</span> <span class='ocrx_word' id='word_1_17' title='bbox 737 348 900 387; x_wconf 87' lang='lat' dir='ltr'>famulos</span> <span class='ocrx_word' id='word_1_18' title='bbox 938 362 1052 395; x_wconf 82' lang='lat' dir='ltr'>suos,</span> <span class='ocrx_word' id='word_1_19' title='bbox 1096 348 1257 385; x_wconf 83' lang='lat' dir='ltr'>maxime</span> <span class='ocrx_word' id='word_1_20' title='bbox 1297 344 1530 385; x_wconf 79' lang='lat' dir='ltr'>documenta</span> 
     </span>
     <span class='ocr_line' id='line_1_4' title="bbox 196 402 1530 458; baseline -0.004 -11"><span class='ocrx_word' id='word_1_21' title='bbox 196 409 348 448; x_wconf 90' lang='lat' dir='ltr'>virtutis</span> <span class='ocrx_word' id='word_1_22' title='bbox 386 414 426 446; x_wconf 89' lang='lat' dir='ltr'>et</span> <span class='ocrx_word' id='word_1_23' title='bbox 461 407 687 458; x_wconf 88' lang='lat' dir='ltr'>potestatis,</span> <span class='ocrx_word' id='word_1_24' title='bbox 727 419 822 457; x_wconf 87' lang='lat' dir='ltr'>quae</span> <span class='ocrx_word' id='word_1_25' title='bbox 860 413 903 443; x_wconf 91' lang='lat' dir='ltr'>ut</span> <span class='ocrx_word' id='word_1_26' title='bbox 934 406 1100 444; x_wconf 91' lang='lat' dir='ltr'>clariora</span> <span class='ocrx_word' id='word_1_27' title='bbox 1132 411 1172 443; x_wconf 89' lang='lat' dir='ltr'>et</span> <span class='ocrx_word' id='word_1_28' title='bbox 1202 402 1415 451; x_wconf 78' lang='lat' dir='ltr'>validiora,</span> <span class='ocrx_word' id='word_1_29' title='bbox 1456 416 1530 455; x_wconf 83' lang='lat' dir='ltr'>qua</span> 
     </span>
     <span class='ocr_line' id='line_1_5' title="bbox 197 459 1529 519; baseline -0.004 -15"><span class='ocrx_word' id='word_1_30' title='bbox 197 467 379 519; x_wconf 88' lang='lat' dir='ltr'>propria,</span> <span class='ocrx_word' id='word_1_31' title='bbox 419 463 560 502; x_wconf 88' lang='lat' dir='ltr'>distare</span> <span class='ocrx_word' id='word_1_32' title='bbox 593 477 615 501; x_wconf 88' lang='lat' dir='ltr'>a</span> <span class='ocrx_word' id='word_1_33' title='bbox 644 464 800 502; x_wconf 82' lang='lat' dir='ltr'>vicariis</span> <span class='ocrx_word' id='word_1_34' title='bbox 831 463 888 501; x_wconf 87' lang='lat' dir='ltr'>fas</span> <span class='ocrx_word' id='word_1_35' title='bbox 920 471 990 501; x_wconf 84' lang='lat' dir='ltr'>est.</span> <span class='ocrx_word' id='word_1_36' title='bbox 1054 460 1132 500; x_wconf 86' lang='lat' dir='ltr'>Sed</span> <span class='ocrx_word' id='word_1_37' title='bbox 1159 459 1413 502; x_wconf 66' lang='lat' dir='ltr'>eiusmodi‘et</span> <span class='ocrx_word' id='word_1_38' title='bbox 1436 460 1529 516; x_wconf 80' lang='lat' dir='ltr'>alibi</span> 
     </span>
     <span class='ocr_line' id='line_1_6' title="bbox 198 519 1530 573; baseline -0.004 -11"><span class='ocrx_word' id='word_1_39' title='bbox 198 526 274 562; x_wconf 91' lang='lat' dir='ltr'>iam</span> <span class='ocrx_word' id='word_1_40' title='bbox 306 522 410 561; x_wconf 90' lang='lat' dir='ltr'>dicta</span> <span class='ocrx_word' id='word_1_41' title='bbox 446 529 532 560; x_wconf 90' lang='lat' dir='ltr'>sunt</span> <span class='ocrx_word' id='word_1_42' title='bbox 562 522 599 559; x_wconf 90' lang='lat' dir='ltr'>in</span> <span class='ocrx_word' id='word_1_43' title='bbox 631 520 864 560; x_wconf 88' lang='lat' dir='ltr'>documento</span> <span class='ocrx_word' id='word_1_44' title='bbox 898 521 1111 573; x_wconf 82' lang='lat' dir='ltr'>superiore.</span> <span class='ocrx_word' id='word_1_45' title='bbox 1173 519 1284 558; x_wconf 87' lang='lat' dir='ltr'>Nunc</span> <span class='ocrx_word' id='word_1_46' title='bbox 1318 520 1391 558; x_wconf 88' lang='lat' dir='ltr'>etsi</span> <span class='ocrx_word' id='word_1_47' title='bbox 1417 522 1530 572; x_wconf 77' lang='lat' dir='ltr'>prae-</span> 
     </span>
     <span class='ocr_line' id='line_1_7' title="bbox 197 576 1528 630; baseline -0.002 -12"><span class='ocrx_word' id='word_1_48' title='bbox 197 582 298 619; x_wconf 86' lang='lat' dir='ltr'>fatus</span> <span class='ocrx_word' id='word_1_49' title='bbox 335 587 412 626; x_wconf 89' lang='lat' dir='ltr'>est,</span> <span class='ocrx_word' id='word_1_50' title='bbox 458 579 597 617; x_wconf 89' lang='lat' dir='ltr'>multos</span> <span class='ocrx_word' id='word_1_51' title='bbox 634 586 722 618; x_wconf 90' lang='lat' dir='ltr'>tunc</span> <span class='ocrx_word' id='word_1_52' title='bbox 761 580 878 617; x_wconf 86' lang='lat' dir='ltr'>fuisse</span> <span class='ocrx_word' id='word_1_53' title='bbox 919 580 1094 630; x_wconf 86' lang='lat' dir='ltr'>leprosos</span> <span class='ocrx_word' id='word_1_54' title='bbox 1131 577 1231 629; x_wconf 88' lang='lat' dir='ltr'>apud</span> <span class='ocrx_word' id='word_1_55' title='bbox 1269 576 1466 619; x_wconf 14' lang='lat' dir='ltr'>Israelem,</span> <span class='ocrx_word' id='word_1_56' title='bbox 1489 578 1528 616; x_wconf 86' lang='lat' dir='ltr'>in</span> 
     </span>
     <span class='ocr_line' id='line_1_8' title="bbox 199 637 1530 690; baseline -0.002 -14"><span class='ocrx_word' id='word_1_57' title='bbox 199 638 333 677; x_wconf 90' lang='lat' dir='ltr'>diebus</span> <span class='ocrx_word' id='word_1_58' title='bbox 371 637 541 675; x_wconf 89' lang='lat' dir='ltr'>Helisaei</span> <span class='ocrx_word' id='word_1_59' title='bbox 577 637 815 690; x_wconf 86' lang='lat' dir='ltr'>prophetae,</span> <span class='ocrx_word' id='word_1_60' title='bbox 855 643 894 675; x_wconf 85' lang='lat' dir='ltr'>et</span> <span class='ocrx_word' id='word_1_61' title='bbox 931 638 1120 674; x_wconf 90' lang='lat' dir='ltr'>neminem</span> <span class='ocrx_word' id='word_1_62' title='bbox 1158 648 1291 674; x_wconf 89' lang='lat' dir='ltr'>eorum</span> <span class='ocrx_word' id='word_1_63' title='bbox 1329 641 1530 687; x_wconf 83' lang='lat' dir='ltr'>purgatum</span> 
     </span>
     <span class='ocr_line' id='line_1_9' title="bbox 198 687 1541 746; baseline -0.002 -12"><span class='ocrx_word' id='word_1_64' title='bbox 198 697 270 734; x_wconf 92' lang='lat' dir='ltr'>nisi</span> <span class='ocrx_word' id='word_1_65' title='bbox 296 695 469 734; x_wconf 89' lang='lat' dir='ltr'>Neeman</span> <span class='ocrx_word' id='word_1_66' title='bbox 497 693 660 746; x_wconf 84' lang='lat' dir='ltr'>Syrum,</span> <span class='ocrx_word' id='word_1_67' title='bbox 682 696 717 743; x_wconf 87' lang='lat'>1)</span> <span class='ocrx_word' id='word_1_68' title='bbox 758 708 833 732; x_wconf 84' lang='lat' dir='ltr'>non</span> <span class='ocrx_word' id='word_1_69' title='bbox 866 695 994 746; x_wconf 87' lang='lat' dir='ltr'>utique</span> <span class='ocrx_word' id='word_1_70' title='bbox 1028 687 1205 735; x_wconf 85' lang='lat' dir='ltr'>numerus</span> <span class='ocrx_word' id='word_1_71' title='bbox 1237 693 1358 731; x_wconf 82' lang='lat' dir='ltr'>faciet</span> <span class='ocrx_word' id='word_1_72' title='bbox 1381 691 1430 731; x_wconf 88' lang='lat' dir='ltr'>ad</span> <span class='ocrx_word' id='word_1_73' title='bbox 1457 690 1541 731; x_wconf 77' lang='lat' dir='ltr'>‹lif--</span> 
     </span>
     <span class='ocr_line' id='line_1_10' title="bbox 198 751 1531 798; baseline -0.002 -6"><span class='ocrx_word' id='word_1_74' title='bbox 198 754 402 792; x_wconf 86' lang='lat' dir='ltr'>ferentiam</span> <span class='ocrx_word' id='word_1_75' title='bbox 439 752 597 790; x_wconf 90' lang='lat' dir='ltr'>deorum</span> <span class='ocrx_word' id='word_1_76' title='bbox 628 752 667 790; x_wconf 91' lang='lat' dir='ltr'>in</span> <span class='ocrx_word' id='word_1_77' title='bbox 699 751 1001 790; x_wconf 81' lang='lat' dir='ltr'>destructionem</span> <span class='ocrx_word' id='word_1_78' title='bbox 1035 751 1223 790; x_wconf 82' lang='lat' dir='ltr'>creatoris</span> <span class='ocrx_word' id='word_1_79' title='bbox 1259 764 1372 798; x_wconf 76' lang='lat' dir='ltr'>unuin</span> <span class='ocrx_word' id='word_1_80' title='bbox 1404 761 1531 790; x_wconf 84' lang='lat' dir='ltr'>reme-</span> 
     </span>
     <span class='ocr_line' id='line_1_11' title="bbox 199 807 1530 861; baseline -0.003 -12"><span class='ocrx_word' id='word_1_81' title='bbox 199 810 340 849; x_wconf 87' lang='lat' dir='ltr'>diantis</span> <span class='ocrx_word' id='word_1_82' title='bbox 372 817 412 848; x_wconf 90' lang='lat' dir='ltr'>et</span> <span class='ocrx_word' id='word_1_83' title='bbox 443 810 721 861; x_wconf 69' lang='lat' dir='ltr'>praelationem</span> <span class='ocrx_word' id='word_1_84' title='bbox 748 810 848 856; x_wconf 84' lang='lat' dir='ltr'>eius,</span> <span class='ocrx_word' id='word_1_85' title='bbox 889 810 951 860; x_wconf 88' lang='lat' dir='ltr'>qui</span> <span class='ocrx_word' id='word_1_86' title='bbox 983 808 1118 848; x_wconf 87' lang='lat' dir='ltr'>decem</span> <span class='ocrx_word' id='word_1_87' title='bbox 1145 807 1373 846; x_wconf 84' lang='lat' dir='ltr'>emundarit.</span> <span class='ocrx_word' id='word_1_88' title='bbox 1437 807 1530 855; x_wconf 83' lang='lat' dir='ltr'>Quis</span> 
     </span>
     <span class='ocr_line' id='line_1_12' title="bbox 201 865 1531 919; baseline -0.003 -13"><span class='ocrx_word' id='word_1_89' title='bbox 201 869 301 907; x_wconf 89' lang='lat' dir='ltr'>enim</span> <span class='ocrx_word' id='word_1_90' title='bbox 329 867 519 906; x_wconf 82' lang='lat' dir='ltr'>dubitabit</span> <span class='ocrx_word' id='word_1_91' title='bbox 544 867 670 918; x_wconf 88' lang='lat' dir='ltr'>plures</span> <span class='ocrx_word' id='word_1_92' title='bbox 695 874 866 918; x_wconf 78' lang='lat' dir='ltr'>potuisse</span> <span class='ocrx_word' id='word_1_93' title='bbox 894 867 1020 905; x_wconf 85' lang='lat' dir='ltr'>curari</span> <span class='ocrx_word' id='word_1_94' title='bbox 1047 865 1093 904; x_wconf 89' lang='lat' dir='ltr'>ab</span> <span class='ocrx_word' id='word_1_95' title='bbox 1121 878 1207 919; x_wconf 60' lang='lat' dir='ltr'>eo,</span> <span class='ocrx_word' id='word_1_96' title='bbox 1229 866 1292 917; x_wconf 88' lang='lat' dir='ltr'>qui</span> <span class='ocrx_word' id='word_1_97' title='bbox 1324 877 1435 903; x_wconf 87' lang='lat' dir='ltr'>unum</span> <span class='ocrx_word' id='word_1_98' title='bbox 1463 877 1531 903; x_wconf 86' lang='lat' dir='ltr'>cu·-</span> 
     </span>
     <span class='ocr_line' id='line_1_13' title="bbox 198 920 1536 977; baseline -0.003 -13"><span class='ocrx_word' id='word_1_99' title='bbox 198 932 340 972; x_wconf 88' lang='lat' dir='ltr'>rasset,</span> <span class='ocrx_word' id='word_1_100' title='bbox 369 938 478 977; x_wconf 87' lang='lat' dir='ltr'>quam</span> <span class='ocrx_word' id='word_1_101' title='bbox 504 924 551 962; x_wconf 91' lang='lat' dir='ltr'>ab</span> <span class='ocrx_word' id='word_1_102' title='bbox 574 925 640 962; x_wconf 91' lang='lat' dir='ltr'>illo</span> <span class='ocrx_word' id='word_1_103' title='bbox 668 923 822 971; x_wconf 85' lang='lat' dir='ltr'>decem,</span> <span class='ocrx_word' id='word_1_104' title='bbox 851 925 913 975; x_wconf 93' lang='lat' dir='ltr'>qui</span> <span class='ocrx_word' id='word_1_105' title='bbox 940 937 1127 975; x_wconf 86' lang='lat' dir='ltr'>nunquam</span> <span class='ocrx_word' id='word_1_106' title='bbox 1153 930 1260 962; x_wconf 88' lang='lat' dir='ltr'>retro</span> <span class='ocrx_word' id='word_1_107' title='bbox 1286 924 1425 961; x_wconf 80' lang='lat' dir='ltr'>unum?</span> <span class='ocrx_word' id='word_1_108' title='bbox 1450 920 1536 960; x_wconf 84' lang='lat' dir='ltr'>Sed·</span> 
     </span>
     <span class='ocr_line' id='line_1_14' title="bbox 198 979 1531 1033; baseline -0.002 -12"><span class='ocrx_word' id='word_1_109' title='bbox 198 983 270 1021; x_wconf 89' lang='lat' dir='ltr'>hae</span> <span class='ocrx_word' id='word_1_110' title='bbox 309 996 393 1021; x_wconf 89' lang='lat' dir='ltr'>cum</span> <span class='ocrx_word' id='word_1_111' title='bbox 432 983 592 1030; x_wconf 85' lang='lat' dir='ltr'>maxime</span> <span class='ocrx_word' id='word_1_112' title='bbox 631 983 945 1033; x_wconf 83' lang='lat' dir='ltr'>pronuntiatione</span> <span class='ocrx_word' id='word_1_113' title='bbox 991 980 1246 1024; x_wconf 64' lang='lat' dir='ltr'>diffidentiam,</span> <span class='ocrx_word' id='word_1_114' title='bbox 1275 979 1431 1020; x_wconf 76' lang='lat' dir='ltr'>Israelis</span> <span class='ocrx_word' id='word_1_115' title='bbox 1468 979 1531 1018; x_wconf 74' lang='lat' dir='ltr'>vel</span> 
     </span>
     <span class='ocr_line' id='line_1_15' title="bbox 198 1031 1531 1093; baseline -0.002 -15"><span class='ocrx_word' id='word_1_116' title='bbox 198 1031 414 1093; x_wconf 77' lang='lat' dir='ltr'>superbiam</span> <span class='ocrx_word' id='word_1_117' title='bbox 441 1040 590 1091; x_wconf 74' lang='lat' dir='ltr'>pulsat,</span> <span class='ocrx_word' id='word_1_118' title='bbox 630 1038 731 1090; x_wconf 90' lang='lat' dir='ltr'>quod</span> <span class='ocrx_word' id='word_1_119' title='bbox 758 1052 842 1076; x_wconf 89' lang='lat' dir='ltr'>cum</span> <span class='ocrx_word' id='word_1_120' title='bbox 874 1039 980 1076; x_wconf 88' lang='lat' dir='ltr'>multi</span> <span class='ocrx_word' id='word_1_121' title='bbox 1014 1045 1144 1077; x_wconf 89' lang='lat' dir='ltr'>essent</span> <span class='ocrx_word' id='word_1_122' title='bbox 1175 1039 1254 1076; x_wconf 88' lang='lat' dir='ltr'>illie</span> <span class='ocrx_word' id='word_1_123' title='bbox 1282 1035 1452 1090; x_wconf 80' lang='lat' dir='ltr'>leprosi,</span> <span class='ocrx_word' id='word_1_124' title='bbox 1490 1042 1531 1076; x_wconf 73' lang='lat' dir='ltr'>et</span> 
     </span>
     <span class='ocr_line' id='line_1_16' title="bbox 197 1093 1530 1150; baseline -0.002 -15"><span class='ocrx_word' id='word_1_125' title='bbox 197 1098 406 1150; x_wconf 89' lang='lat' dir='ltr'>prophetes</span> <span class='ocrx_word' id='word_1_126' title='bbox 433 1110 508 1134; x_wconf 93' lang='lat' dir='ltr'>non</span> <span class='ocrx_word' id='word_1_127' title='bbox 534 1095 702 1142; x_wconf 84' lang='lat' dir='ltr'>deesset,</span> <span class='ocrx_word' id='word_1_128' title='bbox 730 1097 844 1134; x_wconf 91' lang='lat' dir='ltr'>etiam</span> <span class='ocrx_word' id='word_1_129' title='bbox 872 1095 976 1135; x_wconf 90' lang='lat' dir='ltr'>edito</span> <span class='ocrx_word' id='word_1_130' title='bbox 1004 1095 1249 1142; x_wconf 88' lang='lat' dir='ltr'>documento,</span> <span class='ocrx_word' id='word_1_131' title='bbox 1277 1108 1391 1134; x_wconf 91' lang='lat' dir='ltr'>nemo</span> <span class='ocrx_word' id='word_1_132' title='bbox 1411 1093 1530 1132; x_wconf 83' lang='lat' dir='ltr'>decu-</span> 
     </span>
     <span class='ocr_line' id='line_1_17' title="bbox 199 1152 1530 1205; baseline -0.002 -13"><span class='ocrx_word' id='word_1_133' title='bbox 199 1155 383 1193; x_wconf 87' lang='lat' dir='ltr'>currisset</span> <span class='ocrx_word' id='word_1_134' title='bbox 408 1153 455 1191; x_wconf 92' lang='lat' dir='ltr'>ad</span> <span class='ocrx_word' id='word_1_135' title='bbox 482 1153 595 1192; x_wconf 90' lang='lat' dir='ltr'>deum</span> <span class='ocrx_word' id='word_1_136' title='bbox 622 1161 845 1205; x_wconf 80' lang='lat' dir='ltr'>operantem</span> <span class='ocrx_word' id='word_1_137' title='bbox 872 1155 909 1191; x_wconf 90' lang='lat' dir='ltr'>in</span> <span class='ocrx_word' id='word_1_138' title='bbox 936 1154 1148 1205; x_wconf 86' lang='lat' dir='ltr'>prophetis.</span> <span class='ocrx_word' id='word_1_139' title='bbox 1205 1153 1332 1204; x_wconf 73' lang='lat' dir='ltr'>Igitur*</span> <span class='ocrx_word' id='word_1_140' title='bbox 1352 1152 1530 1204; x_wconf 81' lang='lat' dir='ltr'>quoniam</span> 
     </span>
     <span class='ocr_line' id='line_1_18' title="bbox 198 1210 1530 1264; baseline -0.002 -14"><span class='ocrx_word' id='word_1_141' title='bbox 198 1214 279 1264; x_wconf 89' lang='lat' dir='ltr'>ipse</span> <span class='ocrx_word' id='word_1_142' title='bbox 306 1219 390 1250; x_wconf 90' lang='lat' dir='ltr'>erat</span> <span class='ocrx_word' id='word_1_143' title='bbox 415 1211 658 1249; x_wconf 88' lang='lat' dir='ltr'>authenticus</span> <span class='ocrx_word' id='word_1_144' title='bbox 684 1212 859 1263; x_wconf 82' lang='lat' dir='ltr'>pontifex</span> <span class='ocrx_word' id='word_1_145' title='bbox 884 1210 947 1249; x_wconf 87' lang='lat' dir='ltr'>dei</span> <span class='ocrx_word' id='word_1_146' title='bbox 974 1211 1112 1262; x_wconf 84' lang='lat' dir='ltr'>patris,</span> <span class='ocrx_word' id='word_1_147' title='bbox 1151 1211 1319 1262; x_wconf 82' lang='lat' dir='ltr'>inspexit</span> <span class='ocrx_word' id='word_1_148' title='bbox 1349 1210 1437 1248; x_wconf 90' lang='lat' dir='ltr'>illos</span> <span class='ocrx_word' id='word_1_149' title='bbox 1468 1221 1530 1248; x_wconf 87' lang='lat' dir='ltr'>se-</span> 
     </span>
     <span class='ocr_line' id='line_1_19' title="bbox 200 1268 1531 1320; baseline -0.001 -13"><span class='ocrx_word' id='word_1_150' title='bbox 200 1268 360 1307; x_wconf 85' lang='lat' dir='ltr'>eundum</span> <span class='ocrx_word' id='word_1_151' title='bbox 392 1269 490 1320; x_wconf 84' lang='lat' dir='ltr'>legis</span> <span class='ocrx_word' id='word_1_152' title='bbox 527 1282 733 1315; x_wconf 89' lang='lat' dir='ltr'>arcanum,</span> <span class='ocrx_word' id='word_1_153' title='bbox 771 1268 1024 1319; x_wconf 84' lang='lat' dir='ltr'>significantis</span> <span class='ocrx_word' id='word_1_154' title='bbox 1057 1268 1248 1307; x_wconf 87' lang='lat' dir='ltr'>Christum</span> <span class='ocrx_word' id='word_1_155' title='bbox 1281 1279 1366 1307; x_wconf 89' lang='lat' dir='ltr'>esse</span> <span class='ocrx_word' id='word_1_156' title='bbox 1396 1279 1531 1307; x_wconf 87' lang='lat' dir='ltr'>verum</span> 
     </span>
     <span class='ocr_line' id='line_1_20' title="bbox 202 1323 1530 1378; baseline 0.001 -15"><span class='ocrx_word' id='word_1_157' title='bbox 202 1325 502 1377; x_wconf 81' lang='lat' dir='ltr'>disceptatorem</span> <span class='ocrx_word' id='word_1_158' title='bbox 529 1333 568 1364; x_wconf 88' lang='lat' dir='ltr'>ct</span> <span class='ocrx_word' id='word_1_159' title='bbox 593 1327 833 1365; x_wconf 86' lang='lat' dir='ltr'>elimatorem</span> <span class='ocrx_word' id='word_1_160' title='bbox 864 1327 1111 1378; x_wconf 84' lang='lat' dir='ltr'>humanarum</span> <span class='ocrx_word' id='word_1_161' title='bbox 1138 1326 1386 1365; x_wconf 88' lang='lat' dir='ltr'>macularum.</span> <span class='ocrx_word' id='word_1_162' title='bbox 1449 1323 1530 1364; x_wconf 79' lang='lat' dir='ltr'>Sed</span> 
     </span>
     <span class='ocr_line' id='line_1_21' title="bbox 201 1378 1582 1437; baseline 0.002 -19"><span class='ocrx_word' id='word_1_163' title='bbox 201 1389 240 1419; x_wconf 88' lang='lat' dir='ltr'>ct</span> <span class='ocrx_word' id='word_1_164' title='bbox 265 1382 365 1432; x_wconf 91' lang='lat' dir='ltr'>quod</span> <span class='ocrx_word' id='word_1_165' title='bbox 392 1383 428 1419; x_wconf 92' lang='lat' dir='ltr'>in</span> <span class='ocrx_word' id='word_1_166' title='bbox 454 1384 656 1420; x_wconf 74' lang='lat' dir='ltr'>mantisto</span> <span class='ocrx_word' id='word_1_167' title='bbox 683 1385 880 1434; x_wconf 84' lang='lat' dir='ltr'>fuitlegis,</span> <span class='ocrx_word' id='word_1_168' title='bbox 909 1379 1129 1436; x_wconf 84' lang='lat' dir='ltr'>praecepit:</span> <span class='ocrx_word' id='word_1_169' title='bbox 1156 1385 1223 1430; x_wconf 86' lang='lat' dir='ltr'>ite,</span> <span class='ocrx_word' id='word_1_170' title='bbox 1252 1378 1446 1423; x_wconf 80' lang='lat' dir='ltr'>ostendi-te</span> <span class='ocrx_word' id='word_1_171' title='bbox 1461 1389 1530 1422; x_wconf 77' lang='lat' dir='ltr'>ve&#39;s</span> <span class='ocrx_word' id='word_1_172' title='bbox 1575 1434 1582 1437; x_wconf 24' lang='grc' dir='ltr'>ί</span> 
     </span>
     <span class='ocr_line' id='line_1_22' title="bbox 201 1437 1530 1490; baseline 0.003 -15"><span class='ocrx_word' id='word_1_173' title='bbox 201 1437 483 1476; x_wconf 88' lang='lat' dir='ltr'>sacerdotibus.</span> <span class='ocrx_word' id='word_1_174' title='bbox 548 1439 642 1489; x_wconf 90' lang='lat' dir='ltr'>Cur,</span> <span class='ocrx_word' id='word_1_175' title='bbox 681 1441 713 1477; x_wconf 88' lang='lat' dir='ltr'>si</span> <span class='ocrx_word' id='word_1_176' title='bbox 746 1440 832 1490; x_wconf 84' lang='lat' dir='ltr'>illos</span> <span class='ocrx_word' id='word_1_177' title='bbox 864 1448 951 1478; x_wconf 86' lang='lat' dir='ltr'>ante</span> <span class='ocrx_word' id='word_1_178' title='bbox 991 1448 1076 1479; x_wconf 85' lang='lat' dir='ltr'>erat</span> <span class='ocrx_word' id='word_1_179' title='bbox 1108 1440 1410 1480; x_wconf 77' lang='lat' dir='ltr'>emundaturus?</span> <span class='ocrx_word' id='word_1_180' title='bbox 1467 1439 1530 1480; x_wconf 87' lang='lat' dir='ltr'>An</span> 
     </span>
     <span class='ocr_line' id='line_1_23' title="bbox 203 1495 1532 1546; baseline 0.005 -15"><span class='ocrx_word' id='word_1_181' title='bbox 203 1496 307 1546; x_wconf 91' lang='lat' dir='ltr'>quasi</span> <span class='ocrx_word' id='word_1_182' title='bbox 340 1495 437 1545; x_wconf 85' lang='lat' dir='ltr'>legis</span> <span class='ocrx_word' id='word_1_183' title='bbox 469 1495 627 1542; x_wconf 75' lang='lat' dir='ltr'>illusor,</span> <span class='ocrx_word' id='word_1_184' title='bbox 671 1503 712 1534; x_wconf 92' lang='lat' dir='ltr'>ut</span> <span class='ocrx_word' id='word_1_185' title='bbox 742 1497 779 1533; x_wconf 88' lang='lat' dir='ltr'>in</span> <span class='ocrx_word' id='word_1_186' title='bbox 811 1498 950 1535; x_wconf 80' lang='lat' dir='ltr'>itinere</span> <span class='ocrx_word' id='word_1_187' title='bbox 985 1498 1127 1535; x_wconf 86' lang='lat' dir='ltr'>curatis</span> <span class='ocrx_word' id='word_1_188' title='bbox 1154 1497 1397 1545; x_wconf 80' lang='lat' dir='ltr'>ostenderet,</span> <span class='ocrx_word' id='word_1_189' title='bbox 1436 1497 1532 1536; x_wconf 85' lang='lat' dir='ltr'>nihil</span> 
     </span>
     <span class='ocr_line' id='line_1_24' title="bbox 202 1552 1581 1605; baseline 0.002 -14"><span class='ocrx_word' id='word_1_190' title='bbox 202 1565 286 1591; x_wconf 88' lang='lat' dir='ltr'>esse</span> <span class='ocrx_word' id='word_1_191' title='bbox 313 1552 437 1602; x_wconf 84' lang='lat' dir='ltr'>legem</span> <span class='ocrx_word' id='word_1_192' title='bbox 465 1565 547 1590; x_wconf 88' lang='lat' dir='ltr'>cum</span> <span class='ocrx_word' id='word_1_193' title='bbox 574 1553 665 1604; x_wconf 89' lang='lat' dir='ltr'>ipsis</span> <span class='ocrx_word' id='word_1_194' title='bbox 691 1553 981 1591; x_wconf 81' lang='lat' dir='ltr'>sacerdotibus?</span> <span class='ocrx_word' id='word_1_195' title='bbox 1006 1554 1056 1591; x_wconf 90' lang='lat' dir='ltr'>Et</span> <span class='ocrx_word' id='word_1_196' title='bbox 1075 1556 1204 1605; x_wconf 90' lang='lat' dir='ltr'>utique</span> <span class='ocrx_word' id='word_1_197' title='bbox 1229 1554 1382 1602; x_wconf 87' lang='lat' dir='ltr'>viderit,</span> <span class='ocrx_word' id='word_1_198' title='bbox 1404 1555 1442 1601; x_wconf 77' lang='lat' dir='ltr'>¹si</span> <span class='ocrx_word' id='word_1_199' title='bbox 1469 1555 1531 1594; x_wconf 85' lang='lat' dir='ltr'>cui</span> <span class='ocrx_word' id='word_1_200' title='bbox 1577 1598 1581 1604; x_wconf 59' lang='grc'><em>,</em></span> 
     </span>
     <span class='ocr_line' id='line_1_25' title="bbox 200 1608 1530 1662; baseline 0.003 -16"><span class='ocrx_word' id='word_1_201' title='bbox 200 1617 276 1647; x_wconf 87' lang='lat' dir='ltr'>tam</span> <span class='ocrx_word' id='word_1_202' title='bbox 303 1610 499 1660; x_wconf 90' lang='lat' dir='ltr'>opiniosus</span> <span class='ocrx_word' id='word_1_203' title='bbox 523 1608 716 1648; x_wconf 88' lang='lat' dir='ltr'>videbitur</span> <span class='ocrx_word' id='word_1_204' title='bbox 742 1610 928 1649; x_wconf 84' lang='lat' dir='ltr'>Christus.</span> <span class='ocrx_word' id='word_1_205' title='bbox 990 1611 1068 1649; x_wconf 91' lang='lat' dir='ltr'>Imo</span> <span class='ocrx_word' id='word_1_206' title='bbox 1097 1610 1273 1662; x_wconf 87' lang='lat' dir='ltr'>digniora</span> <span class='ocrx_word' id='word_1_207' title='bbox 1299 1619 1386 1650; x_wconf 83' lang='lat' dir='ltr'>sunt</span> <span class='ocrx_word' id='word_1_208' title='bbox 1411 1613 1530 1657; x_wconf 84' lang='lat' dir='ltr'>inter-</span> 
     </span>
     <span class='ocr_line' id='line_1_26' title="bbox 199 1666 1530 1721; baseline 0.003 -17"><span class='ocrx_word' id='word_1_209' title='bbox 199 1666 385 1718; x_wconf 85' lang='lat' dir='ltr'>pretanda</span> <span class='ocrx_word' id='word_1_210' title='bbox 418 1673 456 1704; x_wconf 90' lang='lat' dir='ltr'>et</span> <span class='ocrx_word' id='word_1_211' title='bbox 488 1666 578 1704; x_wconf 86' lang='lat' dir='ltr'>fidei</span> <span class='ocrx_word' id='word_1_212' title='bbox 609 1668 787 1715; x_wconf 77' lang='lat' dir='ltr'>iustiora3</span> <span class='ocrx_word' id='word_1_213' title='bbox 826 1668 915 1706; x_wconf 90' lang='lat' dir='ltr'>ideo</span> <span class='ocrx_word' id='word_1_214' title='bbox 947 1668 1035 1706; x_wconf 92' lang='lat' dir='ltr'>illos</span> <span class='ocrx_word' id='word_1_215' title='bbox 1066 1667 1325 1719; x_wconf 82' lang='lat' dir='ltr'>remediatos,</span> <span class='ocrx_word' id='word_1_216' title='bbox 1364 1682 1438 1721; x_wconf 87' lang='lat' dir='ltr'>qua</span> <span class='ocrx_word' id='word_1_217' title='bbox 1469 1682 1530 1708; x_wconf 89' lang='lat' dir='ltr'>se-</span> 
     </span>
     <span class='ocr_line' id='line_1_27' title="bbox 200 1722 1529 1779; baseline 0.004 -19"><span class='ocrx_word' id='word_1_218' title='bbox 200 1722 362 1761; x_wconf 83' lang='lat' dir='ltr'>cundum</span> <span class='ocrx_word' id='word_1_219' title='bbox 388 1724 513 1774; x_wconf 84' lang='lat' dir='ltr'>legem</span> <span class='ocrx_word' id='word_1_220' title='bbox 540 1724 633 1762; x_wconf 92' lang='lat' dir='ltr'>iussi</span> <span class='ocrx_word' id='word_1_221' title='bbox 658 1724 773 1763; x_wconf 78' lang='lat' dir='ltr'>abire·</span> <span class='ocrx_word' id='word_1_222' title='bbox 786 1724 834 1763; x_wconf 93' lang='lat' dir='ltr'>ad</span> <span class='ocrx_word' id='word_1_223' title='bbox 855 1724 1082 1764; x_wconf 88' lang='lat' dir='ltr'>sacerdotes</span> <span class='ocrx_word' id='word_1_224' title='bbox 1104 1725 1377 1774; x_wconf 85' lang='lat' dir='ltr'>obaudierant3</span> <span class='ocrx_word' id='word_1_225' title='bbox 1405 1739 1529 1779; x_wconf 84' lang='lat' dir='ltr'>neque</span> 
     </span>
     <span class='ocr_line' id='line_1_28' title="bbox 198 1779 1531 1836; baseline 0.005 -19"><span class='ocrx_word' id='word_1_226' title='bbox 198 1781 296 1818; x_wconf 86' lang='lat' dir='ltr'>enim</span> <span class='ocrx_word' id='word_1_227' title='bbox 324 1779 509 1819; x_wconf 85' lang='lat' dir='ltr'>credibile</span> <span class='ocrx_word' id='word_1_228' title='bbox 537 1788 596 1819; x_wconf 84' lang='lat' dir='ltr'>est</span> <span class='ocrx_word' id='word_1_229' title='bbox 621 1783 829 1820; x_wconf 89' lang='lat' dir='ltr'>emeruisse</span> <span class='ocrx_word' id='word_1_230' title='bbox 860 1780 1136 1821; x_wconf 76' lang='lat' dir='ltr'>inedicinama</span> <span class='ocrx_word' id='word_1_231' title='bbox 1162 1782 1405 1822; x_wconf 87' lang='lat' dir='ltr'>destructore</span> <span class='ocrx_word' id='word_1_232' title='bbox 1432 1784 1531 1836; x_wconf 85' lang='lat' dir='ltr'>legis</span> 
     </span>
     <span class='ocr_line' id='line_1_29' title="bbox 199 1837 1528 1892; baseline 0.005 -18"><span class='ocrx_word' id='word_1_233' title='bbox 199 1837 470 1877; x_wconf 82' lang='lat' dir='ltr'>observatores</span> <span class='ocrx_word' id='word_1_234' title='bbox 508 1838 616 1889; x_wconf 85' lang='lat' dir='ltr'>legis.</span> <span class='ocrx_word' id='word_1_235' title='bbox 692 1837 771 1877; x_wconf 85' lang='lat' dir='ltr'>Sed</span> <span class='ocrx_word' id='word_1_236' title='bbox 806 1853 884 1877; x_wconf 89' lang='lat' dir='ltr'>-cur</span> <span class='ocrx_word' id='word_1_237' title='bbox 922 1841 1082 1891; x_wconf 90' lang='lat' dir='ltr'>pristino</span> <span class='ocrx_word' id='word_1_238' title='bbox 1128 1840 1282 1892; x_wconf 78' lang='lat' dir='ltr'>leproso</span> <span class='ocrx_word' id='word_1_239' title='bbox 1322 1841 1414 1880; x_wconf 85' lang='lat' dir='ltr'>nihil</span> <span class='ocrx_word' id='word_1_240' title='bbox 1452 1842 1528 1880; x_wconf 82' lang='lat' dir='ltr'>tale</span> 
     </span>
     <span class='ocr_line' id='line_1_30' title="bbox 198 1895 1529 1948; baseline 0.005 -17"><span class='ocrx_word' id='word_1_241' title='bbox 198 1896 420 1946; x_wconf 81' lang='lat' dir='ltr'>praecepit?</span> <span class='ocrx_word' id='word_1_242' title='bbox 447 1896 543 1943; x_wconf 85' lang='lat' dir='ltr'>Quia</span> <span class='ocrx_word' id='word_1_243' title='bbox 568 1909 640 1934; x_wconf 89' lang='lat' dir='ltr'>nec</span> <span class='ocrx_word' id='word_1_244' title='bbox 656 1896 857 1935; x_wconf 85' lang='lat' dir='ltr'>Helisaeus</span> <span class='ocrx_word' id='word_1_245' title='bbox 885 1895 985 1948; x_wconf 89' lang='lat' dir='ltr'>Syro</span> <span class='ocrx_word' id='word_1_246' title='bbox 1012 1896 1206 1947; x_wconf 74' lang='lat' dir='ltr'>Neeman3</span> <span class='ocrx_word' id='word_1_247' title='bbox 1234 1905 1277 1939; x_wconf 77' lang='lat' dir='ltr'>et</span> <span class='ocrx_word' id='word_1_248' title='bbox 1301 1905 1425 1938; x_wconf 82' lang='lat' dir='ltr'>tamen</span> <span class='ocrx_word' id='word_1_249' title='bbox 1452 1902 1529 1938; x_wconf 80' lang='lat' dir='ltr'>non</span> 
     </span>
     <span class='ocr_line' id='line_1_31' title="bbox 198 1950 1528 2008; baseline 0.005 -20"><span class='ocrx_word' id='word_1_250' title='bbox 198 1950 346 1989; x_wconf 89' lang='lat' dir='ltr'>idcireo</span> <span class='ocrx_word' id='word_1_251' title='bbox 373 1966 448 1989; x_wconf 92' lang='lat' dir='ltr'>non</span> <span class='ocrx_word' id='word_1_252' title='bbox 475 1960 559 1991; x_wconf 88' lang='lat' dir='ltr'>erat</span> <span class='ocrx_word' id='word_1_253' title='bbox 586 1956 788 1992; x_wconf 87' lang='lat' dir='ltr'>creatoris.</span> <span class='ocrx_word' id='word_1_254' title='bbox 851 1953 953 1993; x_wconf 86' lang='lat' dir='ltr'>Satis</span> <span class='ocrx_word' id='word_1_255' title='bbox 979 1955 1182 2007; x_wconf 85' lang='lat' dir='ltr'>respondi,</span> <span class='ocrx_word' id='word_1_256' title='bbox 1215 1954 1284 1994; x_wconf 87' lang='lat' dir='ltr'>sed</span> <span class='ocrx_word' id='word_1_257' title='bbox 1310 1956 1372 2008; x_wconf 83' lang='lat' dir='ltr'>qui</span> <span class='ocrx_word' id='word_1_258' title='bbox 1400 1955 1528 1995; x_wconf 84' lang='lat' dir='ltr'>credi-</span> 
     </span>
     <span class='ocr_line' id='line_1_32' title="bbox 199 2007 1526 2065; baseline 0.006 -20"><span class='ocrx_word' id='word_1_259' title='bbox 199 2007 273 2054; x_wconf 85' lang='lat' dir='ltr'>dit,</span> <span class='ocrx_word' id='word_1_260' title='bbox 301 2009 482 2060; x_wconf 87' lang='lat' dir='ltr'>intelligit</span> <span class='ocrx_word' id='word_1_261' title='bbox 507 2011 621 2048; x_wconf 88' lang='lat' dir='ltr'>etiam</span> <span class='ocrx_word' id='word_1_262' title='bbox 648 2012 760 2049; x_wconf 87' lang='lat' dir='ltr'>altius</span> <span class='ocrx_word' id='word_1_263' title='bbox 787 2011 943 2063; x_wconf 89' lang='lat' dir='ltr'>aliquid.</span> <span class='ocrx_word' id='word_1_264' title='bbox 1006 2012 1122 2052; x_wconf 87' lang='lat' dir='ltr'>Disce</span> <span class='ocrx_word' id='word_1_265' title='bbox 1148 2014 1268 2065; x_wconf 87' lang='lat' dir='ltr'>igitur</span> <span class='ocrx_word' id='word_1_266' title='bbox 1292 2021 1332 2052; x_wconf 89' lang='lat' dir='ltr'>et</span> <span class='ocrx_word' id='word_1_267' title='bbox 1357 2027 1526 2053; x_wconf 51' lang='lat' dir='ltr'>caussas,</span> 
     </span>
     <span class='ocr_line' id='line_1_33' title="bbox 200 2064 1528 2121; baseline 0.006 -19"><span class='ocrx_word' id='word_1_268' title='bbox 200 2065 242 2103; x_wconf 90' lang='lat' dir='ltr'>In</span> <span class='ocrx_word' id='word_1_269' title='bbox 275 2064 471 2104; x_wconf 85' lang='lat' dir='ltr'>Samariae</span> <span class='ocrx_word' id='word_1_270' title='bbox 504 2069 727 2118; x_wconf 71' lang='lat' dir='ltr'>regionibus</span> <span class='ocrx_word' id='word_1_271' title='bbox 760 2083 822 2107; x_wconf 83' lang='lat' dir='ltr'>res</span> <span class='ocrx_word' id='word_1_272' title='bbox 855 2070 1067 2121; x_wconf 82' lang='lat' dir='ltr'>agebatur,</span> <span class='ocrx_word' id='word_1_273' title='bbox 1105 2071 1206 2110; x_wconf 92' lang='lat' dir='ltr'>unde</span> <span class='ocrx_word' id='word_1_274' title='bbox 1239 2078 1326 2110; x_wconf 86' lang='lat' dir='ltr'>erat</span> <span class='ocrx_word' id='word_1_275' title='bbox 1355 2078 1396 2110; x_wconf 84' lang='lat' dir='ltr'>et</span> <span class='ocrx_word' id='word_1_276' title='bbox 1430 2084 1528 2117; x_wconf 82' lang='lat' dir='ltr'>uuus</span> 
     </span>
     <span class='ocr_line' id='line_1_34' title="bbox 198 2123 1525 2176; baseline 0.007 -17"><span class='ocrx_word' id='word_1_277' title='bbox 198 2123 350 2161; x_wconf 83' lang='lat' dir='ltr'>interim</span> <span class='ocrx_word' id='word_1_278' title='bbox 376 2136 426 2161; x_wconf 87' lang='lat' dir='ltr'>ex</span> <span class='ocrx_word' id='word_1_279' title='bbox 451 2124 626 2175; x_wconf 57' lang='lat' dir='ltr'>leprosis,</span> <span class='ocrx_word' id='word_1_280' title='bbox 688 2125 862 2165; x_wconf 85' lang='lat' dir='ltr'>Samaria</span> <span class='ocrx_word' id='word_1_281' title='bbox 887 2135 1011 2166; x_wconf 91' lang='lat' dir='ltr'>autem</span> <span class='ocrx_word' id='word_1_282' title='bbox 1044 2127 1263 2168; x_wconf 89' lang='lat' dir='ltr'>desciverat</span> <span class='ocrx_word' id='word_1_283' title='bbox 1290 2128 1339 2167; x_wconf 85' lang='lat' dir='ltr'>ab</span> <span class='ocrx_word' id='word_1_284' title='bbox 1366 2128 1525 2176; x_wconf 62' lang='lat' dir='ltr'>straete,</span> 
     </span>
     <span class='ocr_line' id='line_1_35' title="bbox 199 2180 1527 2239; baseline 0.007 -22"><span class='ocrx_word' id='word_1_285' title='bbox 199 2180 343 2218; x_wconf 90' lang='lat' dir='ltr'>habens</span> <span class='ocrx_word' id='word_1_286' title='bbox 369 2181 533 2220; x_wconf 90' lang='lat' dir='ltr'>schisma</span> <span class='ocrx_word' id='word_1_287' title='bbox 559 2182 651 2221; x_wconf 91' lang='lat' dir='ltr'>illud</span> <span class='ocrx_word' id='word_1_288' title='bbox 678 2197 726 2222; x_wconf 84' lang='lat' dir='ltr'>cx</span> <span class='ocrx_word' id='word_1_289' title='bbox 752 2187 931 2234; x_wconf 89' lang='lat' dir='ltr'>novem2)</span> <span class='ocrx_word' id='word_1_290' title='bbox 959 2186 1146 2234; x_wconf 79' lang='lat' dir='ltr'>tribubus,</span> <span class='ocrx_word' id='word_1_291' title='bbox 1174 2200 1269 2239; x_wconf 90' lang='lat' dir='ltr'>quas</span> <span class='ocrx_word' id='word_1_292' title='bbox 1287 2186 1436 2233; x_wconf 81' lang='lat' dir='ltr'>avulsas</span> <span class='ocrx_word' id='word_1_293' title='bbox 1451 2199 1527 2239; x_wconf 80' lang='lat' dir='ltr'>&#39;per</span> 
     </span>
     <span class='ocr_line' id='line_1_36' title="bbox 196 2236 1524 2296; baseline 0.006 -21"><span class='ocrx_word' id='word_1_294' title='bbox 196 2236 357 2288; x_wconf 78' lang='lat' dir='ltr'>Achiam</span> <span class='ocrx_word' id='word_1_295' title='bbox 372 2239 598 2291; x_wconf 89' lang='lat' dir='ltr'>prophetam</span> <span class='ocrx_word' id='word_1_296' title='bbox 615 2242 876 2281; x_wconf 83' lang='lat' dir='ltr'>collocaverat</span> <span class='ocrx_word' id='word_1_297' title='bbox 889 2243 987 2296; x_wconf 90' lang='lat' dir='ltr'>apud</span> <span class='ocrx_word' id='word_1_298' title='bbox 1003 2243 1213 2283; x_wconf 87' lang='lat' dir='ltr'>Samariam</span> <span class='ocrx_word' id='word_1_299' title='bbox 1230 2236 1524 2294; x_wconf 76' lang='lat' dir='ltr'>Hieroboam.³)</span> 
     </span>
     <span class='ocr_line' id='line_1_37' title="bbox 199 2294 1525 2352; baseline 0.006 -20"><span class='ocrx_word' id='word_1_300' title='bbox 199 2294 277 2333; x_wconf 89' lang='lat' dir='ltr'>Sed</span> <span class='ocrx_word' id='word_1_301' title='bbox 313 2303 353 2334; x_wconf 90' lang='lat' dir='ltr'>et</span> <span class='ocrx_word' id='word_1_302' title='bbox 389 2297 484 2335; x_wconf 88' lang='lat' dir='ltr'>alias</span> <span class='ocrx_word' id='word_1_303' title='bbox 521 2311 673 2351; x_wconf 87' lang='lat' dir='ltr'>semper</span> <span class='ocrx_word' id='word_1_304' title='bbox 709 2300 780 2338; x_wconf 89' lang='lat' dir='ltr'>sibi</span> <span class='ocrx_word' id='word_1_305' title='bbox 817 2297 1016 2352; x_wconf 88' lang='lat' dir='ltr'>placentes</span> <span class='ocrx_word' id='word_1_306' title='bbox 1053 2310 1177 2341; x_wconf 65' lang='lat' dir='ltr'>erant·</span> <span class='ocrx_word' id='word_1_307' title='bbox 1202 2295 1435 2342; x_wconf 84' lang='lat' dir='ltr'>Samaritani</span> <span class='ocrx_word' id='word_1_308' title='bbox 1462 2301 1525 2340; x_wconf 64' lang='lat' dir='ltr'>de</span> 
     </span>
    </p>
   </div>
   <div class='ocr_carea' id='block_1_3' title="bbox 198 2354 1587 2412">
    <p class='ocr_par' dir='ltr' id='par_1_3' title="bbox 198 2354 1587 2412">
     <span class='ocr_line' id='line_1_38' title="bbox 198 2354 1587 2412; baseline 0.004 -22"><span class='ocrx_word' id='word_1_309' title='bbox 198 2354 386 2392; x_wconf 87' lang='lat' dir='ltr'>montibus</span> <span class='ocrx_word' id='word_1_310' title='bbox 413 2362 452 2393; x_wconf 89' lang='lat' dir='ltr'>et</span> <span class='ocrx_word' id='word_1_311' title='bbox 477 2358 602 2407; x_wconf 89' lang='lat' dir='ltr'>puteis</span> <span class='ocrx_word' id='word_1_312' title='bbox 628 2364 799 2408; x_wconf 85' lang='lat' dir='ltr'>patrum,</span> <span class='ocrx_word' id='word_1_313' title='bbox 838 2359 937 2397; x_wconf 88' lang='lat' dir='ltr'>sicut</span> <span class='ocrx_word' id='word_1_314' title='bbox 968 2361 1005 2399; x_wconf 92' lang='lat' dir='ltr'>in</span> <span class='ocrx_word' id='word_1_315' title='bbox 1038 2361 1240 2412; x_wconf 86' lang='lat' dir='ltr'>evangelio</span> <span class='ocrx_word' id='word_1_316' title='bbox 1269 2360 1422 2400; x_wconf 80' lang='lat' dir='ltr'>Ioannis</span> <span class='ocrx_word' id='word_1_317' title='bbox 1453 2358 1524 2396; x_wconf 87' lang='lat' dir='ltr'>Sa-</span> <span class='ocrx_word' id='word_1_318' title='bbox 1585 2372 1587 2378; x_wconf 70' lang='lat'><strong><em>¹</em></strong></span> 
     </span>
    </p>
   </div>
   <div class='ocr_carea' id='block_1_4' title="bbox 198 2412 1523 2471">
    <p class='ocr_par' dir='ltr' id='par_1_4' title="bbox 198 2412 1523 2471">
     <span class='ocr_line' id='line_1_39' title="bbox 198 2412 1523 2471; baseline 0.012 -24"><span class='ocrx_word' id='word_1_319' title='bbox 198 2412 383 2450; x_wconf 88' lang='lat' dir='ltr'>maritana</span> <span class='ocrx_word' id='word_1_320' title='bbox 410 2412 473 2450; x_wconf 89' lang='lat' dir='ltr'>illa</span> <span class='ocrx_word' id='word_1_321' title='bbox 499 2414 537 2451; x_wconf 88' lang='lat' dir='ltr'>in</span> <span class='ocrx_word' id='word_1_322' title='bbox 564 2415 758 2467; x_wconf 89' lang='lat' dir='ltr'>colloquio</span> <span class='ocrx_word' id='word_1_323' title='bbox 792 2415 933 2455; x_wconf 89' lang='lat' dir='ltr'>domini</span> <span class='ocrx_word' id='word_1_324' title='bbox 959 2416 1059 2469; x_wconf 87' lang='lat' dir='ltr'>apud</span> <span class='ocrx_word' id='word_1_325' title='bbox 1085 2426 1266 2471; x_wconf 89' lang='lat' dir='ltr'>puteum:</span> <span class='ocrx_word' id='word_1_326' title='bbox 1305 2429 1352 2456; x_wconf 83' lang='lat' dir='ltr'>ne</span> <span class='ocrx_word' id='word_1_327' title='bbox 1378 2424 1417 2461; x_wconf 74' lang='lat' dir='ltr'>tu</span> <span class='ocrx_word' id='word_1_328' title='bbox 1444 2429 1523 2454; x_wconf 71' lang='grc' dir='ltr'>1Πᾶ-</span> 
     </span>
    </p>
   </div>
   <div class='ocr_carea' id='block_1_5' title="bbox 200 2550 1525 2634">
    <p class='ocr_par' dir='ltr' id='par_1_5' title="bbox 200 2550 1525 2634">
     <span class='ocr_line' id='line_1_40' title="bbox 200 2550 1525 2634; baseline 0.003 -48"><span class='ocrx_word' id='word_1_329' title='bbox 200 2550 435 2634; x_wconf 42' lang='lat' dir='ltr'>11²2glsssuc.</span> <span class='ocrx_word' id='word_1_330' title='bbox 461 2553 492 2590; x_wconf 84' lang='grc'>4,</span> <span class='ocrx_word' id='word_1_331' title='bbox 519 2553 572 2583; x_wconf 78' lang='grc' dir='ltr'>2Ί.</span> <span class='ocrx_word' id='word_1_332' title='bbox 667 2552 703 2598; x_wconf 89' lang='grc'>2)</span> <span class='ocrx_word' id='word_1_333' title='bbox 732 2556 792 2588; x_wconf 83' lang='lat' dir='ltr'>Ed.</span> <span class='ocrx_word' id='word_1_334' title='bbox 806 2556 911 2591; x_wconf 73' lang='lat' dir='ltr'>Fran.</span> <span class='ocrx_word' id='word_1_335' title='bbox 932 2558 970 2588; x_wconf 83' lang='lat' dir='ltr'>et</span> <span class='ocrx_word' id='word_1_336' title='bbox 994 2557 1068 2598; x_wconf 79' lang='lat' dir='ltr'>Rig.</span> <span class='ocrx_word' id='word_1_337' title='bbox 1094 2557 1248 2589; x_wconf 79' lang='lat' dir='ltr'>decem.</span> <span class='ocrx_word' id='word_1_338' title='bbox 1290 2600 1295 2604; x_wconf 21' lang='grc' dir='ltr'><strong>θ</strong></span> <span class='ocrx_word' id='word_1_339' title='bbox 1344 2557 1380 2596; x_wconf 82' lang='grc'>3)</span> <span class='ocrx_word' id='word_1_340' title='bbox 1408 2559 1426 2588; x_wconf 89' lang='grc'><strong>1</strong></span> <span class='ocrx_word' id='word_1_341' title='bbox 1443 2558 1525 2600; x_wconf 78' lang='lat' dir='ltr'>Reg.</span> 
     </span>
    </p>
   </div>
  </div>
 </body>
</html>
