1604 2800
179 165 247 204 38
507 166 634 198 ADV.
669 164 1188 197 VALssNleANos.

181 258 385 306 suadeant,
413 272 522 311 quam
549 258 754 298 edoceant.
814 257 971 297 Veritas
996 264 1123 296 autem
1149 253 1328 294 docendo
1355 266 1513 307 persua-

181 316 258 363 det,
287 330 363 355 non
388 316 586 356 suadendo
612 315 743 354 docet.

295 377 335 416 2.
385 373 555 427 Ideoque
581 374 776 426 simplices
801 380 978 412 notamur
1002 371 1103 425 apud
1127 372 1234 418 illos,
1261 377 1303 410 ut
1327 370 1402 409 hoc
1428 377 1512 415 tan-

181 438 275 479 tum,
314 445 391 470 non
422 433 536 471 etiam
564 432 778 484 sapientes,
818 431 926 483 quasi
953 431 1079 469 statim
1106 428 1276 469 delicere
1303 427 1466 479 cogatur
1490 441 1514 467 a

180 490 425 542 simplicitate
457 490 665 542 sapientia,
711 488 865 527 domino
902 495 1100 540 utramque
1138 488 1340 538 iungente:
1386 492 1512 525 estote

179 546 389 599 prudentes
413 555 456 586 ut
480 555 702 600 serpentes,
741 553 781 586 et
811 546 1006 599 simplices
1037 553 1078 584 ut
1103 544 1317 584 columbae.
1339 545 1374 594 ¹)
1434 542 1514 582 Aut

179 607 210 643 si
238 618 306 644 nos
333 612 541 658 propterea
567 606 811 658 insipientes,
850 605 939 657 quia
971 604 1184 656 simplices:
1224 615 1311 641 num
1342 613 1440 653 ergo
1473 608 1515 640 et

179 663 233 701 illi
259 670 467 715 propterea
494 676 570 702 non
597 663 810 715 simplices,
843 663 931 714 quia
957 662 1176 714 sapientes?
1207 697 1211 701 ,
1236 659 1514 699 Nocentissimi

179 726 326 766 autem,
355 722 416 772 qui
444 734 519 758 non
545 721 757 772 simplices,
785 721 885 758 sicut
910 719 1140 765 stultissimi,
1169 718 1232 770 qui
1257 731 1334 756 non
1360 717 1514 769 sapien-

181 783 251 815 tes.
312 777 362 815 Et
386 785 514 816 tamen
540 778 664 816 malim
696 778 734 815 in
762 790 844 815 eam
871 784 1018 828 partem
1046 777 1196 815 meliori
1221 776 1316 815 sumi
1342 775 1455 822 vitio,
1481 774 1512 814 si

179 835 281 874 forte
307 842 480 887 praestat
504 836 625 873 minus
647 839 809 887 sapere,
837 847 946 886 quam
974 835 1101 886 peius,
1129 845 1275 880 errare,
1304 846 1414 885 quam
1440 832 1513 871 fal-

181 892 275 931 lere.
338 892 481 931 Porro:
520 893 642 931 facies
668 892 729 931 dei
757 899 959 944 exspectat
984 893 1022 929 in
1048 891 1296 943 simplicitate
1320 901 1513 942 quaeren-

179 948 230 996 di,
251 951 289 997 ²)
317 957 358 988 ut
383 949 501 989 docet
525 951 607 1002 ipsa
634 949 799 1002 Sophia,
826 963 902 988 non
929 948 1080 1002 quidem
1106 948 1316 995 Valentini,
1344 945 1412 986 sed
1441 945 1512 985 Sa-

179 1008 357 1046 lomonis.
422 1007 570 1047 Deinde
602 1008 767 1047 infantes
798 1007 1056 1046 testimonium
1084 1006 1227 1044 Christi
1253 1005 1440 1056 sanguine
1466 1004 1513 1044 li-

179 1072 367 1104 taverunt.
430 1065 577 1104 Pueros
601 1078 751 1112 vocem,
779 1066 842 1118 qui
868 1077 1022 1103 crucem
1050 1064 1241 1103 clamant?
1288 1061 1374 1102 Nec
1400 1062 1512 1116 pueri
1570 1102 1576 1107 ,

177 1130 306 1170 erant,
345 1136 416 1162 nec
449 1124 634 1170 infantes,
666 1123 705 1161 id
737 1130 813 1169 est,
847 1123 1042 1174 simplices
1068 1135 1143 1160 non
1170 1127 1294 1160 erant.
1355 1119 1511 1173 Repue-

178 1194 334 1220 rascere
361 1195 430 1219 nos
455 1188 496 1220 et
520 1181 719 1233 apostolus
746 1181 853 1219 iubet
883 1179 1090 1219 secundum
1123 1178 1255 1226 deum,
1293 1185 1336 1218 ut
1366 1178 1511 1218 malitia

178 1239 342 1277 infantes
367 1252 438 1290 per
461 1239 764 1291 simplicitatcm3
784 1240 822 1286 3)
855 1238 908 1276 ita
939 1237 1088 1277 demum
1115 1238 1310 1290 sapientes
1334 1235 1511 1276 sensibus

177 1296 285 1334 simul
324 1295 413 1334 dedi
449 1298 487 1334 in
525 1298 737 1348 sapientiae
777 1295 951 1334 ordinem
989 1295 1038 1335 de
1075 1296 1320 1348 simplicitate
1352 1307 1510 1334 manan-

177 1354 238 1390 tis.
259 1354 296 1399 ⁴)
348 1353 388 1390 ln
415 1367 558 1391 summa
585 1354 774 1392 Christum
802 1354 979 1392 columba
1003 1353 1271 1393 demonstrare
1296 1353 1410 1392 solita
1435 1359 1509 1399 est,

178 1422 338 1461 serpens
373 1423 467 1447 vcro
505 1418 669 1449 tentare.
738 1411 806 1449 Illa
844 1418 884 1449 et
914 1424 935 1449 a
966 1410 1180 1462 primordio
1213 1410 1364 1451 divinae
1401 1410 1509 1463 pacis

178 1478 342 1518 praeco,
382 1467 446 1505 ille
473 1480 495 1504 a
520 1467 730 1519 primordio
758 1467 910 1507 divinae
937 1469 1114 1519 imaginis
1139 1468 1299 1520 praedo.
1361 1468 1421 1508 Ita
1450 1468 1510 1508 fa-

179 1524 289 1562 cilius
314 1524 537 1576 simplicitas
562 1526 645 1563 sola
670 1524 780 1563 deum
808 1531 848 1564 et
878 1539 1093 1577 agnoscere
1125 1527 1271 1577 poterit
1300 1532 1342 1564 et
1378 1533 1510 1565 osten·

178 1580 285 1629 dere,
311 1580 516 1634 prudentia
541 1583 624 1620 sola
650 1589 861 1621 concutere
887 1584 1014 1635 potius
1046 1590 1086 1622 et
1110 1582 1291 1635 prodere.

291 1642 330 1680 3.
381 1638 608 1679 Abscondat
631 1641 760 1692 itaque
786 1653 828 1679 se
855 1653 1033 1693 serpens,
1068 1647 1246 1693 quantum
1273 1646 1421 1692 potest,
1447 1647 1509 1680 to-

176 1703 327 1748 tamque
355 1696 593 1748 prudentiam
619 1699 656 1737 in
684 1698 916 1737 latebrarum
943 1698 1167 1750 ambagibus
1198 1705 1397 1752 torqueat,
1430 1698 1508 1738 alte

176 1753 339 1800 habitet,
378 1756 416 1792 in
454 1768 574 1794 caeca
612 1754 857 1803 detrudatur,
894 1769 966 1808 per
995 1757 1192 1795 anfractus
1223 1757 1364 1795 seriem
1402 1768 1507 1795 suam

174 1812 338 1858 evolvat,
366 1819 540 1852 tortuose
567 1811 767 1865 procedat,
796 1826 867 1852 nec
893 1814 1013 1853 semel
1034 1821 1148 1860 totus,
1177 1814 1348 1865 lucifuga
1367 1813 1507 1853 hestia.

174 1869 344 1908 Nostrae
372 1871 572 1919 columbae
606 1870 738 1910 «lomus
769 1871 950 1924 simplex,
989 1873 1104 1911 etiam
1137 1872 1174 1910 in
1207 1870 1322 1910 editis
1354 1884 1508 1924 semper

174 1933 214 1965 et
239 1927 383 1978 apertis
409 1935 449 1966 et
472 1927 520 1966 ad
548 1929 684 1976 lucem,
712 1937 814 1968 amat
839 1930 998 1981 figuram
1024 1930 1180 1983 spiritus
1205 1929 1348 1976 sancti,
1376 1930 1513 1969 orion--

175 1991 250 2022 tem
278 1984 418 2022 Christi
446 1986 618 2036 liguram.
640 1988 679 2038 ⁵)
734 1987 840 2026 Nihil
867 1990 1009 2026 veritas
1036 1988 1244 2034 erubescit,
1271 1988 1343 2027 nisi
1364 1987 1507 2026 solum-

175 2040 288 2079 modo
321 2042 525 2090 abscondi,
565 2046 650 2096 quia
689 2058 762 2083 nec
794 2045 953 2098 pudebit
984 2046 1097 2085 ullum
1129 2057 1244 2084 aures
1275 2046 1312 2084 ei
1345 2043 1504 2091 dedere,

174 2111 259 2137 cum
298 2097 408 2138 deum
447 2113 754 2153 recognoscere,
794 2117 904 2156 quem
937 2105 1010 2143 iam
1042 2104 1099 2143 illi
1130 2109 1266 2142 natura
1299 2102 1504 2150 commisit,

175 2169 286 2208 quem
312 2157 484 2210 quotidie
510 2160 546 2197 in
575 2161 755 2212 operibus
781 2162 955 2200 omnibus
979 2163 1115 2209 sentit,
1154 2161 1231 2200 hoc
1263 2161 1353 2200 solo
1380 2161 1503 2201 minus

175 2221 323 2263 notum,
362 2214 463 2268 quod
500 2218 651 2256 unicum
689 2232 764 2257 non
802 2221 967 2272 putavit,
1006 2218 1108 2273 quod
1134 2215 1405 2268 innumerosss)
1432 2231 1503 2272 no·

263 2387 300 2429 1)
326 2391 449 2423 matth.
465 2393 589 2432 1o,16.
663 2394 701 2431 2)
723 2394 797 2435 mg.
813 2396 988 2435 spectat
1006 2395 1047 2426 in
1063 2394 1498 2434 simplicitateque-

172 2438 474 2478 rentes.—Sap.
489 2439 559 2470 Sal.
575 2441 605 2479 1,
620 2441 650 2471 1.
747 2441 784 2481 3)
810 2443 830 2472 1
845 2443 923 2474 Cor.
938 2443 993 2482 14,
1015 2443 1068 2472 20.
1162 2440 1200 2480 4)
1223 2440 1366 2471 Praeter
1379 2438 1497 2478 Rigal-

171 2480 255 2511 tium
271 2482 347 2514 alii:
374 2485 587 2524 manandi,
613 2486 688 2517 alii:
714 2489 899 2520 amando.
994 2485 1031 2530 5)
1058 2487 1132 2526 Rig.
1152 2487 1263 2517 amat
1282 2485 1425 2524 figura
1439 2494 1497 2525 up.

171 2529 317 2558 sancti
343 2531 580 2570 Orientem,
609 2532 772 2564 Christi
797 2534 996 2575 figuram.
1090 2530 1207 2575 6)1ta
1226 2533 1321 2563 reete
1336 2530 1497 2565 coni.1⁴'r.

173 2572 308 2612 tunium
335 2577 455 2608 ceteri:
482 2577 523 2607 in
548 2588 735 2611 numeru.
