1604 2800
151 189 220 228 88
493 185 592 234 ‘DE
629 183 826 216 CARNE
862 184 1119 216 CHRISTI.

152 282 350 326 stetrices,
389 275 529 317 medici
568 283 611 315 et
646 275 799 328 physici
832 274 880 314 de
911 275 1070 315 uberum
1097 283 1254 323 natura,
1292 289 1341 315 an
1373 276 1488 317 aliter

152 350 306 379 manare
345 336 496 375 soleant
533 335 617 372 sine
647 334 784 372 vulvae
817 334 977 385 genitali
1008 334 1187 386 passione
1219 332 1488 387 suspendenti-

151 399 221 436 bus
247 393 387 435 exinde
413 394 522 433 venis
548 392 738 430 sentinam
765 391 869 430 illam
894 392 1037 431 inferni
1063 392 1260 444 sanguinis
1276 393 1311 441 ¹)
1339 399 1379 431 et
1403 393 1490 445 ipsa

151 453 404 494 translatione
432 449 741 502 decoquentibus
760 450 798 487 in
819 451 1020 488 materiam
1036 450 1148 489 lactis
1164 450 1355 489 latiorem.
1394 448 1490 490 Inde

153 511 252 552 adeo
290 511 351 558 fit,
396 517 438 548 ut
474 507 633 548 uberum
672 514 848 559 tempore
886 520 1039 547 menses
1070 509 1297 560 sanguinum
1333 515 1489 548 vacent.

155 568 302 619 Quodsi
325 567 482 607 verbum
511 580 606 605 caro
634 578 683 604 ex
708 578 749 604 se
776 565 919 604 factum
945 573 1016 612 est,
1044 579 1120 604 non
1147 578 1197 605 ex
1221 565 1358 605 vulvae
1385 579 1491 606 com—

153 618 432 673 municatione,
472 624 565 663 nihil
592 630 755 676 operata
778 623 909 670 vulva,
949 623 1042 662 nihil
1067 624 1212 671 functa,
1246 623 1339 662 nihil
1364 636 1491 676 passa,

154 683 346 738 quomodo
374 684 518 721 fontem
551 694 658 732 suum
690 680 897 719 transfudit
928 683 966 720 in
998 681 1138 728 ubera,
1178 694 1275 734 quae
1313 682 1386 721 nisi
1423 681 1492 721 ha—

154 742 282 782 bendo
321 754 398 779 non
436 741 580 778 mutat?
642 737 796 776 Habere
835 745 962 777 autem
995 740 1218 790 sanguinem
1253 752 1331 778 non
1367 740 1495 792 potuit

155 801 247 839 lacti
273 795 609 842 subministrando,
637 796 670 834 si
695 809 771 833 non
791 795 956 834 haberet
977 809 1132 834 caussas
1147 797 1343 848 sanguinis
1358 798 1492 849 ipsius,

155 858 392 897 avulsionem
424 855 576 893 scilicet
607 866 699 891 suae
739 853 881 893 carnis,
945 852 1044 901 Quid
1081 854 1200 892 fucrit
1236 854 1416 892 novitatis
1454 854 1493 892 in

156 915 311 954 Christo
338 926 388 952 ex
411 913 561 963 virgine
588 909 795 957 nascendi,
823 911 947 962 palam
975 918 1046 958 est,
1074 911 1228 950 scilicet
1252 909 1493 950 solummodo

155 973 250 1019 hoc,
291 969 392 1024 quod
417 983 466 1009 ex
490 969 640 1021 virgine
666 967 874 1007 secundum
901 970 1112 1015 rationem,
1153 982 1263 1020 quam
1290 968 1494 1016 edidimus,
1518 978 1523 985 ·

156 1038 197 1069 et
221 1031 275 1068 uti
306 1030 417 1080 virgo
450 1034 553 1066 esset
584 1027 833 1076 regeneratio
868 1034 999 1065 nostra
1032 1027 1261 1078 spiritaliter
1291 1025 1339 1064 ab
1373 1027 1495 1066 omni-

156 1088 226 1127 bus
258 1086 552 1139 inquinamentis
590 1084 833 1122 sanctificata
868 1097 941 1136 per
978 1083 1190 1131 Christum,
1228 1085 1418 1136 virginem
1456 1091 1497 1123 et

157 1148 297 1197 ipsum,
325 1146 438 1184 etiam
466 1142 694 1189 carnaliter,
721 1148 762 1180 ut
788 1155 837 1180 ex
860 1142 1021 1193 virginis
1048 1155 1180 1181 carne.

274 1206 341 1244 21.
394 1200 435 1240 Si
462 1214 557 1252 ergo
585 1199 841 1247 contendunt,
880 1200 954 1238 hoc
983 1201 1214 1252 competisse
1241 1201 1422 1247 novitati,
1454 1207 1497 1239 ut

161 1259 475 1312 quemadmodum
515 1271 592 1296 non
630 1270 679 1296 ex
715 1258 788 1296 viri
827 1259 993 1305 semine,
1044 1259 1098 1296 ita
1135 1271 1207 1297 nec
1246 1271 1296 1297 ex
1331 1258 1494 1309 virginis

161 1331 278 1356 carne
306 1330 398 1355 caro
426 1317 538 1355 lieret
564 1315 627 1353 dei
653 1315 831 1353 verbum:
860 1329 978 1367 quare
1005 1329 1081 1354 non
1108 1316 1183 1354 hoc
1210 1316 1259 1354 sit
1285 1322 1369 1355 tota
1388 1315 1497 1355 novi·

161 1382 237 1420 tas,
276 1381 317 1411 ut
348 1386 438 1411 caro
478 1386 554 1409 non
586 1385 635 1410 ex
660 1373 805 1410 semine
832 1380 922 1410 nata
948 1386 1065 1411 carne
1092 1374 1358 1425 processerit?
1415 1371 1499 1412 Ac-

164 1429 305 1469 cedant
329 1429 453 1467 adhuc
481 1429 652 1467 cominus
665 1429 703 1476 2)
720 1427 768 1466 ad
784 1442 1047 1479 congressum.
1074 1429 1194 1477 Ecce,
1223 1432 1357 1484 inquit,
1385 1431 1498 1483 virgo

164 1488 361 1539 concipiet
397 1487 434 1524 in
471 1485 644 1532 utero.3)
708 1484 919 1532 Quidnam?
956 1487 1086 1537 utique
1125 1486 1188 1525 dei
1224 1489 1382 1526 verbum
1421 1502 1498 1527 non

162 1546 234 1584 viri
260 1557 403 1590 semen,
431 1550 538 1582 certe
566 1549 606 1581 ut
630 1549 787 1594 pareret
814 1542 944 1583 filium.
1006 1542 1106 1581 Nam
1132 1550 1173 1582 et
1197 1545 1335 1595 pariet,
1362 1545 1498 1596 inquit,

164 1603 340 1651 filium.4)
378 1601 485 1652 Ergo
511 1608 553 1638 ut
577 1601 696 1652 ipsius
721 1601 793 1638 fuit
819 1602 1059 1652 concepisse,
1087 1602 1140 1639 ita
1166 1602 1284 1653 ipsius
1310 1608 1370 1640 est
1396 1601 1498 1654 quod

162 1661 334 1712 peperit,
372 1660 467 1698 licet
503 1671 579 1696 non
611 1658 728 1709 ipsius
760 1657 878 1696 fuerit
908 1657 1009 1709 quod
1038 1660 1231 1710 concepit.
1295 1658 1442 1698 Contra
1466 1661 1500 1698 si

162 1717 319 1756 verbnm
345 1730 395 1756 ex
419 1729 461 1755 se
494 1729 586 1754 caro
619 1716 762 1753 factum
794 1722 871 1761 est,
910 1716 983 1753 iam
1017 1716 1139 1768 ipsum
1170 1729 1212 1755 se
1246 1718 1430 1769 concepit
1460 1724 1501 1756 et

163 1775 334 1828 peperit,
361 1781 401 1813 et
424 1780 538 1812 vacat
564 1773 782 1825 prophetia.
843 1772 932 1812 Non
959 1774 1059 1812 enim
1084 1774 1196 1825 virgo
1223 1775 1407 1827 concepit
1431 1787 1499 1814 ne-

165 1846 237 1885 que
274 1832 447 1885 peperit,
485 1832 517 1870 si
550 1844 626 1869 non
658 1829 837 1883 quicquid
872 1832 1028 1883 peperit
1059 1844 1109 1870 ex
1145 1831 1265 1870 verbo
1304 1839 1498 1884 concepto

166 1904 258 1929 caro
295 1892 413 1942 ipsius
451 1896 523 1928 est.
584 1887 680 1927 Sola
711 1889 962 1929 haecautem
990 1889 1204 1941 prophetae
1230 1903 1307 1928 vox
1331 1902 1502 1928 evacua·

164 1948 293 1986 bitur?
329 1961 376 1986 an
408 1954 448 1986 et
478 1947 607 1998 angeli
640 1953 871 1998 conceptum
904 1953 944 1985 et
977 1953 1122 1998 partum
1155 1946 1318 1998 virginis
1349 1945 1498 1985 adnun-

167 2006 334 2043 tiantes?
372 2018 420 2043 an
459 2011 500 2043 et
537 2005 659 2042 omnis
695 2005 771 2042 iam
808 2005 1020 2056 scriptura,
1061 2017 1311 2056 quaecunque
1337 2011 1499 2044 matrem

165 2063 387 2116 pronuntiat
423 2061 592 2101 Christi?
652 2060 853 2109 Quomodo
892 2062 991 2101 enim
1030 2069 1172 2109 mater,
1222 2061 1296 2101 nisi
1334 2063 1422 2114 quia
1459 2063 1498 2101 in

167 2118 278 2159 'utero
306 2121 388 2159 eius
413 2120 509 2159 fuit?
552 2118 631 2159 Sed
657 2119 749 2158 nihil
775 2131 825 2158 ex
849 2127 960 2158 utero
988 2120 1069 2159 eius
1096 2120 1263 2172 accepit,
1290 2118 1393 2173 quod
1419 2133 1498 2159 uia-

259 2316 297 2355 1)
324 2315 381 2347 Sic
396 2316 619 2356 emend.Rig.
638 2326 657 2348 e
680 2316 754 2347 cod.
767 2316 911 2349 Pithoei.
960 2318 1068 2348 Rhen.
1091 2317 1142 2348 ed.
1161 2318 1185 2348 1.
1206 2313 1499 2356 pendentibus

169 2359 326 2391 exinde
364 2363 484 2393 venis
520 2362 689 2393 inferni
726 2363 951 2402 sanguinis
989 2364 1031 2394 in
1067 2362 1313 2395 mamillam.
1368 2359 1498 2392 ceteri:

168 2406 288 2443 pend.
307 2416 369 2438 ex.
389 2417 420 2439 v.
440 2409 651 2440 sentinam
675 2409 794 2439 illam
814 2410 977 2441 inferni
993 2409 1217 2449 sanguinis
1237 2404 1498 2450 (cod.wouw.:

170 2450 357 2483 infernis
384 2454 616 2495 sanguine,
641 2455 714 2485 Gel.
731 2456 766 2486 et
786 2455 837 2486 ed.
853 2456 975 2488 Eram:
1000 2455 1163 2487 interni
1187 2449 1432 2494 sanguinis)
1455 2451 1499 2482 in

170 2497 411 2530 mamillam.
505 2501 542 2539 2)
567 2500 674 2532 Rhen.
701 2501 736 2531 in
761 2501 813 2533 ed.
835 2503 860 2532 1.
887 2501 1173 2541 communius,
1198 2499 1289 2539 quod
1315 2497 1437 2529 deinde
1462 2496 1499 2527 in

171 2542 426 2574 comminius
452 2546 615 2585 mutavit,
647 2556 687 2578 ac
716 2548 824 2580 ceteri
851 2547 945 2579 editt.
970 2547 1215 2587 probaverunt.
1310 2542 1348 2587 3)
1373 2542 1498 2575 Matth.

173 2587 203 2627 1,
218 2587 272 2619 23.
320 2589 497 2631 ies.·1‚14.
591 2591 627 2634 4)
651 2592 729 2625 ibid.
1109 2596 1115 2601 ’
