1604 2800
338 173 414 205 DE
445 172 958 206 RESURRECTIONE
996 174 1221 207 CARle.
1368 176 1440 215 05

113 273 174 306 tus
198 264 247 305 de
273 265 396 318 gradu
421 267 503 304 eius
527 267 630 318 spei,
662 279 772 318 quam
799 272 1043 317 susceperat,
1075 265 1175 318 apud
1209 274 1439 318 creatorem,

112 324 230 364 facile
255 324 330 362 iam
356 322 573 363 declinatur
597 323 645 362 ad
670 324 829 362 alterius
855 324 935 375 spei
963 329 1161 363 auctorem
1193 326 1307 364 etiam
1339 328 1439 367 ultro

112 379 394 433 suspicandum.
454 380 532 420 Per
563 380 824 420 diversitatem
857 383 956 419 enim
990 382 1281 433 promissionum
1314 382 1441 428 diver-

112 440 206 478 sitas
230 440 445 478 insinuatur
469 437 642 478 deorum.
688 437 754 477 Sic
781 438 919 477 multos
945 439 1117 478 irretitos
1143 438 1325 488 videmus,
1353 441 1439 481 dum

111 503 201 536 ante
228 495 275 535 de
301 498 588 535 resurrectione
615 497 742 536 carnis
768 495 972 544 eliduntur,
1006 509 1116 548 quam
1138 496 1189 546 vde
1217 500 1356 538 unione
1383 499 1440 539 di-

110 555 282 593 vinitatis
306 553 465 594 elidunt.
517 554 638 606 Igitur
662 560 839 606 quantum
865 553 914 592 ad
939 554 1173 601 haereticos,
1200 554 1440 596 demonstra-

109 613 250 659 vimus,
290 624 365 664 quo
397 625 521 651 cuneo
548 611 828 651 occurrendum
855 612 905 650 sit
929 625 952 650 a
977 612 1099 650 nobis.
1159 612 1212 656 Et
1237 627 1439 654 occursum

111 676 172 708 est
195 670 311 708 etiam
337 682 406 708 suo
433 683 584 722 quoque
610 670 741 716 titulo,
768 668 816 708 de
844 668 917 708 deo
945 668 1095 721 quidem
1122 671 1237 709 unico
1263 678 1303 710 et
1329 671 1439 711 Chri-

109 733 171 766 sto
196 727 279 766 eius
303 725 487 765 adversus
512 727 770 772 Marcionem,
810 726 858 765 de
892 739 1008 765 carne
1034 739 1128 765 vero
1154 726 1297 765 domini
1323 730 1437 767 etiam

108 781 293 823 adversus
329 791 494 835 quatuor
529 784 712 823 haereses
750 782 798 822 ad
836 784 936 821 hanc
974 785 1137 822 maxime
1175 786 1438 835 quaestionem

107 839 445 893 praestruendam,
483 842 538 879 uti
568 854 668 880 nunc
701 840 749 879 de
780 841 863 879 sola
896 841 1023 878 carnis
1059 842 1348 881 resurrectione
1385 844 1438 882 ita

108 897 295 950 digeram,
321 904 501 950 tanquam
526 911 646 950 penes
671 912 742 937 nos
768 910 918 950 quoque
944 898 1146 945 incertum,
1174 897 1259 938 dum
1281 901 1330 938 sit
1351 914 1437 939 cer-

108 962 187 995 tum
212 968 333 1008 penes
359 958 640 1006 creatorem.¹)
701 955 799 995 Nam
827 963 866 994 et
891 956 997 994 multi
1024 954 1159 1001 rudes,
1197 963 1237 995 et
1262 958 1434 1009 plerique

107 1025 178 1053 sua
202 1012 277 1053 fide
303 1012 408 1052 dubii
434 1020 474 1052 et
499 1014 705 1065 simplices,
732 1014 874 1065 plures,
902 1025 997 1064 quos
1022 1013 1171 1059 instrui,
1199 1012 1327 1064 dirigi,
1354 1028 1435 1053 mu-

107 1071 182 1111 niri
207 1071 422 1123 oportebit,
460 1072 547 1123 quia
579 1078 619 1109 et
649 1071 722 1108 hoc
750 1071 872 1108 latere
898 1070 988 1107 unio
1015 1069 1224 1108 divinitatis
1250 1069 1435 1111 defende-

106 1135 189 1176 tur3
214 1129 315 1167 sicut
338 1130 438 1167 enim
465 1135 606 1179 negata
633 1128 759 1166 carnis
784 1126 1072 1166 resurrectione
1105 1129 1342 1173 concutitur,
1380 1129 1434 1167 ita

106 1183 303 1224 vindicata
334 1184 614 1224 constabilitur.
674 1185 837 1222 Animae
869 1190 996 1222 autem
1027 1184 1187 1222 salutem
1221 1184 1339 1223 credo
1371 1198 1433 1224 re-

107 1249 275 1282 tractatu
307 1254 457 1281 carere.
520 1241 660 1281 Omnes
691 1243 791 1280 euim
822 1242 905 1280 fere
939 1241 1127 1280 baeretici
1163 1253 1249 1280 eam
1280 1255 1431 1294 quoquo

108 1298 223 1338 modo
247 1299 399 1347 volunt,
439 1307 565 1339 tamen
596 1313 673 1338 non
698 1307 855 1351 negant.
915 1297 1070 1338 Viderit
1094 1311 1189 1337 unus
1214 1299 1330 1352 aliqui
1355 1298 1434 1338 Lu·

108 1370 245 1404 canus,
284 1370 357 1396 nec
382 1357 471 1396 huic
498 1356 648 1409 quidem
675 1357 910 1395 substantiae
936 1368 1119 1408 parcens,
1159 1369 1270 1407 quam
1294 1369 1433 1395 secun-

107 1413 194 1454 dum
207 1413 459 1453 Aristotelem
481 1414 693 1453 dissolvens
717 1413 824 1453 aliud
848 1412 937 1466 quid
962 1427 1033 1465 pro
1060 1426 1106 1452 ea
1131 1413 1298 1460 subiicit,
1325 1416 1433 1465 quasi

106 1473 159 1512 sit
194 1472 347 1512 tertium
386 1471 562 1524 quiddam
600 1479 926 1517 resurrecturum,
964 1483 1088 1522 neque
1126 1471 1268 1517 anima,
1307 1484 1431 1523 neque

105 1542 218 1577 caro,
255 1528 292 1568 id
326 1536 387 1569 est
416 1543 492 1569 non
517 1529 651 1577 homo,
690 1529 759 1570 sed
784 1542 894 1568 ursus
918 1529 1100 1575 forsitan,
1140 1541 1212 1580 qua
1238 1527 1429 1568 Lucanus.

105 1587 233 1628 Habet
262 1595 303 1627 et
333 1589 406 1627 iste
438 1601 462 1626 a
491 1588 603 1626 nobis
634 1588 891 1639 plenissimum
929 1584 978 1624 de
1011 1586 1112 1624 omni
1143 1592 1244 1624 statu
1281 1587 1429 1625 animae

104 1646 249 1693 stilum,
286 1658 397 1698 quam
422 1646 594 1697 inprimis
619 1645 871 1682 immortalem
898 1649 1068 1686 tuentes,
1095 1642 1214 1680 solius
1240 1644 1367 1682 carnis
1393 1652 1432 1682 et

102 1702 364 1742 defectionem
389 1703 633 1752 agnoscimus
658 1708 698 1738 et
722 1701 976 1739 refectionem
1008 1711 1093 1737 cum
1124 1700 1287 1738 maxime
1319 1699 1431 1738 adse-

103 1761 239 1809 rimus,
277 1757 447 1797 redactis
478 1759 516 1796 in
550 1756 783 1795 ordinarium
816 1756 1000 1794 materiae
1034 1768 1192 1805 corpus,
1231 1757 1263 1794 si
1295 1769 1367 1807 qua
1392 1764 1433 1794 et

104 1816 198 1855 alibi
222 1828 294 1867 pro
321 1827 540 1853 caussarum
565 1814 786 1852 incursione
810 1812 1043 1864 praestricta
1068 1810 1292 1850 distulimus.
1330 1811 1428 1851 Nam

105 1881 146 1912 ut
169 1871 356 1925 quaedam
382 1871 590 1923 praelibari
616 1870 801 1909 sollemne
827 1877 904 1916 est,
942 1869 995 1906 ita
1027 1876 1067 1907 et
1098 1867 1244 1907 differri
1269 1882 1430 1908 necesse

105 1938 182 1977 est,
214 1928 418 1969 dummodo
445 1936 485 1968 et
510 1927 722 1980 praelibata
747 1928 996 1980 suppleantur
1019 1939 1088 1965 suo
1115 1939 1283 1978 corpore
1308 1934 1349 1966 et
1373 1925 1431 1965 di-

104 1989 184 2027 lata
209 1986 422 2027 reddantur
446 2000 514 2025 suo
540 1986 706 2024 nomine.

220 2048 260 2087 3.
310 2044 380 2082 Est
411 2043 563 2096 quidem
588 2049 628 2081 et
653 2042 914 2081 communibus
939 2041 1278 2093 sensibus‘sapere
1303 2043 1343 2080 in
1368 2040 1431 2080 dei

104 2102 239 2149 rebus,
277 2101 414 2140 sedin
446 2101 703 2139 testimonium
731 2101 833 2147 veri,
870 2113 948 2138 non
983 2100 1023 2138 in
1061 2098 1292 2138 adiutorium
1329 2099 1428 2146 falsi,

105 2158 207 2211 quod
232 2160 283 2197 sit
306 2158 512 2196 secundum
539 2156 721 2203 divinam,
753 2171 829 2196 non
856 2164 992 2196 contra
1017 2155 1181 2196 divinam
1208 2155 1428 2208 dispositio-

106 2229 211 2263 nem;
245 2215 430 2268 quaedam
457 2216 557 2254 enim
588 2222 629 2253 et
657 2221 794 2253 natura
824 2222 917 2253 nota
947 2221 1053 2261 sunt,
1090 2221 1131 2252 ut
1162 2213 1428 2252 immortalitas

104 2275 253 2312 animae
286 2285 405 2325 penes
436 2273 583 2325 plureS,
622 2279 664 2310 ut
695 2270 788 2310 deus
819 2278 953 2311 noster
981 2284 1102 2324 penes
1128 2283 1271 2309 omnes.
1334 2267 1429 2307 Utar

197 2433 234 2475 1)
260 2434 379 2466 Gelen.
405 2435 440 2464 et
460 2433 510 2464 ed.
528 2433 631 2465 Fran.
651 2434 711 2464 ita
736 2432 1009 2472 digerendum
1031 2431 1104 2471 sit,
1129 2432 1327 2468 tanquam
1354 2439 1426 2468 pe-

104 2489 178 2512 ne·
200 2490 280 2512 non
305 2489 472 2519 quoque
497 2480 687 2519 ineerta,
726 2478 764 2508 id
796 2481 862 2509 ent
892 2486 1021 2517 penes
1054 2478 1305 2516 crpatorem.
1354 2477 1427 2506 Nos

105 2527 212 2558 Rhen-
229 2531 265 2559 et
284 2527 359 2566 Rig.
379 2526 453 2557 edd.
466 2525 579 2558 secuti
592 2535 620 2556 v.
635 2535 683 2564 qu
695 2533 800 2563 oque
813 2532 882 2555 non
897 2525 975 2562 post
989 2532 1041 2555 vv.
1055 2523 1074 2553 d
1087 2531 1149 2553 um
1170 2522 1244 2562 sit,
1271 2521 1329 2553 sed
1349 2525 1427 2561 pont

104 2581 136 2606 τί.
148 2581 223 2604 uos
237 2572 495 2605 collocavimus.
