1618 2860
183 217 215 252 2
330 218 405 249 DE
439 215 1076 249 PRAESCRIPTIONIBUS
1110 214 1359 247 HAERET.

185 309 365 348 Ceterum
385 309 478 347 nihil
501 308 695 355 valebunt,
723 309 753 346 si
779 308 863 347 illas
888 314 1032 346 tantum
1056 306 1188 346 valere
1214 319 1290 344 non
1311 305 1510 343 mirentur.

183 366 264 405 Aut
289 367 388 404 enim
415 365 501 403 dum
527 366 730 411 mirantur,
757 366 795 402 in
821 364 1041 403 scandalum
1067 364 1419 410 subministrantur3
1445 367 1513 400 aut

186 424 274 474 quia
304 421 630 468 scandalizantur,
676 421 764 460 ideo
792 423 992 468 mirantur,
1037 420 1138 473 quod
1169 427 1313 459 tantum
1342 419 1510 465 valeant,

186 480 292 531 quasi
319 492 367 517 ex
392 479 518 530 aliqua
543 481 706 517 veritate
732 479 898 517 veniant.
947 478 1085 517 Mirum
1111 478 1282 524 scilicet,
1308 484 1350 516 ut
1373 476 1511 515 malum

183 538 286 575 vires
324 549 410 574 suas
452 536 611 583 habeat,
649 537 721 574 nisi
759 534 859 587 quod
896 536 1078 574 haereses
1115 534 1321 587 apudeos
1357 533 1512 573 multum

184 594 356 639 valcant,
385 594 447 645 qui
479 595 517 631 in
544 592 618 631 fide
644 607 719 631 non
745 593 886 631 valent.
951 592 992 630 Iu
1018 605 1146 644 pugna
1171 592 1340 642 pugilum
1366 597 1406 629 et
1430 590 1513 642 gla-

187 651 377 688 diatorum
403 651 644 702 plerumque,
683 663 758 688 non
787 650 873 701 quia
898 649 1010 687 fortis
1048 656 1124 695 est,
1162 649 1282 687 vincit
1308 648 1410 699 quis,
1449 653 1515 685 aut

188 708 275 759 quia
312 720 388 745 non
426 714 554 759 potest
588 708 709 753 vinci,
749 706 816 745 sed
858 708 1034 758 quoniam
1071 706 1155 752 ille,
1195 705 1257 758 qui
1281 707 1404 743 victus
1441 710 1513 750 est,

187 765 300 802 nullis
319 764 462 802 viribus
487 765 576 812 fuit3
604 763 701 802 adco
723 763 823 802 idem
849 764 913 802 ille
934 764 1071 810 victor,
1098 763 1197 801 bene
1215 762 1358 800 valenti
1379 768 1515 813 postea

189 828 444 873 comparatus,
473 823 586 860 etiam
614 828 812 872 superatus
837 817 1001 859 recedit.
1057 819 1147 858 Non
1172 820 1287 858 aliter
1311 819 1513 865 haeresen

188 877 236 917 de
264 877 498 930 quorundam
524 878 804 916 infirmitatibus
830 878 990 924 habent,
1031 876 1131 929 quod
1156 877 1303 924 valent,
1329 876 1423 915 nihil
1449 889 1515 914 va·

188 936 323 982 lentes,
352 937 382 973 si
408 937 446 973 in
471 935 569 974 benc
595 936 783 974 valentem
812 934 923 973 iidem
950 936 1159 973 incurrant.

304 996 342 1034 3.
394 991 529 1031 Solent
555 992 704 1044 quidem
730 994 792 1030 isti
819 993 999 1030 miriones
1013 994 1048 1040 1)
1077 993 1190 1030 etiam
1217 990 1264 1030 de
1292 989 1515 1044 quibusdam

187 1051 364 1101 personis
389 1050 436 1087 ah
463 1050 615 1088 haeresi
650 1051 770 1102 captis
796 1049 995 1088 aedificari
1020 1050 1057 1088 in
1084 1050 1245 1088 ruinam.
1297 1049 1422 1097 Quare
1449 1049 1533 1087 illa,

187 1107 249 1144 vel
276 1107 359 1153 ille,
393 1105 603 1144 fidelissimi
635 1114 675 1145 ct
698 1106 982 1158 prudentissimi
1009 1114 1048 1145 et
1073 1107 1307 1145 usitatissimi
1320 1104 1358 1156 ²)
1385 1107 1423 1145 in
1449 1119 1516 1144 ec·
1555 1156 1558 1157 ⁷

190 1163 327 1209 clesia,
355 1164 393 1200 in
424 1163 526 1201 illam
557 1171 705 1214 partem
731 1165 988 1201 transierunt?
1038 1163 1128 1212 Quis
1153 1164 1228 1202 hoc
1254 1163 1406 1211 dicens,
1439 1177 1516 1202 non

188 1220 270 1270 ipse
303 1220 375 1257 sibi
406 1219 634 1270 respondet,
673 1233 796 1271 neque
828 1220 1036 1272 prudentes
1068 1234 1192 1272 neque
1224 1220 1359 1260 fideles
1390 1224 1516 1273 ineque

188 1277 350 1314 usitatos
388 1276 663 1323 aestimandos,
710 1291 803 1328 quos
841 1278 1023 1316 haereses
1061 1278 1257 1330 potuerint
1294 1277 1518 1320 demutare?

189 1331 242 1370 Et
270 1333 345 1370 hoc
376 1334 528 1379 mirum,
568 1335 722 1384 opinor,
762 1341 802 1372 ut
832 1335 1014 1385 probatus
1046 1336 1182 1386 aliquis
1214 1342 1339 1382 retro,
1377 1341 1517 1387 postea

191 1389 371 1427 excidat?
415 1388 525 1436 Saul,
558 1389 679 1428 honus
704 1404 796 1442 prae
824 1393 984 1438 ceteris,
1012 1392 1133 1429 livore
1159 1398 1296 1444 postea
1315 1392 1514 1431 evertitur.

189 1445 332 1493 David,
364 1448 423 1485 vir
452 1447 574 1486 bonus
606 1447 813 1486 secundum
847 1462 916 1486 cor
947 1448 1108 1495 domini,
1148 1455 1283 1500 postea
1315 1448 1446 1488 caedis
1476 1456 1518 1488 et

191 1505 311 1555 stupri
338 1517 426 1542 reus
452 1512 522 1543 est.
575 1504 771 1552 Salomon,
800 1507 900 1544 omni
927 1499 1051 1557 gratia
1073 1513 1111 1544 ct
1137 1507 1326 1558 sapientia
1352 1505 1516 1546 donatus

191 1574 213 1598 a
246 1560 418 1608 domino,
457 1561 504 1599 ad
541 1561 798 1601 idololatriam
836 1577 858 1601 a
895 1564 1115 1602 mulieribus
1152 1563 1358 1602 inducitur.
1432 1563 1517 1604 Soli

192 1619 292 1656 enim
332 1618 395 1657 dei
432 1619 509 1656 filio
548 1620 773 1659 servabatur
809 1621 890 1659 sine
929 1621 1072 1660 delicto
1109 1635 1352 1673 permanere.
1419 1619 1516 1670 Quid

191 1687 300 1725 e1·g0‚
327 1677 359 1714 si
385 1677 600 1728 episcopuS‚
629 1678 659 1715 si
680 1677 877 1725 diaconus,
905 1680 936 1717 si
957 1678 1080 1726 vidua,
1108 1680 1139 1717 si
1159 1680 1284 1730 virgo,
1311 1680 1343 1718 si
1363 1677 1515 1726 doctor,

191 1732 223 1768 si
251 1732 364 1769 etiam
397 1741 543 1785 martyr
574 1735 701 1786 lapsus
734 1749 756 1773 a
787 1736 923 1787 regula
948 1737 1082 1783 fuerit,
1116 1736 1204 1775 ideo
1237 1737 1420 1775 haereses
1449 1749 1518 1776 ve-

189 1789 343 1827 ritatem
367 1789 824 1830 videbunturobtinere?
872 1792 932 1830 Ex
956 1795 1132 1845 personis
1156 1794 1362 1845 probamus
1388 1792 1515 1842 fidem,

192 1856 239 1881 an
266 1858 315 1882 ex
340 1846 413 1884 fide
434 1851 644 1898 personas?
685 1848 810 1888 Nemo
832 1851 983 1901 sapiens
1010 1859 1080 1897 cst,
1107 1864 1219 1889 nemo
1241 1850 1376 1898 fidelis,
1403 1865 1516 1891 nemo

193 1900 334 1945 maior,
361 1904 432 1940 nisi
459 1904 708 1944 Christianus.
757 1906 881 1945 Nemo
909 1915 1035 1945 autem
1064 1908 1322 1955 Christianus,
1355 1909 1427 1947 nisi
1453 1910 1518 1961 qui

195 1955 244 1994 ad
271 1956 382 1994 finem
406 1974 524 2013 usque
550 1965 924 2013 perseveraverit3).
981 1965 1038 2003 Tu
1063 1972 1105 2003 ut
1129 1966 1242 2003 homo
1275 1966 1516 2006 extrinsecus

193 2026 492 2065 unumquemque
520 2021 638 2057 nosti:
666 2028 775 2071 putas
791 2020 890 2072 quod
906 2021 1026 2060 vides.
1076 2021 1197 2061 Vides
1211 2030 1352 2071 autem,
1375 2037 1516 2076 quous-
1535 2036 1539 2039 ·

195 2083 268 2121 que
295 2071 429 2109 oculos
455 2072 583 2114 habes.
636 2076 714 2116 Sed
729 2079 844 2125 oculi,
872 2079 1005 2131 inquit,
1033 2078 1176 2119 domini
1202 2081 1269 2118 alti
1281 2082 1336 2130 4).
1391 2081 1516 2120 Homo

193 2128 233 2164 5¹1
270 2128 428 2175 faciem,
468 2128 561 2167 ‘leus
598 2135 631 2168 in
670 2135 902 2186 praecordia
940 2138 1223 2189 contemplatur
1237 2139 1288 2187 ⁵).
1344 2137 1396 2177 Et
1426 2137 1516 2178 ideo

196 2187 399 2234 cognoscit
423 2185 596 2225 dominus
629 2194 690 2239 qui
714 2201 801 2231 sunt
827 2194 980 2243 eius⁰)‚
1009 2201 1049 2233 et
1074 2195 1260 2247 plantam,
1300 2208 1411 2248 quam
1437 2209 1515 2234 non

193 2241 398 2291 plantavit,
439 2243 685 2293 eradicat⁷)‚
731 2257 769 2286 et
812 2250 859 2289 de
897 2252 1028 2303 primis
1060 2254 1288 2292 novissimos
1326 2252 1515 2293 ostendit:

193 2298 449 2337 ventilabrum
464 2302 500 2348 8)
525 2301 563 2338 in
588 2315 699 2340 manu
719 2314 846 2354 portat
871 2308 919 2347 ad
934 2309 1170 2359 purgandam
1196 2323 1326 2349 aream
1341 2314 1447 2350 suam
1461 2310 1514 2359 ⁹).

217 2458 222 2463 .
288 2412 324 2450 1)
351 2414 387 2442 In
411 2414 484 2444 cod.
503 2417 608 2455 Agob.
631 2417 705 2447 isti
732 2418 849 2449 infir
859 2441 982 2451 .......
991 2432 998 2460 3
1026 2423 1101 2455 ideo
1127 2425 1178 2456 ed.
1198 2424 1324 2464 Rigalt.
1350 2423 1428 2454 isti
1453 2423 1514 2455 in-

193 2457 436 2489 firmiores.
543 2459 580 2502 2)
606 2463 713 2493 Rhen.
743 2466 1068 2498 vetustissimi.
1174 2469 1211 2513 3)
1237 2468 1360 2500 matth.
1384 2471 1437 2509 1⁰,
1461 2472 1515 2502 22.

193 2499 232 2542 4)
248 2502 410 2534 4Esdrae
425 2507 456 2545 8,
472 2507 525 2538 20.
609 2507 642 2547 5)
656 2511 674 2540 1
690 2511 779 2541 Sam.
795 2512 849 2551 16,
865 2513 896 2544 7.
977 2514 1013 2553 6)
1030 2515 1050 2544 2
1063 2515 1149 2546 Tim.
1164 2517 1194 2556 2,
1209 2517 1262 2545 19.
1328 2511 1378 2556 3)
1392 2516 1515 2548 Matth.
1565 2522 1571 2532 ¹

194 2547 327 2633 {³5:¹21ss
350 2552 454 2624 1Ί.8)
476 2552 663 2586 Pamelius:
690 2556 826 2594 palam
852 2557 894 2587 in
920 2567 1044 2590 manu
1069 2563 1134 2591 etc.
1229 2559 1263 2601 9)
1275 2560 1444 2603 Mutina,
1461 2563 1516 2595 12.
