1604 2800
155 183 263 221 ³30

408 405 738 464 NOTITIA
798 406 1244 461 LITERARIA

791 510 859 541 DE

211 575 604 621 Em'rloNlssUs
643 576 723 620 ET
757 557 1436 620 1NTERPRETAT10N11'3US

728 662 914 692 OPERUM

156 728 215 771 Q·
241 728 557 767 slsl‘trllvnl
585 727 974 767 FLoBENTIS
1006 726 1494 766 TERTIJLIJAM.

266 948 458 988 Absoluta
483 949 655 989 editione
682 963 841 1001 operum
860 948 1102 995 Tertulliani,
1130 961 1227 1001 quae
1247 947 1295 988 ad
1324 955 1508 997 nostram

152 1013 321 1046 aetatem
342 1008 652 1058 pervenerunt¹)
681 1013 722 1045 et
747 1005 873 1045 doctis
899 1006 1124 1044 auctoribus
1145 1006 1342 1058 hucusque
1363 1006 1496 1045 habita

153 1072 240 1103 sunt
260 1066 493 1116 genuina‚²)
519 1063 675 1103 videtur
699 1077 749 1103 ex
774 1077 817 1102 re
844 1076 945 1110 esse,
972 1070 1013 1102 ut
1038 1076 1136 1115 quae
1163 1062 1353 1103 editorum
1374 1063 1496 1102 inter·

152 1130 378 1175 pretumque
411 1122 547 1162 studiis
572 1121 619 1161 ad
648 1135 695 1161 ea
720 1120 947 1160 illustranda
977 1122 1122 1173 scripta
1148 1134 1195 1160 ac
1225 1121 1373 1174 publici
1401 1121 1495 1161 iuris

151 1181 257 1219 facta
276 1182 364 1227 sint,
394 1194 503 1232 quam
531 1181 694 1219 maxima
719 1181 958 1232 potuerimus
986 1178 1186 1230 diligentia
1209 1186 1249 1218 et
1268 1179 1495 1232 integritate

152 1251 437 1277 recenseamus.
484 1238 526 1277 In
548 1252 621 1290 quo
643 1251 762 1290 opere
783 1235 1031 1276 diiudicando
1051 1250 1196 1289 aequos
1216 1250 1262 1276 ac
1282 1237 1495 1276 benevolos

153 1296 320 1334 arbitros
342 1297 486 1335 iuvabit
504 1297 735 1342 meminisse,
762 1309 784 1334 a
805 1296 956 1335 nemine
977 1308 1124 1342 eorum,
1153 1296 1215 1347 qui
1230 1301 1379 1348 patrum
1395 1295 1494 1335 eccl.

152 1353 324 1392 historiis
347 1368 501 1407 operam
524 1354 728 1401 dederunt,
756 1354 844 1392 huic
865 1354 1086 1393 recensioni
1108 1354 1311 1392 etiamnum
1328 1353 1375 1392 ab
1391 1365 1495 1392 omn!

153 1419 264 1462 parte
280 1413 519 1451 satisfactum
534 1425 633 1459 esse,
649 1419 763 1464 atque
780 1411 879 1450 haud
899 1425 1043 1464 paucas
1059 1412 1403 1450 commentationes
1417 1409 1495 1451 dis-

249 1535 285 1578 1)
306 1540 515 1578 Temporum
535 1538 664 1569 iniuria
684 1538 720 1568 hi
740 1539 820 1569 libri
841 1538 1051 1569 Tertulliani
1071 1538 1217 1577 periisse
1242 1539 1423 1571 dicuntur:
1449 1537 1496 1570 de

153 1585 338 1616 Aaronis
370 1585 561 1615 vestibus
594 1584 820 1623 (Hieronymi
843 1594 898 1624 ep.
931 1582 1051 1626 128.)‚
1078 1585 1124 1614 de
1156 1584 1496 1616 circumcisione

154 1630 279 1670 (eiusd.
295 1641 348 1669 ep.
363 1628 472 1673 125.)‚
505 1631 553 1662 de
579 1630 842 1661 animalibus
867 1631 989 1670 puris
1015 1633 1055 1661 et
1082 1629 1262 1668 impuris
1288 1629 1422 1669 (eiusd.
1441 1639 1496 1670 ep.

155 1677 268 1716 124),
307 1677 353 1707 de
391 1677 562 1708 exstasi
593 1676 672 1707 libri
703 1678 852 1717 septem,
893 1685 1039 1715 quorum
1071 1675 1216 1706 ultimus
1248 1675 1336 1706 adv.
1360 1676 1496 1716 Apol-

152 1723 314 1754 lonium
341 1724 494 1762 scriptus
520 1724 596 1754 erat
620 1723 742 1761 (eiusd.
762 1722 821 1753 lib.
843 1722 884 1753 de
903 1722 987 1753 viris
1008 1721 1135 1752 illustr.
1155 1729 1185 1751 c.
1207 1719 1299 1765 53.),
1332 1721 1380 1753 ‹le
1405 1721 1496 1754 vir-

153 1769 343 1810 ginitate
370 1770 496 1809 (eiusd.
516 1778 572 1808 ep.
594 1771 648 1801 18.
664 1766 751 1811 22.),
778 1769 824 1799 de
849 1768 1066 1799 molestiis
1090 1767 1340 1807 nuptiarum
1366 1765 1495 1810 (eiusd.

153 1825 207 1855 ep.
229 1817 282 1847 22.
304 1819 336 1846 5.
359 1818 436 1848 146.
457 1816 533 1847 adv.
555 1815 660 1847 lovin.
675 1816 706 1854 1,
723 1812 784 1858 7.)‚
811 1814 857 1845 de
885 1813 1087 1855 paradiso
1113 1814 1226 1853 (Tei-t.
1244 1811 1303 1846 lib.
1323 1813 1365 1845 de
1378 1813 1496 1847 anima

154 1871 183 1893 c.
200 1861 282 1902 55.)‚
309 1863 355 1893 de
374 1864 467 1894 fato
483 1860 580 1904 (ibid.
594 1860 719 1901 c,20.)‚
746 1862 794 1892 de
814 1870 885 1900 spe
905 1861 1101 1892 fidelium
1130 1860 1223 1899 (adv.
1237 1861 1345 1892 Marc.
1361 1862 1394 1903 3,
1408 1857 1494 1903 24.)‚

151 1908 243 1940 adv.
272 1909 466 1948 Apellem
491 1909 546 1950 (de
567 1917 671 1939 carne
693 1908 751 1939 Ch.
775 1918 804 1939 c.
824 1909 855 1939 8.
881 1908 925 1938 cf.
945 1906 1123 1938 Vincentii
1146 1906 1216 1938 Lir.
1237 1907 1437 1939 commonit.
1464 1915 1495 1938 c.

153 1955 238 1994 24.)‚
265 1955 323 1987 lib.
350 1956 459 1994 quod
485 1955 587 1986 deus
614 1954 744 1985 iudex
769 1954 831 1985 sit
857 1953 948 1993 (adv.
974 1955 1084 1984 Marc.
1107 1953 1145 1992 2,
1168 1953 1257 1994 27.),
1290 1953 1337 1984 de
1364 1961 1495 1985 censu

153 2001 319 2032 animae
344 2002 400 2041 (de
421 2002 537 2032 anima
557 2011 587 2032 c.
610 1999 668 2040 1.),
697 2002 732 2036 et
755 2002 893 2039 praeter
914 2000 994 2030 illos
1015 1999 1166 2038 quinque
1185 1998 1292 2030 libros
1314 1998 1493 2040 singulare

154 2056 241 2085 opus
263 2048 349 2080 adv.
369 2048 650 2087 Marcionem,
677 2046 767 2085 quod
786 2046 933 2078 suniam
947 2048 1064 2076 aetate
1078 2045 1297 2080 intercidisse
1310 2045 1405 2077 Tert.
1418 2045 1494 2085 ipse

152 2095 302 2124 testatus
317 2097 371 2125 est
385 2091 477 2136 (adv.
493 2095 600 2124 Marc.
616 2095 648 2131 1,
664 2090 726 2135 1.).
758 2093 920 2124 Graece
940 2092 1079 2132 scripsit
1093 2092 1200 2123 libros
1212 2091 1260 2122 de
1280 2091 1494 2130 baptismo

153 2137 213 2180 (de
233 2142 324 2179 bapt.
346 2150 376 2172 c.
399 2140 485 2180 15.)‚
513 2140 559 2170 de
586 2139 854 2178 spectaculis
881 2139 945 2178 (de
962 2148 1033 2171 cor.
1052 2138 1123 2169 mil.
1143 2147 1174 2168 c.
1194 2137 1242 2178 6.)
1269 2139 1304 2168 et
1330 2138 1376 2169 de
1396 2137 1494 2169 *vir-

154 2186 324 2224 ginibus
351 2187 547 2218 velandis
574 2182 634 2226 (de
651 2186 714 2216 vel.
730 2185 813 2225 virg.
829 2195 859 2215 c.
875 2184 936 2224 1.).
979 2185 1165 2215 Praeterea
1184 2184 1220 2214 in
1240 2183 1360 2215 tabula
1380 2182 1493 2215 codici

153 2230 326 2271 Agobardi
340 2233 493 2272 praelixa
508 2232 726 2262 Tertulliano
739 2231 941 2262 tribuuntur
954 2230 1034 2263 libri
1047 2231 1095 2261 de
1116 2229 1282 2261 animae
1304 2229 1491 2261 submis-

154 2278 293 2318 sione,
331 2279 379 2309 de
414 2278 733 2317 superstitione
771 2277 913 2308 seculi
946 2279 982 2308 et
1015 2277 1061 2307 de
1099 2285 1227 2307 carne
1265 2277 1306 2307 et
1341 2276 1491 2307 anima.

154 2323 192 2362 2)
219 2323 385 2355 Genuinis
411 2324 620 2355 Tertulliani
651 2324 790 2362 scriptis
815 2325 910 2354 recte
937 2324 1148 2354 censuerunt
1174 2331 1251 2353 esse
1276 2321 1489 2362 suppositos,

153 2371 294 2408 praeter
313 2370 519 2409 appendices
538 2370 594 2400 lib.
615 2370 656 2400 de
677 2379 829 2408 praescr.
854 2369 949 2401 haer.
975 2371 1010 2400 et
1034 2369 1109 2400 adv.
1133 2368 1290 2410 ludaeos,
1315 2368 1423 2399 libros
1442 2367 1490 2399 de

155 2414 265 2445 cibis
289 2416 478 2446 Iudaicis
504 2419 538 2447 et
564 2416 611 2446 de
636 2415 858 2454 trinitate,
885 2425 905 2445 a
925 2415 1171 2446 Novationo
1191 2413 1422 2455 conscriptos,
1447 2421 1488 2445 nc

155 2460 366 2491 Gennadii
383 2461 440 2491 lib.
458 2462 504 2492 de
526 2461 869 2492 definitionibus
896 2462 1001 2492 fidei
1027 2463 1068 2491 et
1090 2461 1330 2501 dogmatum
1349 2457 1488 2491 eccle-

156 2505 456 2546 siasticorum,
472 2508 583 2546 iisque
597 2507 855 2538 adnumeranda
872 2508 1062 2538 carmina
1075 2506 1435 2537 adv-Marcionem
1451 2503 1488 2534 in

155 2552 306 2592 quinque
320 2552 425 2583 libros
440 2553 634 2591 distributa,
656 2553 703 2583 de
722 2552 887 2584 iudicio
908 2553 1082 2590 domini,
1102 2552 1150 2583 de
1170 2551 1335 2591 genesi,
1353 2549 1486 2580 deSo-

155 2598 293 2638 domaJ
317 2598 362 2628 de
382 2598 499 2639 ligno
519 2600 652 2641 vitae,
678 2598 726 2630 ad
745 2601 987 2630 senatorem
1008 2601 1042 2629 et
1064 2599 1111 2628 de
1129 2598 1231 2627 Iona
1257 2598 1297 2626 et
1322 2594 1475 2626 Ninive
