1598 2794
0 2722 4 2737 ¹⁴
0 2546 16 2708 “““Ἶ,π”“
0 2426 18 2531 VWV
0 2350 17 2394 ’μ
6 2320 7 2323 Α
10 2230 17 2233 4
9 2203 11 2206 i

253 178 328 210 DE
364 176 998 210 PRAESCR1PT10N113US
1034 175 1285 207 HAERET.
1404 173 1433 212 Β

101 272 199 312 fuit?
235 284 345 324 quam
370 270 519 309 ianuam
545 269 670 316 novit,
697 269 734 307 in
761 281 834 320 qua
860 281 932 308 nec
957 264 1156 321 receptus,
1184 282 1256 308 nec
1275 269 1431 307 eiectus

100 327 332 382 aliquando?
373 341 422 366 an
454 328 517 380 qui
548 327 623 366 scit
653 340 694 365 se
727 327 829 365 intus
859 327 976 365 fuisse
1008 333 1049 365 et
1079 327 1184 365 foras
1215 333 1362 373 actum,
1400 327 1432 364 is

100 388 228 440 potius
253 386 437 439 pulsabit,
465 393 505 424 et
530 386 666 423 ostium
695 385 825 422 novit?
872 384 1019 423 Etiam:
1047 385 1168 436 petite
1195 391 1235 423 et
1260 385 1431 436 accipie-

102 445 164 492 tis,
191 445 229 484 ei
253 444 450 496 competit,
478 443 541 495 qui
566 442 734 488 sciebat,
761 455 782 480 a
810 455 884 494 quo
911 449 995 480 erat
1021 441 1164 493 aliquid
1190 442 1430 494 promissum,

85 515 123 541 -ιι
147 500 223 541 deo
249 501 401 540 scilicet
418 500 628 547 Abraham,
656 499 765 538 Isaac
792 507 831 538 ct
857 499 987 547 Iacob,
1014 513 1125 551 quem
1153 500 1329 539 nationes
1355 512 1433 537 non

100 557 224 611 inagis
249 565 449 604 noverant,
477 571 587 610 quam
611 558 724 596 ullam
741 559 1080 609 repromissionem
1107 557 1202 595 eius.
1264 556 1315 594 Et
1341 555 1430 595 ideo

99 615 150 656 ad
181 615 302 655 lsrael
335 616 582 668 loquebatur:
632 614 722 654 Non
760 629 854 662 sum,
894 615 1032 666 inquit,
1073 614 1227 667 missus,
1273 614 1345 651 nisi
1383 612 1433 651 ad

101 687 195 714 oves
230 672 403 726 perditas
442 672 576 711 domus
614 672 783 711 Israe‘lis.
854 671 1033 709 Nondum
1062 670 1222 709 canibus
1258 670 1432 709 iactabat

99 743 238 784 panem
278 731 454 777 filiorum,
488 729 654 768 nondum
694 731 732 767 in
769 730 867 767 viam
902 729 1084 781 [gentium
1111 728 1187 778 vel]
1235 729 1432 766 nationum

100 788 159 827 ire
185 787 390 827 mandabat
404 790 454 837 1).
480 789 482 791 ’
507 786 704 842 Siquidem
737 787 775 824 in
813 786 887 824 line
914 786 1135 838 praecepit,
1175 793 1218 823 ut
1242 785 1433 824 vaderent

99 844 150 884 ad
174 845 371 885 docendas
408 853 449 884 et
478 844 683 897 tingendas
721 845 915 890 nationes,
955 844 1201 882 consecuturi
1234 856 1323 881 mox
1354 844 1433 894 spi-

98 904 213 943 ritum
250 910 423 942 sanctum
460 904 711 955 paracletum,
735 903 820 954 ”qui
859 902 945 939 illos
979 900 1214 939 deducturus
1250 907 1354 938 esset
1393 901 1432 938 in

97 973 251 1000 omnem
275 962 480 998 veritatem
493 962 546 1008 2).
597 959 648 997 Et
672 960 746 997 hoc
774 960 970 1010 ergaillos
983 959 1090 997 facit.
1144 957 1290 1006 Quodsi
1305 959 1431 996 natio-

99 1017 210 1054 nibus
247 1016 429 1054 destinati
464 1016 651 1054 doctores
688 1017 873 1068 apostoli,
919 1017 992 1068 ipsi
1030 1029 1180 1068 qnoque
1228 1015 1432 1054 doctorem

51 1102 55 1107 .
95 1072 348 1114 consecuturi
386 1079 498 1110 erant
534 1073 792 1123 paracletum,
832 1073 949 1109 multo
988 1074 1110 1122 magis
1134 1072 1299 1110 vacabat
1336 1086 1433 1123 erga

96 1139 191 1167 nos:
230 1129 404 1180 quaerite
442 1136 483 1166 ct
518 1130 740 1175 invenietis,
781 1128 916 1179 quibus
953 1129 1054 1166 ultro
1094 1136 1179 1166 erat
1217 1129 1432 1167 obventura

98 1183 279 1224 doctrina
292 1198 364 1237 per
376 1185 573 1236 apostolos
588 1192 627 1223 et
651 1186 743 1236 ipsis
770 1185 955 1236 apostolis
970 1198 1041 1236 per
1054 1186 1226 1237 spiritum
1242 1193 1428 1223 sanctum.

100 1241 238 1280 Omnia
262 1241 413 1294 quidem
439 1241 544 1282 dicta
569 1241 713 1280 domini
739 1243 912 1280 omnibus
948 1243 1074 1293 posita
1099 1249 1203 1289 sunt,
1238 1255 1333 1294 quae
1360 1256 1431 1294 per

98 1312 215 1338 aures
240 1298 469 1339 Iudaeorum
501 1299 550 1338 ad
581 1313 651 1338 nos
677 1300 930 1346 transierunt,
963 1298 1032 1337 scd
1058 1299 1242 1350 pleraque
1276 1300 1314 1337 in
1341 1312 1430 1351 per-

96 1369 214 1398 sonas
251 1356 402 1395 directa
447 1370 523 1394 non
560 1357 837 1408 proprietatem
877 1355 1148 1394 admonitionis
1186 1356 1297 1394 nobis
1336 1369 1430 1394 con-

97 1415 316 1461 stituerunt,
343 1413 412 1452 sed
438 1414 666 1465 exemplum.

213 1475 257 1514 9.
310 1470 418 1510 Cedo
444 1485 544 1510 nunc
569 1478 706 1523 sponte
732 1470 780 1510 de
807 1469 930 1522 gradu
956 1472 1050 1518 isto,
1083 1471 1258 1510 omnibus
1284 1470 1429 1510 dictum

47 1575 51 1578 ν
95 1529 166 1569 sit:
205 1530 378 1582 quaerite
417 1537 456 1568 et
494 1530 715 1578 invenietis,
768 1536 894 1568 tamen
932 1536 972 1567 et
1007 1529 1070 1567 hic
1109 1530 1258 1581 expetit
1294 1531 1429 1568 sensus

97 1594 231 1626 certae
263 1588 595 1639 interpretationis
626 1587 928 1638 gubernaculum
942 1588 995 1635 3).
1051 1586 1167 1625 Nulla
1198 1601 1274 1625 vox
1299 1587 1430 1625 divina

93 1645 150 1683 ita
176 1643 361 1683 dissoluta
387 1652 447 1683 est
471 1652 511 1683 et
535 1644 684 1692 diffusa,
711 1653 753 1683 ut
778 1643 896 1683 verba
922 1650 1064 1683 tantum
1090 1643 1360 1691 defendantur,
1389 1652 1431 1682 et

97 1702 198 1740 ratio
224 1701 429 1741 verborum
462 1715 538 1740 non
577 1704 848 1741 constituatur.
910 1701 989 1740 Sed
1015 1703 1053 1739 in
1079 1703 1211 1753 p1imis
1237 1702 1310 1740 hoc
1336 1715 1429 1753 pro—

96 1771 214 1811 pono·
275 1757 397 1797 Unum
429 1761 557 1811 itaque
570 1761 678 1808 4)„et
703 1767 850 1798 certum
881 1758 1023 1810 aliquid
1050 1759 1261 1796 institutum
1293 1771 1379 1797 esse
1406 1773 1430 1796 a

97 1815 266 1863 Christo,
295 1815 396 1868 quod
422 1816 586 1855 credere
613 1818 714 1854 omni
740 1816 855 1854 m'odo
882 1815 1051 1854 debeant
1075 1817 1264 1863 nationes,
1304 1822 1343 1854 et
1369 1815 1428 1854 id-

95 1874 205 1913 circo
232 1886 433 1926 quaerere,
460 1881 501 1912 ut
527 1875 685 1925 possint,
714 1887 798 1912 cum
823 1870 1052 1920 invenerint,
1082 1872 1258 1911 credere.
1310 1871 1428 1911 Unius

94 1943 214 1983 porro
243 1938 287 1970 et
318 1932 415 1969 certi
453 1932 615 1969 instituti
648 1930 796 1969 infinita
827 1931 1021 1983 inquisitio
1056 1936 1132 1967 non
1164 1937 1294 1982 potest
1319 1943 1425 1969 esse:

94 1987 356 2040 quaerendum
382 1996 455 2036 est,
480 1988 608 2027 donec
635 1989 888 2036 invenias,-et
913 1987 1162 2034 credendum,
1190 1988 1428 2027 ubiinvene··

80 2040 167 2093 ris,
205 2053 246 2085 et
270 2046 363 2085 nihil
389 2047 568 2098 amplius,
608 2047 680 2084 nisi
714 2045 1026 2093 custodiendum,
1066 2045 1167 2097 quod
1208 2045 1424 2093 credidisti,

64 2100 182 2145 -dum
219 2104 377 2156 insuper
413 2104 560 2151 credis,
599 2103 701 2142 aliud
739 2118 814 2142 non
850 2117 935 2142 esse
963 2102 1217 2150 credendum,
1256 2103 1424 2155 ideoque

94 2172 170 2199 nec
192 2161 483 2213 requirendum,
512 2173 596 2200 cum
622 2161 660 2200 id
686 2162 898 2208 inveneris,
925 2167 966 2199 et
991 2160 1219 2207 credideris,
1248 2160 1350 2212 quod
1377 2161 1424 2198 ab

94 2228 143 2256 eo
169 2218 379 2257 institutum
405 2227 483 2267 est,
517 2220 579 2272 qui
611 2233 687 2257 non
719 2218 822 2258 aliud
853 2219 923 2257 tibi
955 2216 1111 2257 mandat
1143 2217 1422 2269 inquirendum,

187 2386 225 2432 1)
251 2389 373 2420 Mattn.
394 2391 448 2430 15,
469 2391 523 2420 24.
549 2391 603 2429 1ο,
626 2393 656 2422 5.
678 2393 732 2432 28,
754 2393 808 2423 19.
904 2392 941 2430 2)
966 2393 1061 2424 ioan.
1083 2391 1138 2431 16,
1161 2390 1213 2420 13.
1309 2389 1345 2430 3)
1371 2390 1424 2420 na

87 2436 225 2467 emend.
255 2435 372 2466 locum
402 2436 594 2475 Pamelius;
639 2437 746 2468 Rhen.
785 2446 940 2473 sensus
967 2439 1139 2468 certare
1171 2445 1262 2467 cum
1288 2436 1423 2466 inter-

93 2481 358 2522 pretationis
383 2483 693 2520 gubernaculo.
742 2484 917 2514 wouwer.
943 2483 1122 2522 expedit
1147 2479 1239 2524 (Rig.
1265 2491 1435 2522 expeti-r

92 2526 172 2566 dit)
197 2536 329 2559 sensu
354 2531 526 2559 certare
552 2538 640 2560 cum
669 2529 852 2568 interpr.
877 2528 1189 2569 gubernaculo.
1287 2526 1327 2572 4)
1354 2528 1421 2558 Pa-

91 2573 171 2604 mel.
193 2575 228 2605 et
252 2574 326 2614 Rig.
355 2575 483 2606 Unum
511 2575 658 2613 utique
685 2578 749 2608 etc.
