1604 2800
157 190 223 227 πο
526 188 598 219 DE
636 187 829 219 CARNE
864 187 1119 219 cuais‘rr.

159 297 333 328 carnem,
373 283 436 334 qui
469 288 590 319 semet
622 282 724 332 ipsos
750 287 959 332 potuerunt
984 286 1215 318 convertere
1249 278 1285 316 in
1318 289 1487 316 earnem.

158 343 246 380 Plus
271 347 331 380 est
362 347 534 378 naturam
567 338 784 384 demutare,
823 351 932 390 quam
972 338 1104 375 facere
1138 335 1348 374 materiam.
1411 333 1490 374 Sed

159 402 190 438 si
230 398 278 437 de
317 398 479 436 materia
517 409 678 435 necesse
716 397 852 434 fuisset
883 396 1044 446 angelos
1077 394 1282 445 sumpsisse
1321 402 1490 438 carnem,

160 456 382 496 credibilius
408 457 537 507 utique
564 462 634 500 est,
663 454 710 492 de
738 461 893 492 terrena
919 453 1092 498 materia,
1120 464 1229 504 quam
1256 450 1304 489 de
1325 451 1494 502 ulloge—

161 527 253 554 nere
282 513 507 553 coelestium
534 513 850 557 substantiarum,
885 525 967 550 cum
995 509 1094 548 adeo
1122 517 1303 548 terrenae
1330 509 1494 560 qualita—

161 575 209 611 tis
234 573 446 617 exstiterit,
486 578 527 609 ut
554 571 717 609 terrenis
744 570 892 621 pabulis
917 576 1027 621 pasta
1052 569 1114 606 sit.
1176 567 1310 605 Fuerit
1332 579 1435 605 nunc
1458 567 1494 614 ¹)

162 643 312 682 quoque
339 628 493 668 siderea
520 627 657 667 eodem
684 627 798 666 modo
825 629 992 666 terrenis
1019 625 1166 678 pabuiis
1193 631 1314 677 pasta,
1341 622 1494 676 quando

164 696 319 727 terrena
346 701 419 725 non
448 694 564 732 esset,
592 700 666 738 quo
700 693 853 724 terrena
883 685 1117 723 coelestibus
1143 690 1252 735 pasta
1278 689 1350 729 est,
1377 693 1496 734 quan-

164 745 212 784 do
247 745 428 783 coelestis
460 758 535 782 non
568 751 689 790 esset,
730 744 913 794 (legimus
940 744 1054 787 enim,
1082 754 1218 779 manna
1245 741 1326 779 esui
1353 739 1495 792 populo

165 804 301 841 fuisse:
326 815 473 853 panem,
497 802 629 852 Inquit,
645 797 868 851 angelorum
891 799 973 838 edit
987 800 1179 846 hom0‚)2)
1197 812 1271 836 non
1293 805 1420 836 tamen
1441 798 1498 836 in—

166 861 347 911 fringitur
372 859 490 897 semel
517 865 696 910 separata
722 857 894 896 conditio
922 856 1140 895 dominicae
1168 856 1296 894 carnis
1316 867 1364 893 ex
1386 867 1498 893 caus-

166 932 206 956 sa
232 918 391 955 alterius
418 916 694 968 dispositionis.
736 915 858 953 Homo
883 927 975 952 vere
1003 916 1150 952 futurus
1177 925 1294 965 usque
1321 911 1368 950 ad
1397 925 1499 950 mor—

166 983 242 1013 tem
269 988 352 1014 eam
380 987 533 1012 carnem
562 973 768 1025 oportebat
795 971 990 1017 indueret,
1031 972 1139 1010 cuius
1169 978 1228 1009 est
1254 982 1375 1016 mors,
1415 982 1499 1008 eam

168 1046 284 1083 porro
312 1045 480 1078 carnem,
509 1032 615 1069 cilius
642 1038 701 1069 est
727 1044 840 1075 mors,
869 1031 1048 1068 nativitas
1073 1027 1283 1067 antecedit.

283 1093 323 1131 7.
357 1088 436 1128 Sed
463 1090 640 1140 quotiens
666 1087 714 1126 de
743 1088 943 1126 nativitate
971 1085 1232 1134 contenditur,
1260 1097 1406 1132 omnes,
1435 1085 1498 1137 qui
1545 1105 1557 1110 -

170 1155 354 1199 respuunt
385 1160 466 1185 eam
502 1153 542 1184 ut
567 1145 895 1198 praeiudicantem
923 1145 971 1183 de
999 1146 1126 1183 carnis
1152 1145 1189 1182 in
1217 1143 1372 1181 Christo
1397 1142 1501 1181 veri—

172 1213 268 1251 tate,
301 1207 420 1256 ipsum
448 1203 558 1243 deum
587 1205 718 1243 volunt
743 1217 888 1254 negare
915 1216 1000 1242 esse
1027 1209 1174 1248 natum,
1210 1200 1311 1254 quod
1338 1200 1500 1239 dixerit:

172 1276 267 1313 quae
295 1263 383 1301 mihi
411 1269 550 1308 mater,
590 1269 629 1301 et
662 1263 723 1314 qui
750 1262 839 1300 mihi
867 1262 1033 1299 fratres?
1050 1261 1088 1306 3)
1151 1259 1296 1315 Audiat
1320 1259 1440 1310 igitur
1462 1263 1503 1296 et

172 1321 349 1371 Apelles,
377 1319 466 1371 quid
492 1321 564 1357 iam
592 1333 815 1371 responsum
843 1320 892 1357 sit
917 1333 939 1358 a
965 1318 1075 1356 nobis
1100 1317 1291 1356 Marcioni
1316 1329 1365 1355 eo
1393 1316 1504 1354 libet-

175 1378 230 1420 lo,
270 1390 343 1427 quo
381 1377 619 1426 evangelium
658 1378 776 1428 ipsius
815 1378 1131 1427 provocavimus,
1183 1373 1502 1426 considerandam

174 1433 326 1471 scilicet
363 1435 558 1471 materiam
603 1435 925 1484 pronuntiationis
968 1434 1092 1471 istius.
1179 1433 1307 1471 Primo
1351 1430 1504 1484 quidem

176 1502 362 1540 nunquam
390 1491 585 1541 quisquam
611 1489 875 1527 adnuntiasset
899 1491 955 1528 ini
987 1498 1144 1527 matrem
1179 1497 1219 1528 et
1250 1491 1391 1528 fratres
1423 1490 1506 1528 eius

176 1548 271 1585 foris
298 1555 418 1592 stare,
459 1548 521 1598 qui
548 1560 623 1585 non
651 1554 779 1585 certus
805 1554 927 1593 esset,
965 1547 1110 1584 habere
1143 1547 1245 1584 inum
1279 1553 1439 1584 matrem
1466 1553 1507 1584 et

176 1605 316 1643 fratres
342 1612 381 1643 et
406 1606 509 1656 ipsos
535 1618 639 1650 esse,
668 1618 761 1656 quos
788 1611 877 1642 tunc
904 1604 1122 1650 nuntiabat,
1151 1604 1209 1642 vel
1235 1610 1343 1641 retro
1370 1603 1506 1654 cogni-

177 1670 237 1700 tos
263 1663 322 1700 vel
350 1670 438 1700 tunc
465 1661 606 1700 ibidem
633 1669 871 1713 compertos;
911 1663 1005 1700 licet
1035 1668 1246 1713 propterea
1277 1661 1508 1702 abstulerint

177 1720 359 1758 haereses
385 1722 457 1758 ista
483 1719 530 1758 de
557 1720 779 1770 evangelio,
820 1719 921 1771 quod
953 1726 993 1758 et
1025 1718 1212 1757 creditum
1245 1724 1393 1770 patrem
1423 1718 1506 1757 eius

178 1777 314 1829 loseph
342 1777 490 1816 fabrum
518 1785 556 1816 et
581 1784 738 1815 matrem
754 1777 916 1815 Mariam
943 1784 983 1815 et
1007 1777 1149 1815 fratres
1174 1783 1214 1815 et
1240 1787 1398 1815 sorores
1425 1776 1508 1815 eius

178 1836 319 1887 optime
347 1842 459 1873 notos
485 1835 557 1873 sibi
584 1848 669 1874 esse
696 1834 896 1881 dicebant,
936 1835 998 1886 qui
1031 1834 1268 1872 mirabantur
1287 1832 1507 1872 doctrinam

179 1894 274 1937 eius,
302 1893 367 1930 sed
397 1892 567 1931 tentandi
594 1894 719 1943 gratia
746 1894 1015 1931 nuntiaverant
1039 1893 1076 1931 ei
1093 1899 1261 1930 matrem
1288 1898 1328 1930 et
1351 1892 1506 1938 fratres,

181 1963 273 2001 quos
300 1964 375 1988 non
403 1950 582 1989 habebat.
645 1951 728 1989 Hoc
756 1950 906 2002 quidem
933 1951 1123 2001 scriptura
1149 1963 1225 1988 uon
1257 1948 1372 1995 dicit,
1411 1949 1508 1988 alias

182 2020 256 2044 non
294 2015 445 2053 tacens,
486 2022 568 2046 cum
608 2007 697 2060 quid
735 2010 957 2047 tentationis
990 2009 1116 2059 gratia
1146 2007 1288 2046 factum
1315 2013 1376 2045 est
1401 2007 1509 2045 eirea

181 2077 279 2104 eum.
340 2064 465 2111 Ecce,
502 2067 643 2117 inquit,
682 2068 851 2105 surrexit
877 2067 973 2117 legis
999 2065 1140 2104 doctor
1170 2071 1322 2103 tentans
1349 2076 1447 2103 eum.
1466 2065 1506 2110 ⁴)

182 2121 231 2159 Et
257 2123 365 2161 alibi:
394 2130 432 2161 et
457 2132 706 2162 accesserunt
730 2124 777 2162 ad
799 2137 882 2163 eum
906 2124 1099 2176 pharisaei
1114 2123 1368 2170 tentantes.⁵)
1398 2120 1508 2170 Quod

182 2192 293 2218 nemo
333 2180 580 2232 prohibebat,
631 2182 693 2220 hic
732 2195 882 2234 quoque
925 2182 1142 2233 significari·
1174 2177 1346 2219 tentandi
1384 2180 1510 2231 gratia

183 2238 339 2276 factum.
403 2237 492 2277 Non
531 2241 698 2291 recipio,
737 2239 838 2291 quod
870 2246 980 2278 extra
1012 2240 1238 2291 scripturam
1272 2236 1320 2276 de
1351 2244 1420 2276 tuo
1451 2238 1509 2276 in-

183 2295 273 2333 fers.
347 2295 495 2335 Dehinc
534 2300 694 2336 materia
736 2298 960 2336 tentationis
1004 2296 1122 2336 debet
1164 2295 1336 2335 subesse.
1408 2292 1507 2342 Quid

277 2457 313 2496 1)
339 2458 495 2495 1taGel.,
517 2459 568 2489 ed.
582 2460 694 2499 Fran„
723 2460 813 2499 Rig.;
837 2461 944 2492 Rhen.
959 2460 1012 2492 ed.
1026 2461 1074 2493 1.:
1099 2461 1218 2490 Nunc
1245 2458 1307 2490 uic
1333 2465 1508 2495 quoque.

187 2502 344 2534 senilem:
371 2505 488 2534 Nunc
515 2505 549 2535 si
569 2515 630 2543 qu.
727 2508 765 2542 2)
793 2507 846 2536 Ps.
861 2508 915 2544 78,
932 2508 998 2536 24:
1082 2507 1118 2545 3)
1143 2503 1336 2541 Matth.12,
1351 2504 1405 2532 48.
1427 2503 1509 2532 huc.

187 2548 338 2621 ῗὸ20359.
391 2551 440 2580 Cf.
463 2551 537 2581 adv.
561 2552 668 2582 Marc.
690 2553 722 2589 4,
748 2554 800 2583 19.
896 2553 933 2591 4)
959 2551 1080 2582 Mntth.
1101 2552 1156 2590 22,
1182 2551 1236 2581 35.
1333 2549 1370 2588 5)
1389 2548 1510 2579 Matih.

232 2614 240 2628 ,
290 2615 297 2623 .
