1604 2800
156 187 261 224 186
674 183 748 214 DE
785 184 982 216 AN1MA.

157 278 379 333 quibusdam
405 284 445 316 et
469 274 704 315 Aristoteles
729 274 926 315 iudicavit.
970 274 1060 314 Non
1086 275 1185 315 enim
1210 276 1380 321 membra
1404 286 1493 319 sunt

156 336 391 377 substantiae
418 334 605 381 animalis,
632 332 701 373 sed
726 334 894 386 ingenia,
921 341 963 372 ut
986 334 1204 382 motorium,
1229 341 1272 374 ut
1290 337 1491 386 actorium,

154 403 195 434 ut
221 394 513 445 cogitatorium,
547 398 587 430 et
617 392 650 430 si
682 405 755 444 qua
786 392 825 430 in
849 391 949 431 hunc
981 389 1133 430 modum
1165 391 1421 445 distinguunt,
1452 402 1495 435 ut

155 460 195 491 et
219 452 292 504 ipsi
318 451 375 490 illi
402 451 567 502 quinque
594 450 783 489 notissimi
807 461 960 497 sensus,
992 450 1114 498 visus,
1147 448 1311 499 auditus,
1345 459 1492 504 gustus,

155 516 294 556 tactus,
322 507 520 547 odoratus.
584 506 729 555 Quibus
755 508 928 546 omnibus
953 508 1027 546 etsi
1052 514 1162 546 certa
1186 509 1346 560 singulis
1371 508 1495 549 domi-

157 568 247 606 cilia
271 567 309 605 in
337 579 504 618 corpore
530 563 903 612 determinaverunt,
941 579 1019 603 non
1044 564 1192 604 idcirco
1219 566 1317 606 haec
1343 578 1495 620 quoque

157 623 375 664 distributio
407 624 556 662 animae
590 622 639 662 ad
664 624 813 662 animae
846 624 1042 662 sectiones
1078 623 1305 675 pertinebit,
1344 624 1495 677 quando

158 696 205 722 ne
237 684 358 734 ipsum
397 680 548 733 quidem
587 693 727 733 corpus
758 682 812 720 ita
843 679 1036 719 dividatur
1065 681 1103 719 in
1135 681 1324 729 membra,
1361 689 1405 721 ut
1433 683 1498 721 isti

158 740 292 778 volunt
322 740 498 778 animam.
566 737 710 790 Atquin
743 751 794 778 ex
823 737 1064 777 multitudine
1095 739 1352 779 membrorum
1383 751 1496 780 unum

164 810 303 849 corpus
330 796 505 842 efficitur,
533 802 574 834 ut
599 797 800 835 concretio
827 797 877 835 sit
901 797 1028 847 potius
1053 797 1137 849 ipsa
1161 795 1314 845 divisio,
1351 795 1497 850 Specta

161 854 532 908 portentosissimam
540 851 787 892 Archimedis
801 853 1112 900 munificentiam,
1129 867 1315 905 organum
1328 854 1497 907 hydrau-

159 913 273 952 licum
306 911 414 958 dico,
453 918 514 949 tot
544 910 733 958 membra,
772 917 830 949 tot
861 917 1010 962 partes,
1050 917 1108 948 tot
1133 913 1401 963 compagines,
1439 918 1498 951 tot

159 971 299 1009 itinera
323 982 473 1015 vocum,
507 975 565 1006 tot
592 966 820 1020 compendia
847 981 1041 1014 sonorum,
1074 974 1133 1006 tot
1159 970 1393 1008 commercia
1417 982 1498 1008 mo-

160 1026 308 1075 dorum,
335 1033 395 1064 tot
419 1027 526 1065 acies
552 1026 749 1072 tibiarum,
782 1032 822 1064 et
845 1039 920 1063 una
945 1025 1066 1063 moles
1091 1032 1205 1064 erunt
1229 1025 1368 1066 omnia.
1431 1024 1499 1066 Sic

161 1092 201 1125 et
225 1085 399 1137 spiritus,
433 1084 496 1135 qui
527 1083 606 1122 illic
641 1082 687 1122 de
721 1089 912 1122 tormento
945 1094 1067 1134 aquae
1093 1082 1268 1130 anhelat,
1301 1096 1378 1122 non
1408 1082 1500 1123 ideo

161 1142 404 1195 separabitur
434 1142 472 1179 in
504 1147 653 1193 partes,
694 1141 781 1192 quia
812 1153 884 1192 per
907 1146 1038 1192 partes
1069 1139 1374 1189 administratur,
1411 1141 1499 1181 sub·

161 1201 302 1239 stantia
327 1197 478 1251 quidem
505 1197 663 1245 solidus,
692 1211 813 1251 opera
835 1210 930 1236 vero
957 1196 1112 1236 divisus.
1168 1197 1258 1237 Non
1284 1199 1400 1251 longe
1425 1199 1501 1238 hoc

163 1257 379 1309 exemplum
404 1264 465 1295 est
489 1269 512 1296 a
539 1254 723 1295 Stratone
749 1262 790 1295 et
814 1254 1076 1295 Aenesidemo
1102 1262 1144 1294 et
1168 1255 1389 1304 Heraclito,
1416 1269 1500 1296 nam

165 1322 205 1354 ct
240 1315 314 1366 ipsi
350 1315 538 1353 unitatem
582 1314 731 1353 animae
774 1320 948 1360 tuentur,
993 1325 1091 1366 quae
1128 1314 1167 1351 in
1204 1319 1324 1352 totum
1362 1326 1502 1367 corpus

165 1371 322 1418 diffusa,
354 1378 396 1409 et
425 1371 566 1422 ubique
593 1372 676 1423 ipsa
699 1371 806 1410 velut
830 1372 941 1410 ssatus
967 1372 1005 1409 in
1032 1371 1180 1410 calamo
1205 1383 1278 1423 per
1302 1384 1502 1418 cavernas,

166 1430 219 1466 ita
239 1440 311 1479 per
330 1428 524 1466 sensualia
542 1429 660 1466 variis
681 1428 803 1466 modis
825 1429 978 1476 emicet,
1005 1442 1081 1466 non
1106 1435 1182 1467 tam
1210 1429 1367 1468 concisa
1392 1441 1503 1482 quam

167 1483 399 1536 dispensata.
457 1481 563 1522 Haec
591 1485 717 1522 omnia
743 1485 876 1535 quibus
904 1486 1024 1524 titulis
1051 1493 1331 1538 nuncupentur,
1357 1493 1399 1525 et
1421 1486 1504 1540 qui-

165 1541 236 1580 bus
262 1554 311 1579 ex
336 1553 377 1579 se
405 1539 654 1578 divisionibus
680 1539 915 1587 deriventur,
942 1548 982 1579 et
1008 1543 1142 1592 quibus
1167 1545 1205 1580 in
1232 1556 1400 1595 corpore
1425 1555 1505 1583 me-

167 1598 376 1638 tationibus
401 1604 704 1649 sequestrentur,
731 1596 870 1636 medici
897 1598 1036 1649 potius,
1064 1605 1140 1636 tum
1167 1599 1387 1651 philosophi
1412 1613 1505 1639 con-

168 1655 403 1702 siderabunt,
432 1655 542 1694 nobis
568 1668 692 1706 pauca
717 1655 960 1693 convenient.

286 1716 351 1754 15.
367 1714 405 1760 1)
445 1712 485 1750 In
512 1712 644 1763 primis
670 1725 719 1750 an
745 1713 794 1750 sit
818 1712 956 1762 aliquis
975 1724 1139 1749 summus
1159 1712 1199 1749 in
1218 1713 1345 1751 anima
1364 1711 1506 1763 gradus

166 1770 294 1810 vitalis
319 1776 359 1808 et
383 1769 640 1821 sapientialis,
679 1767 779 1820 quod
811 1764 1035 1821 ἡγεμονικὸν
1049 1770 1085 1817 ²)
1123 1768 1338 1820 appellant,
1375 1768 1416 1808 id
1446 1777 1508 1810 est

167 1827 396 1880 principale,
423 1827 511 1878 qnia
525 1827 561 1875 ³)
584 1827 616 1864 si
636 1832 813 1877 negetur,
834 1832 938 1864 totus
951 1826 1099 1864 animae
1114 1832 1234 1864 status
1246 1826 1504 1878 periclitatur.

168 1885 343 1937 Denique
378 1885 442 1936 qui
472 1890 618 1935 negant
646 1883 881 1936 principale,
918 1884 1039 1935 ipsam
1075 1884 1180 1935 prius
1217 1884 1379 1923 animam
1411 1884 1506 1924 nihil

171 1949 416 1982 censuerunt.
499 1941 723 1981 Messenius,
752 1941 888 1992 aliquis
925 1940 1215 1988 Dicaearchus,
1259 1953 1309 1980 ex
1343 1939 1507 1981 medicis

171 2007 298 2038 autem
327 1997 506 2037 Andreas
543 2006 583 2037 et
617 1997 874 2051 Asclepiades
910 1999 965 2037 ita
1002 1997 1242 2037 abstulerunt
1275 1999 1504 2051 principale,

173 2055 260 2095 dum
285 2058 324 2094 in
349 2056 475 2094 animo
507 2056 590 2107 ipso
620 2057 754 2095 volunt
784 2069 870 2095 esse
902 2069 1056 2103 sensus,
1095 2069 1253 2108 quorum
1272 2055 1507 2097 ,vindicatur

171 2113 397 2165 principale.
447 2112 702 2165 Asclepiades
726 2115 841 2153 etiam
867 2114 933 2152 illa
957 2113 1290 2165 argumentatione
1314 2120 1504 2161 vectatur,

173 2169 274 2222 quod
304 2170 488 2223 pleraque
520 2172 698 2211 animalia
727 2171 916 2223 ademptis
947 2172 1004 2225 eis
1033 2171 1206 2223 partibus
1239 2171 1435 2223 corporiS,
1465 2171 1506 2210 in

173 2228 307 2280 quibus
320 2228 520 2280 plurimum
536 2230 776 2268 existimatur
794 2229 1007 2281 principale
1029 2229 1257 2276 consistere,
1283 2235 1325 2267 et
1347 2228 1506 2280 insuper

171 2287 300 2325 vivant
312 2286 551 2337 aliquatenus
565 2293 605 2324 et
617 2288 767 2339 sapiant
785 2287 1041 2333 nihilominus,
1066 2293 1110 2324 ut
1127 2297 1282 2325 muscae
1302 2291 1343 2324 et
1360 2296 1503 2338 vespae

173 2350 213 2382 et
238 2344 430 2391 locustae,
462 2343 495 2381 si
526 2344 655 2395 capita
680 2343 894 2393 decideris,
925 2351 967 2383 ut
992 2356 1133 2397 caprae
1159 2350 1200 2383 et
1222 2341 1436 2383 testudines
1461 2349 1503 2382 et

267 2490 306 2535 1)
332 2493 412 2532 Cap.
433 2495 486 2524 15.
507 2494 541 2523 et
562 2494 616 2523 16.
637 2493 670 2523 in
690 2493 795 2523 Rhen.
813 2495 846 2524 et
861 2494 933 2524 Gel.
953 2493 1027 2524 edd.
1041 2493 1208 2533 inscripta
1221 2470 1319 2524 sunt:
1345 2492 1403 2522 De
1428 2491 1502 2522 lie-

175 2538 411 2576 gemonico,
439 2548 488 2569 an
515 2538 570 2569 sit
595 2539 635 2569 et
662 2539 820 2571 ubisit.
923 2537 958 2576 2)
975 2540 1027 2570 Cf.
1046 2539 1136 2572 Plut.
1157 2539 1197 2569 de
1216 2539 1304 2578 plac.
1326 2536 1408 2576 phil.
1423 2538 1454 2577 4,
1470 2539 1500 2569 ὅ.

177 2583 213 2621 3)
228 2584 264 2613 ln
279 2584 328 2614 ed.
342 2584 416 2625 Rig.
431 2584 526 2616 deest
540 2594 570 2615 v.
586 2594 603 2623 q
617 2594 635 2614 u
646 2585 655 2615 i
666 2594 702 2624 εις
729 2585 788 2616 ned
802 2585 898 2615 aliud
912 2586 1050 2616 verbum
1067 2586 1099 2616 in
1115 2595 1154 2617 eo
1165 2584 1301 2615 videtur
1314 2583 1434 2614 latere.
