1604 2800
1397 66 1407 90 l

365 153 439 185 DE
473 151 985 184 RESURRECTIONE
1023 154 1251 186 CARNIS.
1369 154 1471 192 102

142 249 334 289 hominem
361 245 555 285 destinare
587 244 636 284 de
667 245 744 283 hoc
776 246 878 297 ipso,
917 259 965 284 an
991 244 1183 285 dominum
1210 253 1251 285 et
1274 255 1475 288 auctorem

143 320 251 347 suum
276 317 491 357 agnoscere
518 311 557 342 et
584 303 792 342 observare
819 306 984 351 curarit,
1021 318 1070 343 an
1095 318 1190 352 non,
1217 305 1347 357 utique
1373 306 1473 345 iudi-

146 366 245 404 cium
281 362 518 402 resurrectio
557 368 765 413 expunget.
827 361 934 401 Haec
973 363 1048 401 erit
1083 369 1165 402 tota
1203 376 1356 410 caussa,
1395 364 1473 402 imo

144 422 358 462 necessitas
382 420 698 467 resurrectionis,
739 421 1084 471 congruentissima
1115 421 1269 459 scilicet
1300 419 1373 460 deo
1406 420 1474 460 de-

144 480 300 520 stinatio
326 477 477 524 iudicii,
517 476 565 516 de
593 478 699 516 cuius
725 475 976 529 dispositione
1004 477 1204 530 dispicias,
1243 492 1291 517 an
1323 479 1475 531 utrique

145 537 381 592 substantiae
419 536 605 574 humanae
644 534 914 574 diiudicandae
953 549 1117 575 censura
1163 535 1290 574 divina
1326 537 1477 588 praesi-

146 595 254 642 deat,
293 602 368 633 tam
406 595 554 632 animae
593 606 703 645 quam
740 601 780 632 et
817 595 936 632 carni.
1000 593 1111 642 Quod
1148 595 1247 632 enini
1286 601 1479 645 congruet

145 651 329 699 iudicari,
367 651 441 690 hoc
469 658 665 703 competet
689 652 803 689 etiam
829 653 1064 690 resuscitari.
1127 651 1298 690 Dicimus
1323 652 1478 703 plenum

146 712 270 764 primo
302 710 592 762 perfectumque
627 707 860 747 credendum
891 708 1073 747 iudicium
1105 708 1187 755 dei,
1224 715 1267 746 ut
1305 709 1478 747 ultimum

145 770 221 807 iam
251 774 366 818 atque
400 765 538 804 exinde
570 773 814 817 perpetuum,
852 773 895 804 ut
924 767 980 804 sic
1013 776 1162 817 quoque
1195 766 1353 812 iustum,
1392 764 1480 803 dum

146 838 223 864 non
249 825 287 862 in
312 824 440 875 aliquo
467 823 607 869 minus,
647 830 686 860 ut
716 823 772 861 sic
800 836 950 874 quoque
977 822 1051 861 deo
1079 822 1254 874 dignum,
1294 822 1382 861 dum
1409 835 1479 874 pro

146 889 253 921 tanta
279 882 360 919 eius
392 880 580 932 patientia
609 880 762 930 plenum
794 887 909 930 atque
942 881 1169 932 perfectum·
1232 880 1365 932 Itaque
1399 880 1482 932 ple-

147 937 359 978 nitudinem
390 937 748 989 perfectionemque
780 936 914 975 iudicii
945 939 1097 976 nonnisi
1128 937 1176 975 de
1209 939 1327 976 totius
1358 938 1481 975 homi—

147 998 206 1036 nis
242 995 602 1048 repraesentatione
641 1001 840 1042 constare3
886 1001 1006 1033 totum
1043 1008 1162 1046 porro
1200 994 1393 1033 hominem
1433 1007 1484 1032 ex

147 1054 345 1106 utriusque
389 1053 624 1092 substantiae
670 1052 922 1090 concretione
962 1065 1119 1103 parere,
1170 1050 1397 1103 idcircoque
1443 1052 1482 1088 in

147 1120 310 1164 utraque
330 1109 599 1156 exhibendum,
627 1122 738 1160 quem
763 1116 884 1147 totum
910 1116 1090 1161 oporteat
1115 1107 1292 1155 iudicari,
1320 1109 1383 1159 qui
1409 1108 1483 1145 nisi

149 1176 272 1216 totus,
299 1169 428 1219 utique
455 1180 532 1204 non
555 1167 709 1204 vixerit.
772 1166 902 1212 Qualis
928 1179 1024 1216 ergo
1050 1166 1207 1212 vixerit,
1240 1166 1355 1204 talem
1382 1163 1483 1203 iudi·

152 1226 253 1273 cari,
281 1226 368 1277 quia
394 1223 442 1262 de
469 1236 538 1270 eo,
571 1221 673 1274 quod
702 1222 863 1269 vixerit,
889 1222 1031 1261 habeat
1062 1222 1238 1261 iudicari.
1298 1222 1392 1261 Vita
1422 1229 1483 1260 est

152 1284 253 1322 enim
291 1294 427 1321 caussa
463 1280 597 1319 iudicii
632 1293 704 1332 per
734 1286 792 1318 tot
822 1279 1053 1319 substantias
1090 1278 1373 1333 dispungenda,
1411 1291 1484 1331 per

154 1339 255 1392 quod
281 1346 322 1378 et
345 1340 476 1378 functa
502 1345 573 1376 est.

273 1401 338 1438 15.
393 1396 480 1447 Age
518 1396 591 1433 iam
629 1393 806 1433 scindant
843 1393 1055 1433 adversarii
1086 1396 1210 1433 nostri
1242 1394 1368 1433 carnis
1399 1394 1482 1431 ani-

154 1466 314 1507 maeque
352 1460 573 1492 contextum
610 1452 714 1504 prius
751 1453 790 1490 in
825 1453 927 1491 vitae
965 1451 1314 1498 administratione,
1351 1458 1393 1489 ut
1430 1452 1485 1488 ita

154 1511 322 1552 audeant
346 1509 524 1549 scindere
551 1508 644 1548 illud
670 1510 785 1548 etiam
811 1510 847 1548 in
873 1510 976 1549 vitae
1008 1510 1337 1548 remuneratione.
1402 1507 1486 1546 Ne-

155 1569 249 1622 gent
274 1581 478 1621 operarum
504 1567 750 1614 societatem,
783 1574 826 1606 ut
855 1568 994 1607 merito
1020 1568 1168 1620 possint
1193 1568 1308 1606 etiam
1335 1577 1486 1604 merce-

156 1627 242 1667 dem
269 1639 426 1678 negare.
488 1624 578 1664 Non
604 1626 652 1663 sit
676 1626 872 1676 particeps
900 1626 939 1663 in
973 1626 1164 1663 sententia
1196 1637 1307 1670 caro,
1347 1623 1378 1661 si
1409 1635 1486 1660 non

154 1685 272 1724 fuerit
296 1691 336 1723 et
358 1685 403 1736 ¹in
437 1695 585 1720 caussa.
649 1681 742 1718 Sola
773 1683 899 1718 anima
929 1688 1153 1727 revocetur,
1192 1681 1224 1718 si
1255 1680 1338 1718 sola
1370 1678 1487 1717 dece-

157 1741 227 1781 dit.
286 1740 341 1779 At
366 1738 467 1778 enim
492 1751 569 1776 non
595 1738 715 1787 magis
741 1738 823 1775 sola
848 1736 1023 1784 decedit,
1051 1750 1161 1788 quam
1187 1737 1270 1775 sola
1296 1735 1486 1774 decucur-

157 1800 227 1844 rit,
269 1795 364 1835 illud
399 1794 503 1833 unde
542 1793 710 1840 decedit,
749 1794 863 1832 vitam
899 1793 998 1832 hanc
1038 1792 1139 1832 dico.
1206 1792 1319 1832 Adeo
1359 1798 1487 1831 autem

158 1867 236 1894 non
262 1854 344 1892 sola
370 1853 496 1891 anima
520 1851 700 1901 transigit
724 1851 859 1897 vitam,
896 1858 939 1889 ut
962 1863 1035 1889 nec
1062 1852 1273 1901 cogitatus,
1306 1850 1400 1888 licet
1423 1862 1487 1887 so·

138 1913 238 1959 .los,
269 1911 364 1949 licet
394 1922 470 1947 non
502 1907 548 1946 ad
581 1907 758 1946 effectum
774 1909 810 1956 1)
831 1921 902 1960 per
926 1921 1081 1947 carnem
1107 1907 1308 1954 deductos,
1334 1906 1488 1945 aufera-

160 1982 242 2010 mus
267 1981 290 2007 a
316 1967 483 2018 collegio
511 1966 656 2012 carnis,
694 1964 881 2017 siquidem
912 1966 952 2004 in
984 1978 1101 2004 carne
1128 1973 1167 2004 et
1193 1978 1277 2004 cum
1304 1977 1421 2003 earne
1447 1970 1490 2002 et

160 2039 233 2081 per
258 2038 412 2065 carnem
438 2025 566 2075 agitur
590 2021 638 2061 ab
664 2024 807 2070 anima,
840 2022 940 2075 qnod
967 2024 1094 2074 agitur
1117 2024 1161 2062 in»
1182 2021 1315 2062 corde.
1378 2020 1486 2059 Hane

162 2084 329 2136 denique
356 2083 483 2121 carnis
508 2081 695 2132 speciem,
731 2093 860 2119 arcem
891 2081 1059 2127 animae,
1098 2081 1213 2120 etiam
1245 2079 1418 2118 dominus
1450 2079 1489 2115 in

163 2141 474 2193 suggillationem
512 2139 746 2189 cogitatuum
782 2144 900 2177 taxat.
963 2137 1062 2186 Quid
1089 2139 1270 2189 cogitatis
1294 2138 1333 2175 in
1359 2133 1489 2174 cordi—

164 2199 235 2237 bus
273 2198 410 2237 vestris
452 2196 685 2247 nequam?²)
747 2195 814 2233 Et:
859 2197 921 2247 qui
965 2196 1212 2248 conspexerit
1253 2192 1303 2232 ad
1346 2204 1488 2231 concu-

166 2254 402 2309 piscendum,
430 2254 502 2291 iam
529 2251 758 2292 adulteravit
782 2254 820 2291 in
847 2251 1025 2302 corde.³)
1058 2253 1170 2291 Adeo
1197 2259 1237 2290 et
1261 2252 1342 2289 sine
1369 2259 1488 2301 opere

166 2321 207 2353 et
232 2314 314 2352 sine
341 2311 483 2350 effectu
510 2311 701 2361 cogitatus
726 2310 852 2348 carnis
877 2317 937 2349 est
960 2317 1083 2349 actus.
1145 2307 1224 2347 Sed
1256 2308 1328 2346 etsi
1359 2307 1399 2344 in
1424 2317 1490 2344 ce·

166 2371 303 2416 τοῦτο,
334 2369 396 2408 vel
421 2369 459 2406 in
485 2367 611 2406 medio
637 2368 928 2419 superciliorum
954 2367 1193 2413 discrimine,
1229 2365 1292 2403 vel
1316 2363 1380 2402 uhi
1406 2362 1488 2414 phi·

168 2428 339 2479 losophis
363 2427 504 2479 placet,
532 2425 794 2477 principalitas
819 2438 995 2464 sensuum
1022 2429 1252 2463 consecrata
1277 2428 1355 2468 est,
1388 2418 1490 2472 quod

265 2554 297 2594 1)
323 2555 428 2586 Rhen.
445 2553 664 2584 affectum.
759 2549 797 2594 2)
823 2550 944 2582 Matth.
960 2553 990 2589 9,
1005 2553 1038 2582 4.
1134 2551 1170 2589 3)
1195 2549 1317 2581 Matth.
1333 2551 1363 2589 5,
1380 2550 1433 2580 28.
