1624 2826
381 201 507 232 Anv.
543 201 904 233 MARcmNEM
940 202 1116 234 Lmen
1145 204 1186 235 v.
1345 201 1439 238 221

109 293 228 332 fuisse
260 290 526 331 contenderim
560 293 609 331 ob
642 294 790 346 culpam
823 294 870 332 ab
904 295 1006 332 omni
1043 295 1283 334 conscientia
1309 293 1439 347 dispo-

110 351 290 390 sitionum
316 351 517 389 creatoris.
581 349 658 389 Sed
688 352 760 389 iam
788 365 860 390 nee
887 353 977 390 mihi
1005 353 1206 405 competit,
1244 353 1438 404 principes

110 408 221 446 liuius
246 408 332 447 aevi
355 409 516 446 virtutes
542 415 582 446 et
606 416 819 459 potestates
845 411 1094 461 interpretari
1121 411 1324 457 creatoris,
1352 411 1438 462 quia

109 466 367 516 ignorantiam
392 466 468 504 illis
492 465 680 504 adscribit
704 468 913 519 apostolus,
941 467 1066 506 lesum
1091 475 1216 506 autem
1244 475 1283 506 et
1302 480 1440 506 secun-

111 521 199 562 dum
231 530 400 562 nostrum
432 525 720 574 evangelium)
754 524 930 563 diabolus
967 539 1117 577 quoque
1149 526 1187 563 in
1226 526 1438 565 tentatione

112 581 314 631 cognovit,
357 587 398 619 et
427 580 634 619 secundum
675 595 873 620 commune
907 584 1194 621 instrumentum
1208 584 1245 631 2)
1285 583 1440 634 spiritus

110 650 273 689 nequam
312 638 462 676 sciebat
493 652 577 677 eum
611 646 782 677 sanctum
814 639 878 678 dei
910 653 995 678 esse
1027 647 1067 678 et
1093 641 1216 678 Iesum
1241 640 1375 678 vocari
1402 646 1442 678 et

110 695 149 732 in
173 694 430 746 perditionem
458 709 588 733 eorum
614 698 778 735 venisse.
841 696 965 734 Etiam
992 697 1176 748 parabola
1201 698 1314 734 fortis
1339 697 1441 735 illius

110 753 260 798 armati,
287 765 396 803 quem
422 753 518 790 alius
532 752 697 790 validior
711 755 901 804 oppressit
921 760 961 791 et
977 766 1067 791 vasa
1083 754 1163 791 eius
1179 754 1440 804 occupavitfl)

109 809 143 847 si
166 809 206 847 in
231 811 493 854 creatorem4)
522 810 712 860 accipitur
737 809 836 861 apud
852 809 1102 856 Marcionem,
1130 810 1202 848 iam
1231 823 1302 848 nec
1330 811 1443 862 igno·-

108 877 217 904 rasse
243 865 342 904 ultra
369 867 494 918 potuit
520 874 676 904 creator
701 866 812 904 deum
831 867 1007 918 gloriae,
1048 866 1133 906 dum
1161 868 1208 906 ab
1235 881 1281 906 eo
1310 868 1442 919 oppri-

107 923 241 970 mitur,
274 936 346 961 nec
372 924 410 961 in
437 936 554 962 eruce
579 937 664 962 euni
693 925 833 975 figere,
861 923 1044 963 adversus
1071 938 1181 976 quem
1207 925 1337 963 valere
1364 938 1440 963 non

107 981 247 1034 potuit.
297 979 348 1018 Et
373 988 566 1032 superest,
599 989 638 1019 ut
664 981 870 1020 secundum
897 995 957 1020 me
985 982 1134 1033 quidem
1162 981 1351 1021 credibile
1377 983 1438 1028 sit,

107 1038 279 1076 scientes
301 1038 463 1076 virtutes
489 1045 529 1076 et
553 1045 766 1090 potestates
793 1040 983 1077 creatoris
1009 1038 1120 1077 deum
1137 1040 1299 1090 gloriae,
1329 1039 1440 1078 Chri-

108 1100 206 1132 stum
232 1107 351 1142 suum,
379 1095 631 1142 crucifixisse,
660 1109 732 1147 qua
757 1095 1029 1148 desperatione
1052 1104 1091 1134 et
1105 1097 1272 1135 malitiae
1298 1096 1439 1135 redun-

109 1149 239 1190 dantia
271 1153 373 1190 servi
405 1166 555 1203 quoque
588 1154 850 1191 scelestissimi
884 1152 1059 1191 dominos
1090 1167 1180 1191 suos
1217 1154 1439 1192 interficere

110 1220 189 1246 non
214 1206 400 1246 dubitant.
463 1208 655 1260 Scriptum
683 1216 742 1247 est
766 1211 867 1247 enim
893 1209 991 1260 apud
1021 1223 1091 1256 me,
1119 1217 1288 1248 satanam
1315 1211 1352 1248 in
1379 1209 1441 1249 Iu·-

112 1263 199 1303 dam
224 1265 473 1314 introisse35)
500 1265 706 1304 secundum
733 1273 858 1304 autem
884 1266 1123 1306 Marcionem
1145 1280 1216 1305 ncc
1244 1267 1440 1319 apostolus

110 1321 187 1361 hoc
218 1322 308 1361 loco
341 1324 485 1374 patitur
516 1324 770 1374 ignorantiam
810 1323 978 1362 adscribi
1009 1325 1211 1363 virtutibus
1251 1326 1441 1364 creatoris

111 1380 151 1418 in
183 1379 333 1430 gloriae
365 1379 575 1426 dominum,
614 1382 700 1431 quia
739 1381 891 1419 scilicet
927 1395 1002 1419 non
1042 1382 1127 1419 illas
1158 1382 1237 1419 vult
1276 1382 1441 1433 intelligi

111 1437 308 1489 principes
343 1437 452 1475 huius
484 1437 581 1475 aevi.
645 1436 790 1484 Quodsi
824 1450 897 1475 non
931 1436 1083 1475 videtur
1119 1437 1166 1476 de
1205 1438 1441 1489 spiritalibus

111 1493 256 1533 dixisse
294 1494 549 1546 principibus,
577 1507 673 1545 ergo
706 1493 754 1533 de
791 1494 1030 1533 secularibus
1062 1494 1177 1542 dixit,
1218 1494 1266 1533 de
1297 1497 1439 1548 populo

110 1552 334 1604 principali,
373 1552 502 1603 utique
529 1565 605 1589 non
630 1553 732 1590 inter
762 1553 956 1599 nationes,
995 1552 1042 1591 de
1069 1554 1160 1605 ipsis
1192 1553 1441 1592 archontibus

95 1609 214 1656 eius,
242 1608 291 1648 de
317 1622 411 1660 rege
439 1608 615 1656 Herode,
644 1610 757 1648 etiam
784 1609 832 1648 de
858 1609 997 1657 Pilato,
1025 1618 1064 1649 et
1089 1624 1163 1663 quo
1190 1612 1312 1648 maior
1337 1612 1442 1663 prin-

113 1667 261 1718 cipatus
298 1667 408 1705 huius
445 1668 530 1705 aevi
569 1666 738 1705 Romana
777 1667 944 1718 dignitas
983 1668 1243 1720 praesidebat.
1307 1669 1365 1706 lta
1403 1676 1441 1707 et

113 1736 199 1761 cum
231 1722 479 1762 destruuntur
508 1725 862 1774 argumentationes
894 1725 1070 1763 diversae
1107 1727 1246 1777 partis,
1286 1732 1441 1763 nostrae

114 1781 380 1831 expositiones
411 1779 678 1818 aedificantur.
741 1779 820 1818 Sed
852 1782 907 1818 vis
932 1781 1056 1819 adbuc
1083 1783 1245 1832 gloriam
1273 1789 1441 1821 nostram

115 1835 179 1875 dei
211 1837 263 1874 tui
295 1848 380 1874 esse
413 1843 452 1873 et
483 1835 582 1887 apud
608 1849 691 1874 eum
718 1837 755 1874 in
783 1838 936 1875 occulto
964 1838 1094 1876 fuisse.
1157 1838 1207 1876 Et
1232 1852 1348 1891 quare
1375 1837 1442 1877 ad-

114 1893 189 1932 huc
216 1892 354 1932 eodem
387 1899 427 1930 et
451 1891 545 1930 deus
571 1894 822 1931 instrumento
849 1901 888 1932 et
913 1896 1111 1945 apostolus
1137 1897 1294 1934 nititur?
1343 1895 1441 1944 Quid

114 1951 170 1989 illi
214 1964 298 1989 cum
335 1951 535 1988 sententiis
573 1950 843 2001 prophetarum
876 1951 1042 2002 ubique?
1102 1952 1194 2000 Quis
1237 1954 1335 1992 enim
1375 1966 1442 1992 co·

115 2009 251 2059 gnovit
274 2021 425 2046 sensum
452 2006 609 2053 domini,
637 2014 678 2045 et
690 2007 772 2059 quis
793 2008 847 2046 illi
865 2009 1108 2047 consiliarius
1133 2010 1275 2060 fuittffi)
1307 2010 1442 2049 Esaias

115 2072 190 2104 est.
255 2064 350 2113 Quid
378 2065 434 2103 illi
460 2066 574 2102 etiam
602 2078 684 2103 cum
717 2066 902 2117 exemplis
928 2065 991 2104 dei
1023 2069 1170 2106 nostri?
1215 2067 1314 2106 Nam
1341 2067 1442 2120 quod

117 2123 372 2161 architectum
398 2135 440 2160 se
467 2121 735 2173 prudentem)
763 2122 934 2170 affirmat,
963 2124 1035 2163 hoc
1061 2125 1272 2164 invenimus
1297 2125 1442 2176 signifi-

117 2181 199 2218 cari
224 2179 486 2231 depalatorem
515 2178 738 2230 disciplinae
764 2179 914 2219 divinae
940 2194 961 2218 a
988 2189 1166 2220 creatore
1192 2196 1263 2234 per
1276 2182 1441 2221 Esaiam.

69 2239 75 2244 '
116 2235 300 2275 Auferam
326 2238 445 2283 enim,
484 2237 622 2287 inquit,
661 2249 683 2274 a
714 2236 854 2276 Iudaea
882 2239 984 2276 inter
1009 2237 1140 2277 cetera
1167 2246 1206 2277 et
1231 2240 1442 2291 sapientem

108 2293 429 2340 ⁷architectumss)
494 2292 542 2330 Et
567 2292 744 2344 numquid
775 2295 856 2346 ipse
889 2302 977 2334 tunc
1004 2295 1141 2334 Paulus
1167 2295 1442 2342 destinabatur,

117 2349 166 2390 de
193 2349 353 2397 Iudaea,
391 2349 429 2388 id
455 2357 514 2388 est
540 2349 586 2389 de
617 2349 821 2398 Iudaismo,
859 2353 1002 2391 auferri
1029 2353 1172 2391 habens
1198 2354 1234 2390 in
1261 2352 1443 2391 aedifica-

211 2455 248 2494 1)
272 2455 396 2485 Matth.
422 2455 454 2494 4,
483 2456 501 2483 1
517 2463 589 2492 sqq.
698 2455 734 2494 2)
758 2456 841 2486 Luc.
867 2457 899 2494 4,
927 2458 980 2487 34.
1082 2457 1118 2496 3)
1143 2458 1226 2487 Luc.
1253 2458 1308 2495 11,
1335 2458 1377 2486 21
1393 2466 1442 2495 sq.

118 2501 156 2540 ⁴)
196 2501 252 2532 Sic
280 2501 459 2532 VVouweri
490 2501 564 2531 cod.
590 2502 625 2530 et
649 2500 743 2540 Rig.;
783 2501 904 2532 ceteri:
942 2502 982 2532 in
1016 2503 1242 2534 creatoris.
1291 2503 1342 2532 Cf.
1367 2503 1441 2533 adv.

118 2547 226 2577 Marc.
240 2547 272 2587 4,
286 2548 340 2577 26.
435 2547 471 2586 5)
499 2548 581 2577 Luc.
596 2547 651 2583 22,
669 2548 698 2577 3.
724 2548 774 2577 Cf.
789 2547 863 2578 adv.
878 2548 1030 2588 Marc.4‚
1044 2549 1100 2579 40.
1173 2550 1210 2588 6)
1234 2550 1298 2579 les.
1317 2549 1372 2591 40,
1387 2546 1440 2581 13.

119 2591 154 2632 Ἰ)
180 2593 284 2623 1Cor.
299 2593 331 2633 3,
347 2594 402 2626 10.
498 2592 534 2635 8)
562 2595 623 2623 les.
638 2594 668 2631 3,
682 2593 713 2622 3.
