1604 2800
159 223 265 261 los
384 222 458 253 DE
495 220 1010 253 RESURRECTIONE
1042 221 1271 254 cannis.

161 330 253 357 caro
286 322 345 355 est
375 327 534 367 sponsa,
569 326 666 366 quae
692 320 732 353 et
756 314 795 352 in
822 313 976 353 Christo
1004 312 1091 352 Iesu
1117 314 1290 366 spiritum
1316 326 1494 368 sponsum

157 388 229 427 per
264 373 487 424 sanguinem
524 384 638 424 passa
674 378 745 410 est.
820 371 938 410 Huius
975 372 1190 419 interitum,
1229 384 1338 424 quem
1370 381 1494 425 putas,

159 444 352 471 secessum
379 431 479 469 scias
505 442 604 468 esse.
631 442 635 446 ·
665 428 755 467 Non
781 430 865 468 sola
890 430 1015 468 anima
1040 429 1253 481 seponitur.
1305 428 1434 470 Habet
1457 438 1499 472 et

157 502 251 528 caro
277 501 453 527 secessus
479 501 568 526 suos
594 488 746 526 interim
772 488 810 530 in
836 487 961 540 aquis,
995 488 1033 525 in
1060 487 1230 538 ignibus,
1262 488 1301 526 in
1326 488 1496 538 alitibus,

155 548 194 585 in
221 547 487 594 bestiisgrcum
514 546 552 583 in
577 544 675 584 haec
703 544 859 583 dissolvi
884 544 1050 592 videtur,
1077 545 1184 584 velut
1202 545 1241 584 in
1259 558 1351 585 vasa
1370 553 1499 586 trans-

155 603 341 643 funditur.
406 602 449 641 Si
475 604 590 642 etiam
615 604 699 655 ipsa
724 616 814 641 vasa
840 602 1077 650 defecerint,
1114 616 1198 641 cum
1225 602 1273 642 de
1298 604 1375 642 illis
1401 617 1498 657 quo-

157 675 229 714 que
256 662 448 701 effluxerit
472 662 510 699 in
536 674 641 699 suam
668 662 867 700 matricem
893 668 1050 708 terram,
1084 662 1192 713 quasi
1218 673 1290 713 per
1313 661 1498 714 ambages

155 720 394 766 resorbetur,
422 725 463 757 ut
487 732 618 757 rursus
644 731 694 757 ex
718 719 783 757 illa
808 726 1080 771 praesentetur
1097 718 1223 757 Adam
1251 717 1449 759 auditurus
1474 733 1499 759 a

156 776 330 816 domino:
358 789 454 815 ecce
479 774 603 814 Adam
631 777 739 828 quasi
764 790 860 816 unus
886 790 935 816 ex
960 777 1071 815 nobis
1097 777 1223 816 factus
1249 778 1370 825 est,¹)
1402 790 1497 817 vere

156 841 246 873 tunc
268 846 425 885 compos
446 833 547 879 mali,
575 832 676 884 quod
697 835 832 880 evasit,
861 842 900 872 et
924 834 1028 880 boni,
1057 833 1158 886 quod
1184 835 1336 873 invasit.
1383 834 1496 884 Quid,

155 893 294 938 anima,
320 889 468 929 invides
495 891 627 928 carni?
686 890 810 929 Nemo
837 898 913 929 tam
939 892 1136 942 proximus
1161 891 1244 938 tibi,
1274 904 1383 943 quem
1410 899 1499 944 post

157 948 346 988 dominum
374 947 531 1000 diligas3
559 960 671 986 nemo
698 948 819 999 magis
843 948 967 987 frater
991 955 1090 995 tuus,
1117 961 1226 1000 quam
1250 961 1347 1000 quae
1369 955 1496 989 tecum

155 1008 271 1046 etiam
297 1007 335 1044 in
361 1004 436 1044 deo
462 1006 646 1044 nascitur.
706 1005 763 1043 Tu
789 1006 917 1057 potius
944 1006 998 1044 illi
1023 1019 1190 1044 exorare
1217 1005 1409 1045 debueras
1434 1021 1499 1046 re-

154 1065 455 1111 surrectionem,
494 1076 565 1115 per
596 1069 634 1101 te
660 1064 693 1101 si
718 1063 820 1101 forte
848 1062 1022 1115 deliquit.
1097 1061 1176 1101 Sed
1214 1062 1307 1100 nibil
1348 1065 1496 1112 mirum,

154 1123 187 1161 si
202 1121 330 1168 odisti,
359 1122 465 1159 cuius
487 1127 686 1159 auctorem
707 1133 858 1172 quoque
880 1121 1073 1172 respuisti,
1102 1133 1212 1172 quam
1233 1120 1322 1159 etin
1341 1120 1496 1161 Christo

154 1186 221 1218 aut
240 1192 385 1230 negare
406 1185 471 1216 aut
490 1184 637 1217 mutare
666 1179 874 1224 consuesti,
902 1177 1123 1230 proindeet
1136 1179 1259 1230 ipsum
1279 1191 1498 1219 sermonem

156 1236 237 1284 dei,
271 1237 334 1289 qui
360 1249 453 1275 caro
480 1237 605 1274 factus
631 1242 708 1283 est,
742 1236 803 1274 vel
835 1236 924 1274 stilo
955 1236 1018 1274 vel
1050 1236 1372 1287 interpretatione
1405 1244 1495 1276 cor-¹

154 1307 346 1347 rumpens,
373 1306 516 1332 arcana
538 1294 653 1332 etiam
673 1294 985 1346 apocryphorum
1011 1292 1288 1346 superducens,
1316 1293 1497 1347 blaspbe-

154 1353 253 1402 miae
291 1351 451 1390 fabulas.
524 1350 579 1389 At
611 1352 710 1389 enim
749 1351 843 1390 deus
881 1352 1142 1404 omnipotens,
1181 1350 1366 1390 adversus
1396 1351 1496 1392 haee

154 1407 439 1447 incredulitatis
464 1414 505 1446 et
529 1410 794 1459 perversitatis
820 1410 977 1460 ingenia
1003 1408 1342 1462 providentissima
1367 1410 1498 1461 gratia

156 1478 224 1503 sua
249 1464 450 1504 effundens
475 1465 513 1501 in
539 1465 751 1503 novissimis
783 1465 918 1504 diebus
945 1466 993 1505 de
1019 1481 1089 1506 suo
1116 1467 1255 1519 spiritu
1279 1467 1318 1505 in
1345 1479 1497 1507 omnem

157 1535 331 1569 carnem,
363 1522 402 1559 in
434 1533 567 1559 servos
599 1534 688 1560 suos
713 1528 754 1560 et
777 1523 1010 1571 ancillas,2)
1049 1532 1089 1562 et
1114 1523 1226 1563 fidem
1255 1524 1496 1564 laborantem
1544 1570 1549 1575 ,

155 1579 456 1619 resurrectionis
482 1578 648 1616 carnalis
673 1579 865 1626 animavit,
894 1586 934 1618 et
958 1580 1118 1631 pristina
1141 1582 1395 1620 instrumenta
1414 1595 1497 1622 ma-

154 1638 305 1676 nifestis
335 1636 542 1675 verborum
575 1642 614 1674 et
645 1649 823 1675 sensuum
856 1636 1057 1675 luminibus
1089 1637 1136 1675 ab
1173 1638 1275 1676 omni
1306 1638 1496 1691 ambigui-

154 1696 245 1733 tatis
272 1694 510 1734 obscuritate
542 1694 734 1745 purgavit.
801 1693 899 1732 Nam
933 1695 1021 1746 quia
1051 1694 1238 1734 haereses
1263 1708 1351 1735 esse
1377 1709 1496 1749 opor-

152 1759 300 1799 tuerat,
332 1758 374 1790 ut
397 1750 619 1803 probabiles
645 1751 783 1803 quique
815 1751 1226 1802 manifestarentur‚⁸)
1259 1752 1332 1791 bae
1367 1760 1495 1793 autem

152 1811 235 1849 sine
250 1808 437 1862 aliquibus
458 1808 730 1847 occasionibus
748 1809 1024 1860 scripturarum
1044 1808 1190 1849 audere
1205 1818 1281 1853 non
1293 1816 1492 1862 poterant,

152 1867 302 1906 idcirco
329 1867 492 1919 pristina
517 1867 771 1905 instrumenta
798 1866 979 1918 quasdam
1005 1868 1188 1906 materias
1213 1867 1290 1906 illis
1313 1866 1497 1908 videntur

152 1925 480 1971 subministrasse,
519 1931 559 1963 et
590 1925 692 1976 ipsas
724 1923 875 1976 quidem
908 1923 1045 1963 iisdem
1078 1925 1209 1964 literis>
1227 1925 1494 1966 revincibiles.

154 1981 233 2020 Sed
259 1983 434 2034 quoniam
467 1994 539 2020 nec
573 1981 813 2021 dissimulare
850 1983 1024 2035 spiritum
1061 1989 1234 2021 sanctum
1269 1983 1491 2036 oportebat,

153 2041 352 2091 quominus
378 2046 419 2077 et
442 2038 658 2078 huiusmodi
684 2040 848 2092 eloquiis
873 2038 1214 2093 superinundaret,
1249 2053 1347 2092 quae
1378 2041 1492 2080 nullis

150 2096 436 2135 haereticorum
461 2098 641 2136 versutiis
666 2098 812 2136 semina
837 2097 1151 2150 subspargerent,
1177 2098 1254 2136 imo
1277 2103 1317 2136 et
1334 2104 1491 2137 veteres

152 2166 285 2193 eorum
313 2155 480 2206 cespites
503 2155 706 2202 vellerent,
733 2154 882 2194 idcirco
907 2156 982 2194 iam
1009 2168 1141 2195 omnes
1166 2161 1276 2194 retro
1301 2154 1494 2207 ambigui-

150 2218 251 2250 tates
277 2218 317 2251 et
343 2225 435 2264 quas
460 2212 592 2250 volunt
615 2212 820 2265 parabolas
845 2220 981 2264 aperta
1005 2219 1122 2266 atque
1146 2213 1351 2265 perspicua
1373 2213 1493 2252 totius

151 2270 383 2309 sacramenti
407 2268 700 2321 praedicatione
728 2269 908 2310 discussit
927 2283 999 2323 per
1017 2283 1152 2309 novam
1174 2269 1418 2323 prophetiam
1440 2268 1491 2308 de

150 2327 351 2377 paracleto
372 2326 631 2374 inundantem,
655 2328 762 2367 cuius
775 2322 995 2367 si²hauseris
1014 2328 1154 2375 fontes,
1181 2327 1321 2366 nullam
1338 2322 1490 2380 Poteris

154 2383 261 2422 sitire
283 2383 510 2431 doctrinam,
532 2385 656 2424 nullus
669 2392 708 2424 te
723 2384 843 2425 ardor
856 2392 994 2425 exuret
1008 2386 1286 2437 quaestionum,
1312 2396 1489 2424 resurre-

157 2440 323 2479 ctionem
339 2454 490 2494 quoque
506 2443 633 2480 carnis
647 2456 920 2497 usquequaque
934 2441 1486 2496 potando-refrigeraberis.⁴)

247 2551 280 2588 1)
294 2553 376 2584 Gen.
389 2557 420 2592 3,
438 2558 492 2588 22.
590 2556 626 2600 2)
642 2559 711 2589 loel
725 2560 758 2598 3,
774 2561 791 2589 1
805 2569 854 2598 sq.
953 2557 992 2602 3)
1008 2562 1026 2590 1
1037 2560 1112 2590 Cor.
1128 2560 1184 2598 11,
1201 2559 1253 2590 19.
1348 2557 1387 2596 4)
1400 2556 1485 2588 Edd-

154 2605 287 2628 omnes:
313 2601 618 2642 refrigerabis.

678 2680 968 2692 ⁴—q
