1566 2808
342 208 470 240 Λυν.
505 206 867 240 ΜΑιιοιοΝΕΜ
901 197 1079 238 manin
1113 206 1140 238 1.
1332 202 1404 239 4³

77 305 287 352 negantur,
323 306 474 339 montes
508 300 646 352 pruina
681 294 1008 351 exaggeranturs
1054 298 1190 337 Omnia
1232 303 1401 348 torpent,

78 357 207 396 omnia
228 357 375 409 rigent3
401 357 495 399 nihil
519 358 600 396 illic
625 358 698 396 nisi
723 357 857 395 feritas
884 357 998 403 calet,
1024 356 1091 394 illa
1114 355 1278 400 scilicet,
1306 365 1403 405 quac

76 413 228 454 fabulas
262 414 390 455 scenis
427 413 536 454 dedit
570 413 619 454 de
655 414 858 453 sacrificiis
889 413 1102 459 Taurorum
1133 420 1174 451 et
1209 410 1404 450 amoribus

78 470 312 513 Colchorum
340 477 383 512 et
407 472 585 512 crucibus
611 472 883 511 Caucasorum.
1315 499 1317 501 v

193 526 275 568 Sed
298 529 393 568 nihil
417 537 494 568 tam
518 529 722 569 barbarum
747 543 793 568 ac
820 531 929 568 triste
960 526 1060 580 apud
1085 527 1266 573 Pontum,
1294 538 1404 578 quam

12 620 15 623 .
78 583 194 638 quod·
217 586 299 625 illic
321 586 500 625 Marcion
535 593 646 626 natus
683 594 760 633 est,
799 585 948 639 Scytha
972 586 1129 632 tetrior,
1163 583 1404 622 Hamaxobio

77 641 313 690 instabilior,
342 643 565 695 Massageta
594 644 853 690 inhumanior,
882 643 1080 682 Amazone
1106 641 1303 687 audacior,
1336 654 1406 678 nu-

75 699 159 739 bilo
184 699 404 748 obscurior,
442 701 568 740 hieme
593 701 789 752 frigidior,
828 701 918 751 gelu
941 695 1137 750 fragilior,
1169 698 1269 736 Istro
1294 697 1405 735 falla-

78 758 183 804 cior,
209 757 385 796 Caucaso
410 757 622 809 abruptior.
673 757 838 806 Quidni?
884 757 1009 796 Penes
1035 769 1146 808 quem
1170 768 1284 794 verus
1309 754 1405 792 Pro—

77 813 253 854 metheus
282 813 378 854 deus
409 808 655 867 omnipotens‘
681 815 929 867 blasphemiis
959 815 1188 853 lancinatur.
1256 812 1333 851 Iam
1366 818 1407 850 et

76 870 214 912 bestiis
248 872 350 911 illius
384 872 590 911 barbariae
626 873 881 925 importunior
914 871 1105 911 Marcion.
1157 870 1266 919 ,Quis
1304 870 1405 908 enim

77 935 162 968 tam
193 935 387 968 castrator
423 931 550 969 carnis
588 937 736 978 castor,
787 943 897 982 quam
934 931 999 982 qui
1034 929 1196 981 nuptias·
1222 927 1405 966 abstulit?

19 991 21 993 ’
80 985 175 1035 Quis
197 993 275 1026 tam
301 1001 518 1027 commesor
541 1001 623 1026 mus
647 987 843 1034 Ponticus,
870 1001 980 1041 quam
1007 988 1070 1039 qui
1090 986 1298 1037 evangelia
1311 991 1405 1027 izor-

76 1044 201 1084 rosit?
249 1043 344 1084 Nae
382 1052 441 1092 tu,
467 1044 636 1092 Euxine,
674 1046 976 1098 probabiliorem
1013 1046 1134 1084 feram
1165 1041 1406 1095 philosophis

78 1100 254 1153 edidisti,
304 1115 415 1155 quam
451 1102 691 1143 Christianis.
752 1102 851 1142 Nam
893 1104 960 1142 illa
996 1101 1172 1142 canicula
1208 1100 1407 1150 Diogenes

77 1157 271 1198 hominem
306 1161 479 1199 invenire
517 1161 715 1212 cupiebat,
759 1160 954 1200 lucernam
996 1158 1159 1198 meridie
1202 1156 1407 1196 circumfe—

79 1228 190 1264 rens3
213 1215 393 1259 Marcion
411 1216 536 1265 de'um,
563 1230 674 1269 quem
693 1218 907 1264 invenerat,
932 1218 1123 1255 exstincto
1150 1215 1289 1253 lumine
1316 1212 1406 1252 fidei

79 1285 174 1312 suae
209 1274 349 1313 amisit.
415 1274 505 1313 Non
542 1274 739 1327 negabunt
775 1274 953 1328 discipuli
975 1275 1072 1313 -eius
1107 1273 1267 1325 primam
1304 1271 1406 1310 illius

79 1329 195 1371 fidem
219 1331 417 1370 nobiscnm
448 1333 603 1379 fuisse,
623 1333 742 1384 ipsius
773 1332 895 1372 literis
925 1332 1107 1377 testibus,
1146 1336 1187 1368 ut
1216 1329 1305 1367 binc
1331 1329 1406 1365 iam

79 1386 266 1435 destinari
289 1390 413 1440 possit
436 1389 676 1435 haereticus,
710 1390 773 1440 qui
798 1388 980 1436 deserto,
1008 1387 1110 1440 quod
1133 1387 1239 1438 prius
1263 1386 1405 1430 fuerat,

77 1442 120 1484 id
153 1451 293 1496 postea
327 1445 401 1483 sibi
438 1445 622 1496 elegerit,
660 1443 762 1497 quod
792 1453 900 1485 retro
931 1459 1008 1484 non
1034 1452 1130 1483 erat.
1192 1443 1235 1482 In
1261 1449 1406 1480 tantum

79 1501 183 1540 enim
205 1501 379 1542 haeresis
403 1500 667 1554 deputabitur,
694 1501 797 1555 quod
821 1510 959 1555 postea
984 1501 1195 1548 inducitur,
1222 1501 1261 1538 in
1287 1512 1406 1551 quan-

79 1566 159 1598 tum
180 1560 326 1598 veritas
345 1559 573 1607 habebitur,
606 1559 708 1613 quod
736 1566 844 1599 retro
869 1567 911 1599 et
939 1574 962 1599 a
986 1557 1198 1613 primordio
1227 1557 1405 1595 traditum

78 1618 153 1656 esi.
214 1614 296 1656 Sed
331 1617 427 1655 alius
464 1617 615 1657 libellus
651 1617 751 1656 bunc
788 1617 947 1668 gradum
985 1617 1187 1657 sustinebit
1223 1614 1407 1653 adversus

0 1665 15 1710 ἶ
78 1673 319 1722 haereticos,
357 1676 474 1713 etiam
496 1676 581 1714 sine
606 1681 822 1714 retractatu
847 1673 1108 1714 doctrinarum
1134 1670 1404 1717 revincendos,

0 2038 22 2161 “We“
0 1989 27 2020 ζ,-
0 1899 17 1973 *⁸¹⁸³*-

79 1730 284 1784 quod-hoc
314 1732 391 1770 sint
420 1731 468 1771 de
492 1733 800 1784 praescriptione
832 1734 1026 1772 novitatis.
1075 1732 1188 1770 Nunc
1220 1736 1406 1781 quatenus

79 1786 320 1831 admittenda
343 1791 569 1840 congressio
595 1797 673 1835 est,
704 1789 896 1830 interdum
919 1803 969 1828 ne
1002 1787 1268 1840 compendium
1292 1798 1407 1837 prae-

80 1846 304 1898 scriptionis
333 1845 477 1914 ubique:
499 1845 733 1892 advocatum
765 1846 998 1885 diffidentiae
1030 1846 1252 1898 deputetur,
1291 1855 1407 1894 regu-

50 1908 54 1910 ’
78 1903 156 1943 lam
180 1902 394 1943 adversarii
407 1902 522 1958 pus
544 1911 788 1957 praetexam,
813 1917 862 1943 ne
889 1905 952 1943 cui
975 1904 1115 1951 lateat,
1139 1902 1191 1941 in
1204 1915 1278 1955 qua
1301 1903 1407 1955 prin-

80 1960 216 2014 cipalis
241 1958 430 2013 quaestio
432 1955 670 2005 dimicatura
699 1969 771 2001 est.

195 2022 236 2061 2.
285 2018 392 2058 Duos
416 2013 600 2058 Ponticus
624 2018 720 2058 deos
744 2019 888 2067 affert,
908 2026 1087 2072 tanquam
1117 2017 1210 2057 duas
1234 2020 1407 2070 συμπλη-

213 2077 251 2125 ¹)
277 2074 468 2128 naufragii
487 2078 564 2124 sni,
592 2090 704 2129 quem
722 2090 868 2129 negare
886 2090 963 2116 non
976 2078 1107 2130 potuit
1127 2077 1405 2122 creatorem2),

79 2133 96 2172 i
145 2139 207 2172 est
228 2141 416 2181 nostrum,
443 2140 484 2173 et
508 2148 618 2187 quem
643 2135 810 2188 probare
835 2146 912 2173 non
936 2136 1099 2187 poterit,
1131 2134 1171 2173 id
1196 2141 1256 2173 est
1279 2147 1405 2180 suum3

80 2202 215 2243 passus
236 2192 373 2235 infelix
401 2192 512 2231 buius
542 2194 862 2245 praesumptionis
892 2193 1130 2239 instinctum,
1169 2192 1218 2232 de
1242 2192 1408 2243 simplici

82 2247 252 2300 capitulo
282 2247 499 2289 dominicae
528 2251 851 2302 pronuntiationis
880 2251 920 2289 in
944 2248 1117 2290 homines
1147 2264 1223 2289 non
1248 2250 1287 2287 in
1313 2248 1408 2286 deos

82 2303 323 2358 disponentis
349 2307 525 2359 exempla
548 2308 615 2346 illa
638 2307 764 2347 bonae
789 2315 830 2347 et
853 2308 977 2347 malae
1008 2308 1179 2354 arboris,
1213 2304 1312 2359 quod
1339 2317 1408 2343 ne-

29 2423 34 2425 .
83 2374 158 2415 que
181 2362 284 2402 bona
313 2363 451 2402 malos
464 2377 588 2418 neque
619 2366 719 2404 mala
742 2365 867 2405 bonos
902 2367 1079 2418 proferat
1112 2363 1329 2409 fructus³)‚
1367 2355 1407 2401 id

175 2513 214 2552 1)
238 2513 291 2545 ef.
315 2513 467 2554 Eun-ipa
458 2514 581 2545 Medea
605 2523 637 2545 v.
662 2515 693 2545 2.
718 2514 864 2546 Theocr.
884 2515 980 2554 idy.ll
1001 2517 1056 2553 13,
1080 2516 1135 2544 22.
1160 2513 1274 2553 ibique
1298 2513 1407 2546 schol.

72 2557 122 2605 Ἰ2)
144 2558 230 2590 Alii:
256 2559 296 2590 id
321 2563 387 2592 est
413 2562 663 2592 creatorem.
701 2561 769 2591 Sed
790 2571 841 2593 vv.
862 2561 901 2592 id
926 2564 990 2593 est
1015 2561 1175 2593 hatinius
1196 2562 1292 2592 recte
1316 2560 1408 2592 iudi·

33 2622 65 2663 ¹..
83 2604 178 2636 cavit
189 2603 343 2637 delenda.
438 2607 474 2647 3)
500 2607 583 2638 Luc.
599 2609 630 2648 6,
643 2607 685 2638 43
701 2617 751 2646 sq.
