1604 2800
11 215 21 222 ·.
10 173 16 185 ⁴·
6 37 23 166 *mm

7 576 14 579 λ
0 413 10 567 -w-z—-V‘
0 382 2 387 “

526 153 601 184 DE
636 154 838 185 CARNE
875 154 1130 186 CHRISTI.
1426 154 1492 194 '0

161 243 408 285 demutantur
432 245 656 299 qualitates,
688 247 886 298 accipiunt
909 246 1185 285 vocabulorum
1211 250 1491 300 possessiones.

161 303 285 344 Verbi
309 305 436 356 gratia
459 304 597 356 argilla
622 311 790 343 excocta
814 311 938 343 testae
959 304 1185 344 vocabulum
1205 307 1379 358 suscipit.
1405 306 1492 347 Nec

161 363 421 402 communicat
443 375 530 402 cum
560 362 750 401 vocabulo
783 363 933 414 pristini
966 362 1142 413 generis,
1181 364 1270 415 quia
1300 377 1374 403 nec
1408 378 1493 404 cum

161 422 246 473 ipso
271 433 431 472 genere.
491 419 660 459 Proinde
686 427 727 459 et
752 421 879 458 anima
904 419 1048 458 Christi
1073 433 1167 459 caro
1191 421 1296 460 facta
1322 435 1398 460 non
1425 436 1493 474 po·

160 485 240 518 test
263 492 340 517 nou
365 477 405 517 id
430 491 535 524 esse,
562 477 663 530 quod
689 478 793 517 facta
819 485 896 524 est,
923 485 964 516 et
988 477 1027 516 id
1053 491 1127 516 non
1154 491 1254 526 esse,
1282 478 1384 532 quod
1410 481 1494 520 sue-

160 536 231 582 rit,
270 534 374 574 aliud
411 536 566 575 scilicet
600 536 719 574 facta.
780 535 832 574 Et
864 536 1041 588 quoniam
1073 537 1286 588 proximum
1316 536 1494 577 adhibui-

160 606 242 632 mus
267 594 502 646 exemplum‚
540 593 688 646 plenius
720 607 767 632 eo
800 600 962 633 utemur.
1025 593 1143 632 Certe
1174 595 1276 634 enim
1307 602 1410 635 testa
1445 609 1495 635 ex

160 650 299 703 argilla
324 665 438 690 unum
464 658 523 689 est
548 664 688 703 corpus
719 665 908 703 unumque
939 651 1168 694 vocabulum
1198 655 1310 692 unius
1341 654 1496 692 scilicet

159 709 350 760 eorporis,
378 721 450 759 nec
477 715 605 760 potest
629 708 707 747 dici
727 708 767 760 ¹)
793 716 833 747 et
857 710 1014 760 argilla,
1052 710 1141 761 quia
1166 709 1270 761 quod
1293 711 1384 757 fuit,
1417 724 1494 750 non

159 773 237 813 estg
275 764 378 818 quod
403 772 530 803 autem
555 779 633 803 non
658 773 737 812 est,
777 767 932 804 omnino
958 779 1033 804 non
1059 765 1259 805 adhaeret.
1322 767 1429 819 Ergo
1455 775 1496 806 et

158 824 287 863 anima
324 836 417 862 caro
454 823 559 861 sacta
590 823 812 869 uniformis,
851 821 1036 871 solidata3
1069 824 1222 862 scilicet
1246 825 1494 876 singularitas

159 887 244 919 tota
267 887 329 920 est
345 881 384 929 2)
412 886 452 918 et
477 879 689 919 indiscreta
714 880 940 919 substantia.
1001 880 1045 919 ln
1072 880 1227 920 Christo
1258 896 1354 921 vero
1387 884 1494 922 inve-

158 939 282 978 nimus
306 939 469 977 auimam
495 945 535 977 et
561 951 716 977 carnem
742 938 979 990 simplicibus
1004 946 1044 977 et
1068 938 1178 978 nudis
1197 940 1396 979 vocabulis
1412 940 1494 979 edi-

159 1003 236 1044 tas,
274 995 316 1036 id
351 1003 412 1036 est
447 997 610 1034 animam
642 996 805 1034 animam
836 1003 877 1034 et
908 1009 1064 1035 carnem
1096 1010 1272 1044 carnem,
1311 1012 1494 1050 nusquam

158 1055 321 1095 animam
349 1066 505 1093 carnem
531 1061 597 1092 aut
627 1067 782 1092 carnem
815 1054 997 1100 animam,
1038 1053 1188 1105 quando
1220 1056 1274 1093 ita
1304 1057 1494 1095 nominari

159 1111 397 1158 debuissent,
424 1112 456 1149 si
482 1113 535 1149 ita
561 1112 740 1157 fuissent3
768 1110 836 1149 sed
863 1112 977 1149 etiam
1005 1111 1077 1150 sibi
1105 1125 1291 1164 quamque
1317 1113 1494 1151 substan-

160 1170 251 1208 tiam
277 1168 398 1208 divise
425 1169 691 1220 pronuntiatas
716 1168 764 1206 ab
790 1169 888 1220 ipso,
915 1169 1090 1220 utique3)
1117 1183 1189 1221 pro
1216 1169 1374 1209 duarum
1401 1184 1494 1222 qua-

161 1227 309 1265 litatum
340 1225 609 1272 distinctione,
648 1239 820 1264 seorsum
852 1226 1014 1264 animam
1047 1233 1087 1265 et
1117 1240 1290 1266 seorsum
1323 1241 1493 1268 carnem.

162 1282 261 1332 Quid
286 1284 402 1322 anxia
426 1290 498 1331 est,
525 1284 660 1335 inquit,
686 1285 812 1322 anima
837 1295 922 1322 mea
948 1297 1066 1336 usque
1092 1283 1140 1323 ad
1166 1288 1355 1324 mortem?
1368 1287 1406 1336 4)
1434 1294 1492 1325 et:

161 1343 283 1394 panis,
310 1354 422 1394 quem
447 1354 523 1392 ego
550 1340 696 1380 dedero
722 1355 793 1393 pro
819 1341 943 1379 salute
970 1341 1110 1387 mundi,
1138 1355 1230 1380 caro
1256 1356 1342 1381 mea
1368 1350 1439 1381 est.
1455 1346 1494 1390 5)

161 1399 286 1438 Porro
310 1400 345 1438 si
368 1400 496 1438 anima
522 1412 615 1437 caro
640 1399 795 1445 fuisset,
828 1412 941 1437 unum
973 1406 1079 1437 esset
1103 1400 1142 1437 in
1169 1399 1324 1438 Christo
1352 1413 1496 1440 carnea

160 1458 288 1501 anima
312 1463 380 1495 aut
404 1469 498 1495 caro
523 1456 710 1494 animalis.
775 1454 827 1494 At
851 1469 937 1494 cum
962 1455 1099 1495 dividit
1128 1458 1300 1508 specieS,
1340 1471 1495 1497 carnem

160 1521 203 1556 et
226 1515 410 1560 animam,
436 1512 512 1551 duo
539 1512 722 1552 ostendit.
784 1511 827 1552 Si
853 1512 948 1560 duo,
987 1515 1061 1553 iam
1088 1528 1164 1554 non
1189 1529 1323 1563 unum3
1362 1517 1394 1555 si
1420 1530 1495 1554 non

160 1585 290 1618 unum,
327 1573 403 1610 iam
436 1584 508 1610 nec
540 1572 667 1610 anima
704 1571 872 1610 carnalis
902 1584 976 1610 nec
1009 1566 1108 1610 car6
1139 1574 1332 1620 animali53
1383 1587 1495 1612 unum

159 1630 264 1671 enim
301 1636 363 1668 est
397 1629 525 1667 anima
562 1642 675 1675 caro,
714 1635 781 1667 aut
817 1642 910 1667 caro
948 1630 1093 1676 anima3
1138 1630 1210 1668 nisi
1247 1638 1287 1668 et
1322 1644 1495 1670 seorsum

161 1687 276 1727 aliam
313 1685 495 1737 gestabat
529 1687 691 1723 animam
730 1692 888 1736 praeter
919 1698 1023 1732 cam,
1062 1699 1160 1737 quae
1192 1700 1286 1725 caro
1312 1696 1417 1734 erat,
1458 1696 1498 1726 et

161 1744 277 1783 aliam
303 1742 604 1781 circumferebat
629 1754 785 1791 carnem
810 1748 969 1793 praeter
993 1743 1110 1789 issam,
1136 1757 1235 1795 quae
1255 1746 1384 1782 anima
1398 1753 1496 1785 erat.

165 1798 311 1849 Quodsi
336 1812 412 1838 una
436 1812 530 1837 caro
556 1805 597 1838 et
627 1812 702 1837 una
731 1799 877 1844 anima,
915 1799 980 1837 illa
1013 1801 1134 1838 tristis
1163 1814 1282 1852 usque
1314 1801 1363 1840 ad
1395 1816 1498 1841 mor-

163 1866 243 1898 tem
266 1865 309 1898 et
332 1857 401 1896 illa
425 1857 535 1908 panis
560 1869 630 1907 pro
657 1855 786 1894 mundi
811 1856 948 1902 salute,
973 1856 1100 1896 salvus
1125 1865 1185 1896 est
1203 1872 1383 1898 numerus
1403 1859 1497 1899 dua-

164 1929 248 1956 rum
273 1915 571 1955 substantiarum
597 1915 636 1952 in
662 1927 730 1951 suo
756 1926 903 1964 genere
924 1913 1157 1963 distantium,
1184 1915 1396 1956 excludens
1412 1915 1496 1957 car'-

165 1987 264 2014 neae
290 1974 440 2013 animae
467 1972 617 2010 unicam
643 1972 824 2023 speciem.

259 2097 298 2141 1)
323 2098 433 2130 Rhen.
458 2099 510 2130 ed.
535 2100 560 2129 1.
580 2107 659 2129 nec
686 2101 826 2137 potest
852 2102 965 2132 testa
989 2100 1089 2142 dici,
1113 2101 1166 2132 ed.
1189 2102 1291 2134 bran.
1317 2113 1395 2135 nec
1422 2114 1498 2143 po-

165 2147 257 2176 test
281 2145 368 2176 dici
392 2146 529 2183 ἰθείας
555 2144 615 2175 sed
640 2145 673 2175 in
696 2145 771 2176 edd.
797 2146 871 2177 Get.
897 2148 933 2177 et
952 2147 1027 2188 Rig.
1052 2157 1083 2179 v.
1102 2150 1218 2179 tenta
1243 2150 1409 2181 omissum
1434 2154 1498 2182 eat.

166 2191 205 2231 2)
229 2189 284 2222 lta
298 2190 372 2221 cod.
387 2191 525 2222 11.οων
547 2191 685 2231 εῑΒίςη
714 2192 786 2222 3.οᾱ
805 2192 956 2224 Pitheci:
988 2203 1070 2226 uon
1097 2197 1247 2233 potent
1271 2197 1386 2226 testa
1409 2195 1500 2228 dici

166 2238 212 2268 et
246 2245 347 2276 arga,
385 2237 483 2275 quia
508 2237 616 2275 quod
640 2237 744 2278 fuit,
779 2247 862 2269 non
888 2241 973 2280 ent,
987 2249 1092 2270 non
1117 2239 1338 2272 adhaeret.
1387 2241 1499 2282 Ergo

166 2284 234 2313 etc.
281 2282 389 2313 Rhen.
419 2282 474 2315 ed.
505 2284 531 2314 1.
554 2282 651 2322 quia
675 2283 783 2322 qnod
809 2285 910 2325 fuit,
947 2295 1029 2316 non
1055 2288 1136 2325 est,
1173 2296 1257 2317 non
1282 2287 1499 2319 adhaeret.

167 2329 279 2370 Ergo
305 2346 346 2352 -
370 2329 581 2368 solidata3
618 2330 690 2360 ned
726 2330 832 2371 ning.
857 2333 955 2362 tuta
985 2335 1053 2363 est
1078 2335 1147 2363 etc.
1195 2332 1289 2372 cel„
1314 2333 1367 2364 ed.
1380 2333 1499 2372 Fran.⁹

166 2375 315 2407 Semler:
342 2375 441 2414 quia
464 2375 573 2414 quod
598 2375 700 2415 fuit,
721 2385 805 2407 non
830 2379 912 2409 ent:
939 2378 1050 2416 quod
1073 2380 1214 2409 autem
1239 2388 1322 2410 non
1346 2382 1432 2418 est,
1458 2382 1501 2410 et

166 2431 250 2453 non
275 2421 501 2462 adhaeret,
527 2424 568 2452 et
591 2421 733 2453 anima
755 2432 839 2454 nou
865 2423 1083 2456 adhaeret.
1108 2424 1367 2464 Ergo—aed
1392 2423 1499 2466 sing.

167 2470 262 2499 tuta
283 2470 349 2499 est
371 2470 437 2500 etc.
532 2468 569 2507 3)
595 2468 653 2499 Sic
674 2467 748 2499 cod.
763 2469 913 2509 VVouw„
938 2470 995 2508 qui
1015 2473 1130 2501 tamen
1149 2470 1253 2503 habet
1265 2471 1437 2511 ubique,
1463 2474 1500 2503 et

168 2514 243 2554 Rig.
267 2515 397 2545 Ceteri:
424 2515 712 2553 pronuntiata
743 2517 818 2547 sub
850 2516 944 2554 ipso
970 2516 1120 2555 utique
1152 2520 1218 2547 etc.
1313 2519 1350 2558 4)
1374 2518 1498 2550 Matth.

170 2561 293 2601 26,38.
391 2561 427 2600 5)
453 2562 500 2592 10.
513 2562 545 2601 6,
561 2561 615 2592 51.
