1604 2800
138 177 248 215 203
656 173 729 204 DE
761 172 962 206 ANIMA-

139 270 333 322 impulsus.
395 265 500 304 Ecce
534 263 676 318 duplex
706 265 805 304 fetus
830 266 867 304 in
894 264 990 303 locis
1022 265 1153 303 matris
1187 264 1470 314 tumultuantur,

139 336 178 366 et
193 338 374 377 nusquam
396 323 519 362 adbuc
541 323 671 375 populi
692 322 782 361 duo.
827 322 1058 362 Portentosa
1074 322 1235 361 forsitan
1261 323 1473 374 petulantia

141 384 325 423 infantiae
352 390 441 421 ante
469 382 654 420 certantis
681 394 792 433 quam
815 381 991 427 viventis,
1024 386 1113 419 ante
1141 380 1336 419 animosae
1363 393 1473 433 quam

138 443 342 487 animatae,
370 441 401 478 si
428 438 688 477 tantummodo
714 445 872 477 matrem
899 436 1147 476 subsultando
1175 437 1379 476 turbasset.
1422 437 1477 476 At

141 513 225 538 cum
257 505 387 551 partus
419 498 594 549 aperitur
618 503 657 536 et
683 509 859 535 numerus
891 496 1092 548 inspicitur
1116 502 1156 534 et
1179 502 1388 546 auguratus
1413 507 1476 534 re-

141 556 413 608 cognoscitur,
447 562 557 606 puto,
597 555 671 593 iam
704 568 781 593 non
812 554 960 592 animae
993 551 1230 592 solummodo
1266 552 1477 605 probantur

141 615 358 660 infantium,
396 611 464 651 sed
497 619 536 651 et
566 625 733 665 pugnae.
809 611 1082 658 Detinebatur,
1123 611 1185 662 qui
1222 616 1478 663 praevenerat

142 673 247 710 nasci
269 685 291 709 a
316 677 527 723 praevento
554 669 715 709 necdum
743 669 891 722 plenius
917 668 1038 716 edito,
1064 675 1207 707 tantum
1235 681 1347 707 manu
1371 675 1476 710 nato,

141 729 192 767 Et
223 730 255 767 si
288 730 368 781 ipse
401 729 560 766 animam
595 727 642 766 de
676 728 795 779 prima
833 727 1043 779 spiratione
1081 725 1241 779 potabat
1278 725 1477 764 Platonico

142 799 250 825 more
276 793 341 824 aut
367 784 414 823 de
441 786 542 823 a'e'ris
570 786 700 836 rigore
728 784 916 836 carpebat
943 783 1076 823 Stoica
1101 784 1244 830 forma,
1277 782 1366 835 quid
1398 782 1477 829 ille,

144 844 207 895 qui
233 842 545 895 exspectabatur,
582 843 644 893 qui
670 841 794 880 adbuc
823 843 922 880 intus
948 841 1194 880 detinebatur
1219 847 1259 879 et
1284 841 1379 879 foris
1406 841 1480 878 iam

144 900 367 940 detinebat?
426 898 626 945 Nondum,
659 900 816 950 opinor,
849 899 998 950 spirans
1023 899 1190 950 plantam
1217 898 1348 936 fratris
1373 898 1480 935 inva-

144 965 262 1005 serat,
290 958 506 996 etiamnunc
534 957 665 995 calens
691 963 811 994 matre
833 969 874 994 se
895 956 1062 1007 priorem
1083 954 1258 1007 prodisse
1286 954 1480 1006 cupiebat.

146 1015 176 1054 Ο
210 1015 395 1054 infantem
427 1021 466 1053 et
497 1014 684 1053 aemulum
717 1021 757 1052 et
785 1012 951 1051 validum
990 1020 1030 1051 et
1061 1013 1151 1050 olim
1184 1013 1480 1059 contentiosum,

149 1072 287 1119 credo,
322 1073 410 1124 quia
434 1072 571 1110 vivum.
638 1070 782 1123 Aspice
816 1071 930 1110 etiam
964 1070 1180 1121 singulares
1207 1076 1417 1122 conceptus
1443 1075 1483 1108 et

148 1129 298 1183 quidem
326 1130 622 1168 monstrosiores
648 1129 792 1167 sterilis
817 1135 857 1167 et
880 1128 1053 1179 virginis,
1087 1139 1184 1179 quae
1209 1127 1271 1166 vel
1297 1126 1372 1166 hoe
1397 1127 1481 1180 ipso

148 1188 398 1240 imperfectos
413 1186 532 1226 edere
547 1187 762 1239 potuissent
782 1199 852 1238 pro
873 1186 1074 1225 eversione
1102 1192 1276 1232 naturae,
1303 1190 1346 1222 ut
1358 1184 1483 1223 altera

150 1246 284 1283 semini
305 1243 470 1296 stupida,
500 1245 623 1283 altera
650 1245 807 1282 intacta.
845 1243 1033 1290 Decebat,
1060 1242 1092 1281 si
1114 1242 1227 1289 forte,
1255 1242 1338 1281 sine
1357 1242 1483 1280 anima

151 1303 269 1349 nasci,
299 1303 360 1353 qui
387 1303 538 1340 fuerant
559 1316 635 1340 non
661 1303 735 1340 rite
761 1302 957 1352 concepti,
983 1299 1051 1339 sed
1073 1306 1113 1339 et
1131 1300 1187 1338 illi
1206 1300 1336 1339 vivunt
1356 1299 1392 1337 in
1413 1311 1481 1337 suo

150 1360 309 1410 quisque
336 1366 459 1396 utero.
500 1358 678 1397 Exsultat
703 1358 918 1405 Elizabeth,
947 1358 1110 1396 Ioannes
1135 1357 1235 1395 intus
1261 1357 1482 1409 impulerat,

151 1415 345 1465 glorificat
360 1415 550 1452 dominum
563 1415 700 1460 Maria,
713 1416 886 1455 Christus
906 1416 1006 1454 intus
1026 1415 1312 1463 instinxerat-¹)
1349 1412 1485 1466 Agno-

152 1478 263 1509 scunt
287 1478 428 1509 matres
454 1484 543 1508 suos
569 1472 732 1509 invicem
759 1473 872 1518 fetus,
899 1474 1053 1523 agnitae
1080 1480 1208 1511 mutuo
1229 1472 1276 1510 ab
1298 1473 1391 1524 ipsis
1410 1472 1485 1510 uti·

153 1541 224 1579 que
246 1527 472 1573 viventibus,
501 1528 562 1578 qui
584 1541 658 1565 non
680 1534 822 1565 tantum
844 1530 991 1566 animae
1013 1537 1136 1575 erant,
1163 1543 1292 1568 verum
1314 1535 1354 1568 et
1373 1529 1485 1581 spiri-

152 1592 225 1623 tus.
288 1583 353 1622 Sic
386 1591 426 1622 et
456 1583 501 1622 ad
533 1584 760 1623 Hieremiam
794 1585 890 1636 legis
922 1584 985 1623 dei
1016 1597 1171 1623 vocem:
1203 1587 1420 1636 priusquam
1446 1591 1484 1623 te

152 1643 190 1680 in
217 1648 326 1680 utero
362 1642 563 1692 fingerem,
598 1643 685 1679 novi
716 1641 824 1693 te.²)
891 1640 933 1679 Si
959 1641 1070 1692 fingit
1100 1641 1194 1679 deus
1219 1642 1256 1679 in
1282 1648 1414 1689 utero,
1446 1649 1486 1679 et

153 1699 258 1737 afflat
283 1712 331 1737 ex
356 1698 555 1750 primordii
582 1699 724 1736 forma:
758 1705 797 1737 et
824 1699 931 1736 finxit
956 1697 1050 1736 deus
1075 1698 1285 1748 hominem,
1318 1706 1358 1737 et
1382 1699 1486 1736 flavit

154 1757 190 1795 in
217 1769 300 1794 eum
328 1757 454 1794 flatum
480 1757 647 1803 vitac.³)
698 1755 784 1794 Nec
809 1762 941 1794 nosset
966 1762 1092 1793 autem
1118 1755 1311 1805 hominem
1329 1753 1423 1794 deus
1447 1756 1486 1794 in

155 1821 280 1860 utero,
308 1814 380 1851 nisi
407 1820 544 1851 totum:
578 1820 618 1852 et
642 1814 858 1865 priusquam
880 1813 1007 1852 exires
1029 1811 1076 1851 de
1097 1812 1221 1860 vulva,
1247 1809 1486 1852 sanctificavi

155 1872 259 1920 test)
322 1870 372 1908 Et
397 1878 583 1909 mortuum
610 1870 733 1909 adhuc
761 1873 925 1923 corpus?
949 1870 1080 1922 utique
1107 1882 1364 1922 nequaquam,
1391 1869 1486 1908 deus

155 1929 253 1965 enim
280 1928 462 1974 vivorum,
490 1942 564 1966 non
591 1936 838 1967 mortuorum.
855 1929 892 1976 ⁵)
1366 1971 1370 1973 ‚

271 1987 338 2025 27.
390 1985 589 2031 Quomodo
616 1987 734 2037 igitur
758 1985 895 2024 animal
924 1986 1177 2036 conceptum?
1206 1984 1365 2023 simulne
1393 1996 1486 2023 con·

156 2042 244 2079 ssata
283 2042 477 2092 utriusque
516 2043 727 2081 substantia
771 2043 947 2095 corporis
991 2043 1324 2093 animaeque‚-au
1361 2041 1485 2079 altera

156 2111 285 2136 earum
312 2097 595 2149 praecedente?
619 2102 694 2139 imo
720 2100 829 2139 simul
848 2099 978 2139 ambas
998 2106 1038 2137 et
1057 2099 1210 2150 concipi
1229 2105 1269 2137 et
1287 2097 1427 2137 confici
1447 2105 1488 2137 et

156 2155 293 2207 perfici
320 2154 498 2202 dicimus,
533 2158 631 2195 sicut
663 2165 702 2196 et
732 2159 874 2210 promi,
906 2170 978 2196 nec
1004 2156 1119 2194 ullum
1143 2155 1381 2195 intervenire
1404 2167 1487 2195 mo-

158 2219 322 2250 mentum
349 2213 387 2250 in
414 2222 616 2265 conceptu,
645 2229 717 2267 quo
745 2216 852 2254 locus
884 2213 1096 2253 ordinetur.
1163 2213 1355 2264 Recogita
1383 2212 1485 2252 enim

157 2268 205 2307 de
232 2270 444 2307 novissimis
470 2271 608 2321 prima:
635 2274 666 2310 si
692 2285 793 2311 mors
819 2285 895 2311 non
920 2269 1021 2310 aliud
1047 2269 1342 2316 determinatur,
1374 2282 1485 2322 quam

159 2325 363 2365 disiunctio
390 2328 564 2378 corporis
589 2329 879 2382 animaeque,⁶)
907 2329 1140 2368 contrarium
1165 2328 1279 2366 morti
1302 2327 1380 2367 vita
1405 2338 1482 2365 non

159 2382 260 2421 aliud
292 2383 512 2431 delinietur,
553 2398 659 2436 quam
701 2387 921 2425 coniunctio
954 2386 1130 2437 corporis
1161 2386 1407 2437 animaeque3
1451 2383 1484 2421 si

252 2511 575 2562 1)1,uc.1‚36.‹ss.
656 2504 884 2566 2>1er.1.5.'
943 2522 1295 2564 a)‹;en.1,27.3,7.
1367 2517 1480 2560 mer.

161 2566 192 2602 1,
210 2566 240 2595 5.
312 2567 620 2609 5)Matth.22‚3o.
697 2569 1126 2608 6)P1at.Phaed.p.640.
