1604 2800
195 198 232 235 6
552 192 683 227 ADV.
723 191 1173 227 HERMOGENEM.

194 291 347 335 teriam,
377 286 478 335 vide,
506 299 553 326 ne
582 287 618 326 ei
645 285 829 325 reddatur
842 286 883 338 ¹)
910 300 932 325 a
958 285 1086 333 nobis,
1114 285 1277 339 proinde
1302 287 1407 326 salvo
1427 294 1527 328 statu

195 347 379 386 materiae
406 346 524 385 fuisse
551 343 677 392 deum,
705 345 895 384 communi
922 352 1048 383 tamen
1075 351 1174 383 statu
1195 344 1407 384 amborum.
1424 345 1527 385 -Sal-

192 419 276 444 vum
304 417 400 456 ergo
427 404 503 442 erit
528 410 567 442 ct
593 402 801 449 materiae,
828 409 868 440 ut
894 409 935 441 et
959 403 1042 454 ipsa
1067 403 1202 450 fuerit,
1230 401 1299 441 sed
1327 415 1411 442 cum
1438 401 1527 451 deo,

194 463 281 515 quia
307 469 347 501 et
372 461 466 500 deus
492 461 615 508 solus,
649 459 717 499 sed
745 473 828 499 cum
854 460 932 498 illa.
996 459 1045 498 Et
1069 461 1152 512 ipsa
1177 461 1301 513 prima
1327 473 1410 500 cum
1437 459 1526 508 deo',

193 521 280 573 quia
314 526 354 558 et
387 518 480 558 deus
512 519 656 570 primus
694 531 780 557 cum
817 518 904 565 illa,
945 517 1013 556 sed
1046 524 1086 556 et
1116 518 1181 556 illa
1212 518 1528 571 incomparabilis

193 591 276 617 cum
304 576 403 624 deo,
439 578 526 628 quia
554 583 594 615 et
619 575 713 614 deus
739 575 1052 628 incomparabilis
1078 588 1162 614 cum
1187 576 1272 622 illa,
1311 582 1350 615 et
1375 576 1528 615 auctrix

193 649 275 675 cum
310 634 383 673 deo
416 642 454 673 et
488 633 639 672 domina
672 647 756 672 cum
790 632 879 672 deo.
952 632 1018 672 Sic
1050 631 1196 685 aliquid
1227 640 1266 672 et
1299 646 1375 672 non
1408 640 1527 672 totum

193 693 378 731 materiae
406 691 562 730 habere.
626 691 681 729 lta
708 691 762 729 illi
790 691 882 729 nihil
914 691 1072 743 reliquit
1099 691 1388 743 Hermogenes,
1426 690 1527 744 quod

193 762 266 787 non
295 756 335 787 et
360 750 545 786 materiae
573 748 821 795 contulisset,
855 755 896 786 ut
922 762 996 786 non
1024 750 1184 787 materia
1212 747 1305 797 deo,
1337 747 1406 788 sed
1434 748 1532 789 deus

192 807 318 858 potius
351 805 536 843 materiae
569 812 830 856 comparetur.
894 807 1023 856 Atque
1060 804 1159 844 adeo
1198 818 1283 844 cum
1322 819 1389 853 ea,
1428 819 1526 858 quae

192 864 348 915 propria
375 861 438 900 dei
465 860 700 900 vindicamus
726 874 878 914 semper
902 862 1034 909 fuisse,
1063 862 1147 900 sine
1174 863 1300 910 initio,
1326 864 1410 902 sine
1437 863 1525 910 line,

193 927 232 959 et
257 921 416 972 primum
445 920 562 957 fuisse
590 926 630 957 ct
655 919 776 958 solum
809 926 848 958 et
879 919 1044 957 omnium
1078 927 1299 967 auctorem,
1339 921 1525 959 materiae

192 989 342 1030 quoque
369 983 604 1028 competant,
632 990 792 1028 quaero,
822 975 911 1029 quid
938 977 1130 1015 diversum
1157 984 1196 1015 et
1220 977 1388 1016 alienum
1409 990 1430 1016 a
1450 975 1526 1018 deo

190 1048 236 1074 ac
262 1048 333 1087 per
358 1034 431 1073 hoc
458 1036 645 1086 privatum
672 1036 832 1073 materia
858 1033 1097 1085 possederit,
1123 1046 1195 1086 per
1219 1032 1321 1086 quod
1347 1032 1422 1074 deo
1449 1047 1526 1074 non

191 1094 506 1144 compararetur?
543 1091 583 1130 ln
613 1104 684 1143 qua
711 1092 836 1130 omnia
863 1091 925 1129 dei
954 1093 1109 1143 propria
1135 1098 1403 1138 recensentur,
1430 1092 1547 1146 satis

190 1148 458 1202 praeiudicant
484 1148 531 1187 de
558 1149 705 1201 reliqua
730 1149 1037 1200 comparatione.

306 1210 343 1249 7.
384 1206 425 1245 Si
452 1207 636 1245 minorem
665 1214 704 1245 et
729 1206 952 1245 inferiorem
980 1206 1178 1245 materiam
1198 1205 1286 1255 deo,
1313 1204 1523 1246 etidcirco

191 1264 379 1303 diversam
407 1263 453 1302 ab
487 1277 555 1311 eo,
594 1270 633 1303 et
665 1263 814 1303 idcirco
848 1264 1188 1316 incomparabilem
1221 1264 1275 1303 illi
1308 1262 1523 1312 contendit,

189 1329 229 1360 ut
256 1322 403 1367 maiori,
431 1328 472 1359 ut
496 1322 708 1372 superiori:
736 1321 962 1374 praescribo
989 1335 1065 1359 non
1093 1334 1236 1374 capere
1263 1322 1376 1360 ullam
1398 1320 1523 1361 demi-

191 1379 387 1416 nutionem
415 1385 454 1416 et
480 1378 803 1425 humiliationem,
845 1378 944 1430 quod
971 1379 1020 1417 sit
1047 1386 1246 1418 aeternum
1273 1386 1313 1419 et
1337 1380 1521 1428 innatum,

191 1437 279 1486 quia
305 1435 378 1473 hoc
406 1441 445 1472 et
470 1434 580 1472 deum
607 1435 728 1473 faciat
747 1442 903 1482 tantum,
932 1443 1091 1486 quantus
1112 1443 1182 1483 est,
1210 1437 1314 1476 nullo
1335 1437 1522 1476 minorem

191 1505 315 1544 neque
341 1491 634 1538 subiectiorem,
667 1492 742 1529 imo
771 1491 943 1530 omnibus
970 1494 1151 1531 maiorem
1179 1500 1219 1532 et
1244 1494 1520 1536 sublimiorem.

193 1548 303 1587 Sicut
328 1549 428 1588 enim
455 1554 610 1595 cetera,
652 1561 748 1600 quae
774 1555 983 1588 nascuntur
1014 1556 1080 1587 aut
1105 1549 1258 1597 liniunt,
1299 1557 1340 1590 et
1369 1549 1520 1590 idcirco

190 1613 349 1646 aeterna
375 1619 450 1643 non
477 1612 575 1654 sunt,
603 1606 722 1645 semel
748 1607 925 1659 opposita
952 1606 1029 1653 lini,
1057 1619 1154 1658 quae
1181 1614 1221 1646 et
1245 1608 1356 1646 initio
1381 1607 1521 1647 admit-

190 1671 273 1702 tunt
298 1677 363 1710 ea,
403 1676 500 1715 quae
526 1662 620 1702 deus
646 1676 721 1701 non
749 1665 871 1715 capit,
910 1662 1210 1704 deminutionem
1244 1663 1333 1704 dico
1365 1665 1518 1705 interim

189 1729 228 1760 et
254 1721 552 1768 subiectionem,
593 1721 680 1772 quia
707 1728 795 1759 nata
821 1728 861 1760 et
886 1721 988 1759 facta
1015 1728 1120 1769 sunt,
1157 1722 1213 1760 ita
1244 1729 1284 1761 et
1309 1720 1404 1762 deus
1428 1721 1519 1762 ideo

189 1792 234 1818 ca
261 1792 335 1816 nou
364 1779 489 1829 capit,
525 1778 612 1830 quia
638 1790 710 1816 nec
738 1785 846 1817 natus
873 1779 1026 1816 omnino
1054 1791 1125 1817 nec
1152 1779 1277 1818 factus
1303 1786 1376 1819 ost.
1436 1779 1520 1820 Ma-

189 1836 311 1875 teriae
338 1843 463 1875 autem
490 1843 610 1874 status
635 1836 723 1873 talis
749 1842 820 1874 est.
885 1836 1006 1887 igitur
1032 1843 1071 1875 et
1095 1835 1245 1875 duobus
1269 1838 1451 1885 aeternis,
1477 1844 1520 1876 nt

189 1894 341 1940 innatis,
370 1900 409 1932 ut
434 1893 601 1941 infectis,
630 1891 704 1931 deo
731 1901 845 1946 atque
872 1895 1045 1941 materia,
1073 1894 1122 1933 ob
1144 1893 1305 1934 eandem
1329 1896 1518 1934 rationem

190 1952 398 1989 communis
424 1958 556 1997 status,
583 1964 632 1990 ex
658 1964 782 2003 aequo
809 1950 1037 1990 habentibus
1063 1950 1114 1999 id,
1142 1951 1243 2004 quod
1264 1965 1387 2005 neque
1407 1951 1518 1991 dimi-

140 2006 141 2009 ’
190 2009 252 2046 nui
280 2021 351 2047 nec
377 2008 515 2046 subiici
541 2007 720 2055 admittit,
750 2008 788 2047 id
814 2015 875 2047 est
899 2010 1191 2056 aeternitatem,
1219 2017 1392 2048 neutrum
1419 2009 1517 2048 dici-

191 2079 270 2104 mus
307 2066 430 2105 altero
470 2079 554 2105 esse
594 2068 778 2105 minorem
817 2067 897 2105 sive
937 2068 1141 2116 maiorem,
1180 2074 1354 2106 neutrum
1391 2067 1516 2106 altero

189 2123 428 2162 humiliorem
456 2124 535 2162 sive
561 2125 813 2176 superiorem,
841 2123 912 2163 sed
934 2132 1037 2163 stare
1058 2123 1170 2163 ambo
1193 2137 1242 2163 ex
1261 2126 1344 2177 pari
1366 2137 1517 2176 magna,

190 2194 238 2218 ex
269 2182 352 2232 pari
385 2180 575 2228 sublimia,
616 2195 665 2220 ex
697 2182 779 2232 pari
810 2181 960 2221 solidae
993 2189 1033 2220 et
1063 2182 1264 2234 perfectae
1301 2182 1515 2230 felicitatis,

190 2250 285 2289 quae
332 2245 514 2276 censetur
550 2240 775 2277 aeternitas.
847 2239 985 2292 Neque
1030 2240 1130 2278 enim
1163 2241 1336 2292 proximi
1374 2241 1516 2279 erimus

190 2295 433 2346 opinionibus
458 2298 672 2343 nationum,
707 2309 802 2348 quae
829 2298 860 2335 si
887 2295 1038 2349 quando
1067 2304 1259 2349 coguntur
1283 2296 1395 2337 deum
1422 2302 1516 2336 con-

190 2352 309 2399 fiteri,
349 2360 474 2392 tamen
506 2361 544 2391 et
576 2354 672 2392 alios
703 2354 802 2392 infra
835 2354 937 2393 illum
963 2355 1107 2394 volunt.
1168 2354 1356 2394 Divinitas
1387 2361 1514 2393 autem

191 2408 347 2458 gradum
373 2424 448 2449 non
474 2411 603 2458 habet,
631 2418 764 2466 utpote
790 2412 919 2460 unica,
949 2424 1047 2464 quae
1074 2412 1105 2450 si
1126 2419 1165 2451 et
1184 2412 1222 2450 in
1243 2412 1404 2451 materia
1424 2412 1511 2459 erit,

191 2542 320 2622 (ηυξ)
347 2545 399 2578 Ita
414 2545 491 2579 cod.
507 2547 644 2582 Wouw.
661 2548 807 2591 etRig.;
834 2547 950 2582 Rhen.
973 2558 1022 2598 ng
1042 2546 1283 2582 irrideatur
1299 2565 1346 2573 -—
1364 2546 1513 2582 fuisse
