1624 2826
386 221 515 253 Anv.
552 219 913 251 MARCIONEM
952 219 1126 250 [ABER
1155 221 1195 250 Y.
1351 218 1458 255 895

115 295 231 367 ’πρωὶ
262 315 384 366 ipsum
416 319 651 364 regnaverat
682 319 883 364 peccatum
910 313 947 350 in
974 319 1155 359 mortem,
1194 313 1247 350 ita
1272 318 1313 351 et
1337 314 1464 363 gratia

128 373 316 424 r'egnaret
338 371 378 410 in
400 371 547 409 >iustitia
573 371 612 408 in
637 371 751 408 vitam
779 383 850 421 per
875 369 999 408 Iesum
1027 366 1284 419 Christum,¹)
1324 369 1461 408 adver-

129 430 271 468 sariu-
297 429 428 480 ipsius.
467 427 633 479 Propter
658 427 731 466 hoc
759 429 886 466 omnia
912 428 1158 467 concluserat
1184 428 1247 466 lex
1273 428 1464 466 creatoris

129 487 198 526 sub
225 485 434 533 delictum,
472 493 513 524 et
542 492 663 524 totum
702 485 879 523 mundum
911 485 1126 524 deduxerat
1149 487 1188 524 in
1213 493 1386 531 reatum,
1426 493 1466 524 et

129 557 244 584 omne
267 557 312 583 os
326 544 584 590 obstruxerat,
612 556 659 581 ne
686 545 747 595 qui
775 544 1010 594 gloriaretur
1034 557 1106 595 per
1130 544 1246 589 illam,
1273 550 1316 582 ut
1339 545 1466 594 gratia

129 609 352 641 servaretur
375 603 413 640 in
439 602 602 653 gloriam
628 601 784 647 Christi,
813 615 888 639 non
915 603 1118 651 creatoris,
1145 600 1215 640 sed
1240 600 1464 640 Marcionis.

132 659 289 698 Possum
320 666 363 698 et
398 659 461 697 hic
499 658 547 698 de
584 658 798 697 substantia
835 658 979 697 Christi
1011 666 1257 711 praestruere
1295 672 1346 697 ex
1375 672 1467 711 pro-

129 725 267 770 spectu
291 717 528 769 quaestionis
553 716 842 755 subsecuturae.
891 716 1069 755 Mortuos
1095 717 1196 755 enim
1222 729 1305 762 nos,
1331 717 1465 767 inquit,

133 775 276 826 legi.²)
334 773 443 825 Ergo
482 787 624 825 corpus
662 773 806 811 Christi
844 780 885 811 et
920 781 1051 825 potest
1087 786 1229 824 corpus
1267 772 1464 817 contendi,

129 845 209 871 nen
237 823 368 871 statim
399 844 506 869 caro.
569 829 649 869 Sed
681 837 721 868 et
752 843 1003 882 quaecunque
1035 830 1247 868 substantia
1272 831 1342 876 sit,
1381 844 1467 869 cum

131 891 214 929 eins
238 889 411 928 nominat
425 901 579 940 corpus,
607 900 716 940 quem
731 888 887 926 subiicit
906 901 955 926 ex
970 889 1129 926 mortuis
1144 889 1465 934 resurrexisse,³)

132 960 222 986 non·
234 953 364 999 potest
388 945 493 985 aliud
519 959 660 998 corpus
685 945 865 996 intelligi,
892 959 1003 997 quam
1031 946 1173 992 carnis,
1200 946 1238 983 in
1266 959 1376 997 quam
1404 946 1468 983 lex

106 1005 267 1044 -mortis
303 1011 364 1043 est
400 1003 518 1042 dicta.
592 1003 699 1042 Ecce
737 1011 864 1042 autem
910 1010 950 1041 et
990 1004 1249 1042 testimonium
1289 1003 1469 1054 perhibet

132 1063 232 1114 legi,
276 1069 318 1101 et
348 1074 484 1101 caussa
516 1060 650 1100 delicti
675 1074 759 1099 eam
786 1068 959 1099 excusat.
1023 1060 1122 1109 Quid
1148 1074 1244 1112 ergo
1272 1060 1469 1100 dicemus?

133 1121 223 1172 quia
247 1119 313 1158 lex
342 1121 571 1171 peccatum?
606 1118 767 1166 absim)
829 1117 1049 1165 Erubesce,
1088 1118 1278 1157 Marcion.
1340 1118 1465 1156 Absit.

132 1176 390 1216 Abominatur
419 1177 618 1228 apostolus
649 1176 956 1214 criminationem
983 1176 1095 1226 legis.
1157 1174 1236 1213 Sed
1269 1175 1344 1225 ego
1371 1174 1468 1212 deli-

135 1241 238 1272 ctum
265 1247 341 1271 non
366 1235 450 1271 scio
475 1234 547 1271 nisi
573 1245 645 1283 per
669 1233 853 1282 legem.⁵)
915 1231 945 1269 Ο
971 1244 1152 1269 summum
1180 1245 1230 1269 ex
1255 1232 1329 1272 hoc
1356 1245 1469 1283 prae-

136 1291 289 1330 conium
315 1290 426 1341 legis,
453 1303 524 1341 per
548 1302 658 1341 quam
685 1289 838 1336 licuitss)
865 1288 1046 1328 delictum
1074 1289 1215 1327 latere!
1255 1288 1344 1326 Non
1371 1301 1467 1340 ergo

136 1349 202 1387 lex
238 1346 415 1394 seduxit,
466 1346 535 1386 sed
572 1354 775 1398 peccatum
818 1359 889 1398 per
926 1347 1129 1398 praecepti
1161 1347 1468 1393 occasionen1.‘¹)
1536 1358 1542 1363 ·

138 1405 238 1454 Quid
263 1404 338 1444 deo
364 1406 527 1456 imputas
553 1404 668 1455 legis,
708 1403 810 1455 quod
837 1405 916 1454 legi
947 1405 1031 1441 eius
1054 1404 1254 1454 apostolus
1279 1403 1468 1454 imputare

135 1477 214 1502 non
239 1462 380 1502 audet?
402 1461 547 1513 Atquin
574 1469 614 1499 et
638 1461 874 1499 accumulat:
903 1461 967 1499 lex
991 1467 1138 1507 sancta,
1166 1467 1206 1498 et
1220 1459 1471 1512 praeceptum

134 1522 220 1560 eius
243 1521 381 1559 iustum
408 1526 449 1558 et
474 1519 680 1567 bonnm.⁸)
743 1516 786 1556 Si
813 1519 943 1557 taliter
971 1525 1182 1556 veneratur
1207 1518 1332 1569 legem
1359 1531 1470 1556 crea-

134 1578 275 1625 toris,·
298 1575 491 1630 quomodo
530 1577 651 1629 ipsum
691 1575 888 1622 destruat,
940 1577 1086 1614 nescio.
1155 1575 1246 1623 Quis
1284 1575 1471 1614 discernit

78 1638 89 1641 ”
135 1635 235 1675 dnos
258 1634 373 1682 deos,
406 1635 542 1673 iustum
574 1635 714 1681 alium,
751 1634 892 1672 bonum
918 1634 1057 1679 alium,
1096 1647 1181 1672 cum
1212 1634 1245 1671 is
1269 1641 1470 1685 utrumque

135 1692 280 1732 debeat
309 1691 444 1739 credi,
482 1693 590 1731 euius
621 1698 871 1743 praeceptum
903 1698 943 1729 et
973 1691 1114 1730 bonum
1145 1695 1186 1730 et
1216 1692 1353 1729 iustum
1381 1692 1471 1728 est?

138 1749 183 1788 Si
206 1757 334 1789 autem
365 1757 407 1788 et
430 1749 643 1800 spiritalem
675 1749 879 1787 confirmat
909 1749 1059 1798 legem,
1080 1746 1118 1796 ⁹)
1157 1749 1288 1799 utique
1315 1754 1355 1785 et
1379 1760 1471 1798 pro-
1499 1756 1506 1761 ·

139 1807 358 1858 pheticam,
395 1807 527 1855 utique
557 1812 598 1843 et
629 1805 844 1854 figuratam.
904 1794 1040 1842 Debeo
1072 1805 1171 1842 enim
1198 1811 1238 1842 et
1264 1804 1351 1842 hinc
1377 1817 1471 1842 con-

139 1864 303 1902 stituere
330 1861 521 1900 Christum
549 1862 588 1898 in
614 1861 702 1911 lege
729 1861 893 1911 figurate
925 1860 1211 1912 praedicatum,
1249 1874 1323 1912 quo
1350 1873 1422 1899 nec
1448 1875 1472 1898 a

140 1919 294 1959 Iudaeis
318 1919 492 1958 omnihus
518 1919 689 1970 potuerit
712 1919 887 1969 agnosci.
1303 1927 1308 1930 ·
1371 1929 1375 1933 ’
1452 1963 1455 1965 -

260 1982 325 2019 14.
376 1977 485 2015 Hunc
511 1977 545 2015 si
576 1982 689 2027 pater
723 1976 826 2013 misit
850 1976 887 2014 in
914 1974 1197 2014 similitudinem
1224 1977 1353 2014 carnis
1378 1988 1471 2027 pec-

142 2034 320 2083 eati,¹⁰)
358 2048 435 2072 non
472 2032 561 2072 ideo
599 2033 823 2085 phantasma
859 2032 1012 2072 dicetur
1048 2046 1161 2079 caro,
1200 2042 1297 2085 quae
1334 2034 1373 2071 in
1403 2033 1470 2071 illo

141 2092 358 2132 videbatur.
403 2092 610 2130 Peccatum
642 2091 742 2129 enim
768 2091 875 2130 carni
900 2104 1015 2143 supra
1040 2090 1265 2143 adscripsit,
1303 2098 1344 2130 et
1368 2091 1470 2129 illam

141 2151 240 2190 feeit
262 2150 388 2201 legem
414 2150 568 2201 peccati
593 2148 826 2187 habitantem
858 2149 897 2187 in
930 2148 1108 2188 membris
1134 2150 1230 2196 suis,
1263 2156 1303 2187 et
1333 2147 1471 2187 adver—

142 2214 291 2246 santem
323 2207 400 2257 legi
437 2203 666 2254 sensus-¹¹)
728 2205 785 2244 Ob
822 2206 896 2245 hoc
935 2207 1053 2257 igitur
1089 2207 1241 2245 missum
1279 2206 1395 2244 lilium
1433 2206 1472 2242 iu

144 2263 431 2303 similitudinem
482 2264 609 2302 carnis
657 2265 810 2315 peccati
864 2271 907 2302 ut
954 2266 1109 2315 peccati
1158 2276 1313 2302 carnem
1358 2261 1474 2300 simili

145 2322 359 2361 substantia
381 2320 610 2368 redimeret,
648 2320 687 2359 id
718 2329 779 2360 est
803 2334 963 2369 carnea,
1002 2334 1099 2374 quae
1125 2320 1339 2373 peccatrici
1365 2319 1473 2357 carni

144 2380 278 2418 similis
315 2385 442 2425 esset,
487 2389 571 2417 cum
614 2380 815 2430 peccatrix
856 2381 936 2431 ipsa
982 2392 1058 2417 non
1102 2384 1218 2417 esset.
1290 2376 1389 2415 Nam
1433 2383 1473 2413 et

239 2529 275 2563 1)
299 2530 508 2564 nom.5‚21.
603 2529 639 2567 2)
666 2529 761 2560 nom.
777 2531 809 2566 e,
825 2529 855 2559 2.
951 2529 988 2566 3)
1013 2529 1057 2560 ib.
1072 2538 1101 2560 v.
1116 2529 1147 2558 4.
1219 2526 1256 2565 4)
1282 2526 1471 2566 nom.·1‚·t.

148 2573 187 2616 5)
217 2575 298 2607 ibid.
400 2578 439 2611 6)
461 2574 568 2613 Atii:
600 2574 776 2613 liquuit.
870 2571 907 2614 7)
946 2575 1039 2606 Rom.
1066 2575 1098 2613 Ἰ,
1125 2575 1180 2604 w.
1207 2575 1260 2603 11.
1355 2572 1393 2612 8)
1430 2572 1474 2603 ib.

148 2629 179 2652 v.
200 2621 254 2651 12.
349 2620 387 2660 9)
414 2622 456 2653 ih.
471 2631 500 2652 v.
517 2622 570 2651 14.
667 2620 726 2663 1⁰)
749 2621 844 2651 Rom.
857 2622 889 2660 8,
905 2622 936 2651 3.
955 2665 963 2668 q
1035 2618 1093 2661 11)
1121 2621 1218 2650 Rom.
1231 2620 1263 2657 7,
1280 2619 1334 2649 23.
