1624 2826
336 201 461 233 ADv.
497 201 858 232 MARCIONEM
893 201 1070 232 LIBER
1109 202 1150 231 V.
1322 198 1433 235 ,θ’

100 299 164 334 est
185 300 313 333 autem
343 294 496 332 stultum
528 292 616 340 dei,
654 295 865 346 sapientius
896 293 1129 339 hominibus,
1168 293 1242 331 nisi
1274 305 1370 332 crux
1394 300 1436 331 et

100 364 204 390 mors
230 351 401 390 Christi?
447 350 536 403 quid
569 351 756 389 infirmum
789 350 871 396 dei,
910 352 1048 389 fortius
1085 351 1264 398 homine,
1286 351 1323 398 ¹)
1362 351 1436 389 nisi

100 409 282 447 nativitas
318 415 361 448 et
396 421 489 447 caro
512 407 622 447 0dei?
671 409 854 448 Ceterum
891 410 923 447 si
955 422 1029 447 nec
1061 415 1171 447 natus
1204 421 1254 447 ex
1283 409 1435 458 virgine

100 465 278 505 Christus
309 478 383 504 nec
414 479 532 505 earne
565 474 811 506 constructus
842 479 888 505 ac
919 479 991 518 per
1020 466 1096 504 hoe
1128 479 1253 518 neque
1280 476 1435 504 crucem

99 536 225 576 neque
250 530 414 562 mortem
438 533 532 562 vere
558 537 765 575 perpessus
791 531 869 571 est,
908 524 1002 562 nihil
1028 524 1066 561 in
1091 524 1158 562 illo
1185 524 1257 562 fuit
1281 523 1435 561 stultum

99 588 141 620 et
164 581 375 629 infirmum3
401 594 474 620 nee
494 583 569 619 iam
590 582 705 620 stulta
731 581 860 620 mundi
886 582 1007 632 elegit
1032 580 1139 628 deus,
1169 589 1208 619 ut
1223 579 1454 619 confundat.

98 639 354 690 sapientiam,
391 652 465 677 nec
496 639 647 677 infirma
683 639 812 677 mundi
844 639 964 690 elegit
996 637 1109 683 deus,
1147 646 1190 677 ut
1226 637 1439 677 confundat

98 696 235 743 sortia,
262 708 336 734 nee
364 697 569 734 inhonesta
584 704 622 734 et
648 698 800 735 minima
815 704 856 735 et
876 696 1208 747 contemptibilia,
1237 708 1334 746 quae
1360 709 1438 733 non

95 760 196 799 sunt,
221 752 262 792 id
287 760 359 799 est,
387 766 484 804 quae
511 767 590 791 non
614 766 708 791 vere
734 761 833 799 sunt,
861 760 904 790 ut
917 752 1141 797 confundat,
1164 765 1263 804 quae
1289 753 1436 799 sunm)

94 808 136 848 id
168 817 252 856 est,
291 821 389 860 quae
414 822 507 848 vere
533 817 632 848 sunt.
694 809 800 848 Nihil
833 811 933 848 enim
966 823 988 848 a
1021 808 1095 847 deo
1124 808 1350 861 dispositum
1377 816 1439 847 est

47 895 50 898 -
93 879 188 907 vere
229 866 432 906 modicum
456 874 504 906 >et
539 866 710 918 ignobile
742 874 782 905 et
812 866 1121 919 contemptibile,
1161 865 1229 905 sed
1262 865 1363 918 quod
1389 866 1437 905 ab

92 924 271 970 homineg
315 925 415 977 apud
449 932 667 963 creatorem
699 932 826 963 autem
863 926 978 963 etiam
1018 932 1150 963 vetera
1182 924 1439 963 stultitiae‘et

95 982 307 1022 infirmitati
345 990 385 1021 et
423 983 660 1021 inhonestati
698 989 738 1021 et
775 983 975 1034 pusillitati
1015 989 1055 1020 et
1094 983 1330 1034 contemptui
1369 981 1437 1020 de-

93 1041 222 1092 putari
264 1047 436 1092 possunt.
506 1039 604 1088 Quid
641 1041 810 1088 stultius,
847 1039 939 1092 quid
977 1039 1180 1087 infirmius,
1225 1053 1336 1092 quam
1374 1053 1436 1078 sa·

95 1097 333 1136 crificiorum
379 1105 625 1136 cruentorum
674 1105 714 1136 et
761 1098 1115 1136 holocautomatum
1164 1096 1434 1135 nidorosorum

94 1167 120 1192 a
155 1153 231 1193 deo
256 1156 438 1194 exactio?
486 1155 585 1203 Quid
623 1156 828 1201 infirmius,
866 1169 977 1206 quam
1008 1155 1252 1193 vasculorum
1278 1161 1319 1192 et
1344 1167 1434 1204 gra-

95 1210 275 1250 batorum
322 1213 527 1264 purgatio?
574 1211 673 1259 Quid
722 1212 984 1258 inhonestius,
1035 1224 1144 1263 quam
1190 1212 1316 1249 carnis
1359 1212 1434 1249 iam

97 1267 367 1308 erubescentis
392 1270 468 1307 alia
493 1268 780 1307 dedecoratio?
811 1269 910 1317 Quid
936 1276 1012 1307 tam
1037 1269 1199 1315 humile,
1239 1281 1349 1320 quam
1374 1275 1434 1306 ta-

97 1327 214 1365 lionis
237 1326 426 1365 indictio?
462 1326 561 1374 Quid
587 1334 663 1364 tam
690 1326 999 1378 contemptibile,
1027 1339 1138 1378 quam
1165 1325 1339 1364 ciborum
1365 1338 1433 1364 ex·-

99 1385 256 1436 ceptio?
282 1384 440 1430 Totum,
468 1383 734 1435 quod‘seiam,
759 1391 871 1422 vetus
896 1389 1164 1422 testamentum
1192 1384 1315 1420 omnis
1341 1382 1435 1420 bae-

97 1443 244 1480 reticus
267 1440 417 1483 irridet.
480 1440 606 1479 Stulta
631 1442 731 1479 enim
758 1439 885 1479 mundi
913 1441 1033 1491 elegit
1064 1439 1177 1488 deus,
1205 1446 1245 1478 ut
1271 1440 1434 1478 confun-

97 1498 165 1537 dat
186 1499 428 1551 sapientiam.
488 1497 700 1536 Marcionis
731 1497 826 1536 deus
850 1498 944 1537 nibil
969 1498 1061 1545 tale,
1089 1498 1177 1550 quia
1203 1510 1276 1536 nce
1303 1510 1435 1536 aemu-

97 1556 199 1595 latur
229 1557 425 1595 contraria
457 1557 663 1594 contrariis
699 1555 957 1607 redarguere,
996 1568 1044 1594 ne
1083 1555 1274 1612 glorietur
1311 1556 1433 1593 omnis

98 1626 213 1661 earo,
249 1621 309 1661 ut,
349 1612 666 1665 quemadmodum
704 1615 888 1666 seriptum
926 1620 1004 1660 est,
1044 1614 1107 1665 qui
1145 1613 1354 1663 gloriatur,
1393 1614 1432 1650 in

97 1670 255 1710 domino
281 1672 528 1722 glorietur.·³)
588 1670 632 1708 ln
658 1674 759 1723 quo?
795 1672 926 1723 utique
952 1672 991 1708 in
1022 1683 1089 1717 eo,
1129 1671 1191 1721 qui
1217 1670 1292 1708 boe
1319 1683 1433 1721 prae-

100 1729 216 1779 eepit,
242 1729 315 1766 nisi
340 1735 499 1766 creator
522 1729 735 1780 praecepit,
762 1735 804 1766 ut
829 1730 868 1766 in
894 1727 968 1766 deo
988 1727 1200 1766 Marcionis
1227 1728 1431 1778 glorietur.

214 1788 257 1826 6.
278 1814 281 1816 -
310 1783 433 1834 Igitur
457 1797 528 1835 per
551 1785 650 1822 haee
676 1786 803 1822 omnia
829 1784 1017 1830 ostendit,
1057 1785 1165 1822 cuius
1190 1782 1253 1821 dei
1280 1784 1433 1834 sapien-

98 1843 191 1880 tiam
216 1841 396 1892 loquatur
418 1842 521 1878 inter
544 1841 803 1891 perfectos,⁴)
829 1842 912 1878 eius
937 1841 1101 1887 seilicet,
1129 1841 1190 1892 qui
1206 1841 1432 1892 sapientiam

99 1899 329 1950 sapientium
378 1898 580 1936 abstulerit
628 1904 669 1935 et
710 1896 950 1949 prudentiam
993 1897 1235 1949 prudentium
1285 1898 1433 1936 irritam

98 1956 259 2003 fecerit,
298 1956 362 2007 qui
397 1955 645 1994 infatuaverit
681 1956 906 2006 sapientiam
943 1953 1090 2002 mundi,
1129 1955 1244 1993 stulta
1283 1955 1433 2007 eligens

99 2013 184 2052 eius
220 2020 261 2052 et
297 2012 504 2065 disponens
540 2013 578 2050 in
615 2012 788 2051 salutem.
850 2011 958 2051 Hanc
996 2012 1092 2051 dicit
1127 2013 1355 2064 sapientiam
1392 2014 1432 2050 in

100 2071 256 2110 occulto
281 2071 419 2117 fuisse,
458 2083 555 2122 quae
575 2070 704 2107 fuerit
733 2071 771 2108 in
802 2070 927 2108 stultis
957 2077 999 2108 et
1021 2071 1060 2108 in
1086 2070 1232 2122 pusillis
1257 2077 1298 2110 et
1321 2069 1433 2108 inho-

100 2129 239 2175 nestis,
263 2141 375 2180 ·quae
402 2129 558 2166 latuerit
589 2128 704 2165 etiam
729 2127 797 2165 sub
829 2127 980 2179 figuris,
1018 2127 1218 2179 allegoriis
1255 2134 1296 2166 et
1325 2128 1433 2166 aeni-

101 2185 292 2236 gmatibus
316 2184 525 2223 revelanda
550 2183 790 2236 postmodum
820 2185 861 2223 in
886 2185 1061 2232 Christo,
1085 2186 1216 2237 posito
1241 2186 1279 2223 in
1304 2185 1433 2223 lumen

100 2242 296 2280 nationum
321 2255 341 2280 a
370 2249 549 2281 creatore
575 2243 823 2293 promittente
847 2255 918 2294 per
941 2242 1081 2282 Esaiae
1107 2255 1255 2288 vocem,
1282 2241 1432 2293 patefa—

102 2306 250 2338 cturum
276 2312 318 2338 se
345 2299 545 2338 thesauros
575 2299 786 2338 invisibiles
810 2306 850 2338 et
876 2301 1111 2347 occultos.⁵)
1173 2298 1271 2336 Nam
1298 2305 1338 2335 ut
1362 2297 1431 2336 ab-

101 2356 301 2395 sconderit
331 2356 474 2408 aliquid
505 2358 538 2395 is
569 2355 682 2403 deus,
721 2357 784 2408 qui
813 2357 908 2395 nibil
939 2358 1020 2409 egit
1046 2357 1226 2402 omnino,
1264 2356 1302 2393 in
1329 2354 1432 2406 quod

101 2413 245 2466 aliquid
270 2413 519 2453 abscondisse
545 2414 840 2461 existimaretur,
866 2415 959 2453 satis
983 2412 1227 2452 incredibile.
1287 2411 1373 2464 Ipse
1399 2413 1431 2450 si

197 2553 235 2591 1)
259 2554 278 2583 1
293 2554 371 2585 eor.
385 2556 417 2593 1,
433 2555 486 2584 25.
589 2551 628 2595 2)
652 2554 696 2584 ib.
710 2562 742 2584 v.
758 2553 811 2584 τι.
825 2553 881 2584 28.
981 2549 1021 2593 a)
1043 2552 1088 2582 ib.
1102 2560 1133 2583 v.
1150 2551 1296 2581 29-31.
1391 2550 1429 2588 4)
1475 2575 1478 2578 ⁴

105 2599 125 2628 1
140 2599 216 2629 cor.
230 2600 261 2641 2,
275 2601 308 2632 6.
402 2599 437 2640 5)
461 2602 523 2631 ies.
539 2601 595 2640 42,
611 2602 641 2630 e.
654 2601 710 2639 45,
727 2600 757 2629 3.
