1566 2808
154 219 251 257 lez
401 219 926 252 ADv.MAR010NEM
962 218 1224 250 menum.

276 315 340 354 10.
391 312 515 363 Igitur
546 325 621 349 non
654 310 839 350 admissus
871 310 918 349 ad
946 311 1181 349 consortium
1214 309 1474 361 exemplorum

158 371 367 416 creatoris,
401 377 442 408 ut
473 369 704 415 alienorum,
739 376 779 408 et
804 382 890 407 51135
916 369 1135 411 habentium
1163 379 1336 413 caussaS,
1362 367 1491 408 velim¹

158 428 249 466 edas
282 435 320 465 et
345 429 426 479 ipse
454 427 652 465 consilium
686 426 748 465 dei
775 427 955 478 tui,·qu0
983 426 1172 472 Christum
1206 437 1310 462 suum
1337 437 1413 462 non
1437 424 1477 462 111

156 486 319 524 veritate
352 486 480 523 carnis
512 484 702 531 exhibuit,
736 485 767 522 si
800 491 1025 535 aspernatus
1056 489 1115 521 est
1145 483 1247 520 illam
1280 488 1322 519 ut
1351 488 1477 520 terre-

157 556 241 581 nam
269 550 319 589 et,
347 550 389 580 ut
414 542 554 589 dicitis,
581 542 818 580 stereoribus
843 542 1037 587 infersam,
1066 553 1134 578 cur
1160 553 1235 593 non
1262 546 1301 577 ct
1326 539 1478 577 simula-

158 614 263 638 crum
290 601 372 638 eius
397 599 558 652 proinde
586 599 787 651 despexit?
823 592 973 636 Nullius
999 598 1104 636 enim·
1126 595 1394 648 dedignandae
1419 597 1479 634 rei

157 659 284 708 imago
311 657 505 708 dignanda
530 664 606 705 351,
640 658 812 708 sequitur
837 663 973 694 statum
1006 653 1226 693 similitudo.
1279 652 1358 692 Sed
1385 666 1480 705 quo—v

157 715 271 753 modo
304 717 404 753 inter
429 715 601 755 homines
628 721 941 761 conversaretur,
970 714 1042 751 nisi
1067 725 1138 764 per
1163 712 1366 762 imaginem
1392 711 1480 750 sub-

159 774 322 811 stantiae
348 773 562 811 humanae?
599 772 677 810 Cur
708 785 803 823 ergo
836 785 911 809 non
943 772 1071 822 potius
1103 782 1174 821 per
1197 770 1412 815 veritatem,
1438 775 1480 807 ut

159 843 249 868 vere
277 837 586 876 convelsaletur,
614 831 643 867 si
672 842 832 867 neccsse
852 827 1280 866 1131131111301113151117
1329 826 1478 874 Quanto

159 887 310 939 dignius
347 888 559 925 necessitas
598 886 728 933 fidem,
774 899 883 938 quam
922 885 1052 936 st10ph
1057 898 1114 922 1111
1155 883 1482 922 administrasset?

161 944 263 983 Satis
289 946 466 983 miserum
482 943 593 982 deum
619 946 796 990 instituis,
825 944 924 981 hoc
914 957 1010 994 ipso,
1039 941 1141 993 quod
1158 937 1348 979 Christum
1374 954 1480 979 suum

160 1017 236 1040 non
262 1004 387 1054 potuit
412 1002 610 1047 exhibere,
638 1002 709 1039 nisi
736 1003 773 1038 in
799 1000 979 1051 indignae
1006 1001 1067 1037 rei
1091 999 1240 1050 effigie,
1263 1006 1303 1037 et
1328 997 1480 1050 quidem

160 1061 323 1098 alienae.
379 1059 596 1110 Aliquantis
627 1060 725 1096 enim
753 1057 918 1109 indignis
947 1057 1153 1096 conveniet
1177 1057 1249 1102 uti,
1282 1057 1313 1094 si
1340 1054 1481 1094 nostris

160 1118 260 1155 sicut
284 1117 419 1154 alienis
445 1130 521 1153 non
548 1123 737 1167 congruet
761 1117 834 1162 uti,
869 1113 960 1154 licet
986 1114 1124 1166 dignis.
1160 1114 1254 1152 »Cur
1279 1115 1377 1151 enim
1404 1127 1481 1151 non

160 1176 197 1212 in
230 1174 356 1227 aliqua
387 1174 462 1211 alia
495 1173 671 1224 digniore
701 1174 912 1213 substantia
943 1174 1066 1218 veuit,
1100 1179 1139 1210 et
1169 1173 1206 1209 in
1231 1172 1369 1223 primis
1400 1184 1481 1219 sua,

162 1244 208 1269 ne
236 1238 276 1269 et
300 1230 457 1282 indigna
483 1238 523 1269 et
547 1231 672 1269 aliena
697 1230 897 1269 videretur
921 1231 1099 1280 eguisse?
1137 1229 1179 1267 Si
1206 1235 1482 1268 creatormeus

161 1302 232 1341 per
263 1289 395 1326 rubum
430 1302 579 1340 quoque
612 1296 651 1327 et
688 1290 833 1339 ignem,
878 1287 977 1326 idem
1010 1294 1144 1339 postea
1178 1299 1249 1338 per
1279 1286 1417 1325 nubem
1442 1292 1484 1324 et

162 1347 314 1397 globum
342 1339 425 1384 cum
453 1347 602 1385 homine
630 1359 861 1397 congressus
887 1353 957 1392 est,
986 1352 1026 1384 et
1050 1345 1326 1390 elementorum
1343 1345 1483 1397 corpu·

161 1403 267 1440 ribus
304 1404 341 1440 in
381 1405 802 1454 repraesentationibus
833 1405 890 1442 sui
924 1417 1011 1441 usus
1043 1409 1120 1440 est:
1160 1403 1252 1440 satis
1284 1402 1381 1440 11333
1415 1414 1483 1440 ex-

163 1461 287 1511 empla
313 1459 389 1497 divi
444 1473 464 1498 c
490 1462 692 1511 potestatis
719 1460 943 1506 ostendunt,
985 1459 1094 1498 deum
1123 1472 1213 1496 uon*
1237 1461 1391 1509 eguisse
1417 1466 1485 1513 aut

161 1518 280 1555 falsae
307 1525 372 1555 aut
438 1519 508 1555 iam
533 1531 650 1555 verae
679 1519 805 1555 carnis
832 1525 1024 1569 paratura.
1059 1517 1237 1555 Ceterum
1264 1517 1295 1556 si
1321 1516 1369 1555 ad
1397 1529 1483 1555 cer-

162 1583 237 1612 tum
254 1582 482 1626 spectamus,
509 1576 608 1612 nulla
626 1570 834 1613 substantia
856 1574 971 1625 digna
993 1581 1063 1620 est,
1092 1587 1201 1626 quam
1224 1573 1316 1612 deus
1336 1573 1484 1625 induat,

163 1631 424 1683 Quodcunque
451 1631 636 1679 induerit,
670 1632 770 1684 ipse‘
784 1632 938 1684 dignum
963 1633 1076 1678 facit,
1110 1631 1482 1683 absque-mendacio

160 1697 300 1727 tamen.
356 1689 406 1727 Et
437 1689 525 1728 ideo
559 1690 668 1741 quale
702 1697 779 1737 est,
813 1698 854 1728 ut
885 1688 1054 1728 dedecus
1080 1688 1309 1731 existimarit
1338 1690 1483 1727 verita-

160 1754 236 1784 tem
274 1748 418 1798 potius,
470 1760 578 1798 quam
622 1747 865 1786 mendacium
901 1748 1051 1785 carnis?
1096 1746 1242 1798 Atquin
1279 1747 1484 1785 honoravit

161 1805 262 1841 illam
289 1803 483 1854 fingendo.
536 1804 686 1852 Quanta
711 1806 784 1842 iam
812 1818 903 1843 caro
931 1812 1001 1862 est,
1030 1805 1137 1843 cuius
1163 1803 1388 1870 phantasma
1413 1817 1482 1843 ne-

161 1863 368 1899 cessarium
394 1862 466 1899 fuit
491 1860 564 1900 deo
592 1859 807 1914 superiori?
1428 1878 1430 1880 ’

279 1923 342 1958 11.
393 1919 510 1957 Totas
541 1921 634 1958 istas
665 1921 895 1972 praestigias
927 1920 1120 1971 putativae
1147 1921 1186 1957 in
1212 1919 1366 1958 Christo
1393 1932 1482 1958 cor-

159 1976 353 2026 pulentiae
369 1976 544 2014 Marcion
571 1978 637 2015 illa
662 1979 875 2016 intentiOne
902 1979 1083 2029 suscepit,
1111 1990 1158 2016 ne
1185 1990 1234 2016 ex
1259 1976 1480 2015 testimonio

159 2033 392 2070 substantiae
435 2034 621 2073 humanae
666 2036 843 2073 nativitas
881 2048 1031 2087 quoque
1070 2033 1478 2087 eiusdefenderetur,

159 2097 272 2141 atque
306 2091 360 2127 ita
392 2091 565 2129 Christus
592 2094 782 2131 creat01is
805 2092 1088 2139 vindicaretur,
1121 2100 1163 2130 ut
1188 2093 1249 2143 qui
1282 2091 1479 2130 nascibitis

158 2160 204 2184 ac
231 2160 300 2198 per
326 2148 398 2185 hoe
426 2157 588 2186 carneus
613 2149 915 2189 adnuntiaretur.
969 2149 1198 2188 Stultissime
1224 2155 1264 2187 et
1288 2149 1351 2188 hie
1378 2148 1480 2187 Pon—

158 2205 276 2251 ticus3
311 2206 416 2256 quasi
449 2219 524 2243 non
550 2206 701 2244 facilius
729 2207 958 2246 crederetur
983 2220 1074 2245 caro
1106 2207 1145 2244 in
1171 2206 1245 2247 deo
1271 2215 1348 2244 n'on
1375 2213 1476 2254 nata,

159 2273 270 2311 quam
297 2262 412 2309 falsa,
448 2264 778 2314 praestruentibus
802 2265 863 2302 vel
895 2265 1057 2302 maxime
1083 2263 1210 2318 fidem·
1222 2265 1333 2302 istam
1359 2274 1478 2315 ange-

157 2319 204 2357 lis
231 2321 421 2358 creatoris
458 2321 496 2357 in
530 2333 646 2359 carne
683 2334 777 2360 vera
809 2322 1065 2368 conversatis,
1105 2335 1178 2360 nec
1209 2328 1338 2360 tamen
1369 2328 1475 2360 nata.

156 2375 255 2414 Nam
287 2384 327 2415 et
357 2376 579 2416 Philumene
611 2378 676 2417 illa
714 2380 835 2430 magis
866 2380 1057 2430 persuasit
1091 2378 1221 2431 Apelli
1259 2379 1477 2430 ceterisque

158 2432 680 2482 desertoribusMarcioniS,
716 2450 764 2475 ex
795 2436 869 2475 fide
902 2436 1053 2488 quidem
1088 2436 1279 2475 Christum
1312 2436 1477 2477 circum-

157 2491 290 2529 tulisse
329 2505 502 2539 carnem,
541 2493 679 2532 nullius
718 2501 844 2533 tamen
883 2495 1111 2541 nativitatis,
1150 2500 1284 2545 utpote
1316 2491 1364 2531 de
1397 2493 1478 2532 ele-

156 2549 293 2586 mentis
319 2562 407 2595 eam,
429 2557 654 2594 mutuatum.
707 2551 851 2599 Quodsi
882 2552 1090 2590 verebatur
1123 2550 1319 2597 Marcion,
1353 2563 1401 2589 ne
1433 2550 1478 2589 fi-

156 2602 224 2641 des
257 2607 383 2645 carnis
414 2608 623 2646 nativitatis
657 2622 808 2661 quoque
842 2607 954 2647 fidem
987 2607 1207 2655 induceret,
1233 2606 1328 2647 'sine
1360 2606 1477 2647 dubio

1436 2753 1451 2764 ε
