1604 2800
185 165 286 203 220
623 160 748 193 ADV.
784 159 1078 193 PRAXEAN.

185 267 226 299 et
251 258 350 296 sium
377 261 417 293 et
442 254 605 293 esuriem
632 266 796 305 passum,
822 252 1023 306 (adversus
1048 251 1278 305 prophetam
1303 251 1516 293 dicentem:

186 315 280 356 deus
299 319 480 352 aeternus
500 325 576 351 non
596 312 702 351 sitiet
721 324 793 350 nec
814 312 960 351 esuriet
973 311 1009 358 1)
1038 311 1213 359 omnin03
1241 317 1382 364 quanto
1396 311 1519 363 magis

184 386 258 413 nec
290 372 494 418 morietur,
527 383 600 409 nec
632 369 963 423 sepelietur?)·et
993 369 1047 408 ita
1079 382 1192 407 unum
1223 367 1334 408 deum
1367 380 1520 421 semper

185 431 327 483 egisse,
354 428 393 468 id
419 435 478 467 est
503 435 664 481 patrem,
692 440 788 480 quae
814 440 886 480 per
911 427 1028 466 filium
1053 433 1165 478 gesta
1189 433 1288 466 sunt.

304 490 370 529 17.
431 486 598 525 Facilius
641 486 956 525 existimaverunt
997 492 1147 538 patrem
1184 485 1224 523 in
1262 483 1330 522 filii
1367 483 1520 522 nomine

187 547 328 598 egisse,
357 557 465 598 quam
489 543 605 583 filium
625 544 663 583 in
684 544 817 596 patris,
845 542 1000 582 dicente
1025 543 1109 595 ipso
1137 541 1311 582 domino:
1340 554 1415 594 ego
1433 541 1524 581 veni
1591 546 1598 551 “

186 605 224 643 in
256 604 376 655 patris
413 603 488 640 mei
526 603 750 652 nomine32)
792 602 884 640 item
921 599 970 640 ad
1007 602 1129 653 ipsum
1171 606 1340 653 patrem:
1384 610 1524 638 nomen

186 668 290 700 tuum
316 660 556 699 manifestavi
588 658 874 708 hominibus33)
913 657 1145 698 condicente
1171 658 1286 698 etiam
1312 657 1523 709 scriptura:

185 717 435 764 benedictus,
469 718 532 769 qui
563 718 669 756 venit
699 718 737 755 in
770 717 922 755 nomine
956 715 1174 766 domini‚⁴)
1206 716 1337 768 utique
1363 714 1462 753 filius
1486 714 1526 753 in

187 776 308 828 patris
333 775 500 813 nomine.
563 772 642 812 Sed
669 781 708 812 et
733 775 887 812 nomina
911 774 1105 826 patris:⁵)
1139 772 1234 813 deus
1266 771 1526 824 omnipotens,

189 833 406 878 altissimus,
435 830 609 868 dominus
627 831 821 877 virtutum,
849 843 919 868 rex
940 831 1108 878 Israelis,
1137 832 1200 882 qui
1221 837 1292 870 est.
1332 829 1528 878 Quatenus

189 891 242 928 ita
269 890 482 940 scripturae
510 886 666 934 docent,
698 887 795 925 haec
822 885 983 925 dicimus
1010 894 1049 926 et
1074 888 1112 925 in
1138 887 1253 925 filium
1281 886 1526 939 competisse,

190 954 230 986 et
254 947 293 984 in
318 946 378 984 his
404 946 520 983 filium
546 945 716 992 venisse,
751 950 790 982 et
820 945 858 982 in
889 944 948 983 his
974 954 1128 997 semper
1153 945 1301 997 egisse,
1334 950 1374 983 et
1398 944 1455 983 sic
1481 955 1529 983 ea

189 1005 228 1043 in
254 1016 295 1042 se
322 1002 537 1041 hominibus
563 1001 842 1040 manifestasse.
907 1000 1061 1047 Omnia,
1095 1002 1237 1052 inquit,
1271 1001 1411 1053 patris,
1443 1013 1530 1041 mea

190 1060 347 1113 sunt.⁶)
409 1059 488 1098 Cur
511 1072 588 1097 non
614 1065 654 1098 ct
679 1059 857 1096 nomina?
892 1057 986 1096 Cum
1018 1070 1114 1109 ergo
1146 1058 1245 1109 legis
1270 1055 1382 1097 deum
1408 1057 1530 1097 omni-

191 1124 402 1171 potentem,
424 1123 464 1156 et
483 1116 719 1164 altissimum,
741 1122 781 1155 et
801 1114 910 1154 deum
933 1116 1126 1164 virtutum,
1153 1122 1193 1154 et
1211 1127 1344 1167 regem
1359 1114 1529 1162 Israelis,

192 1183 232 1214 et
259 1176 320 1227 qui
347 1181 424 1213 est:
456 1173 559 1221 vide,
592 1186 639 1212 ne
665 1186 736 1226 per
760 1173 858 1212 haec
886 1173 983 1212 filius
1009 1174 1124 1213 etiam
1149 1172 1436 1213 demonstretur
1460 1185 1529 1213 suo

191 1234 275 1272 iure
302 1231 396 1271 deus
423 1233 684 1284 omnipotens,
718 1244 791 1284 qua
816 1244 942 1270 sermo
968 1229 1031 1271 dei
1057 1231 1350 1284 omnipotentis,
1382 1241 1531 1282 quaque

195 1291 360 1329 omnium
386 1290 541 1341 accepit
566 1296 810 1341 potestatem,
838 1289 1055 1336 altissimus,
1084 1302 1158 1341 qua
1183 1287 1348 1328 dextera
1372 1286 1436 1328 dei
1461 1299 1530 1326 ex-

195 1348 354 1395 altatus,
387 1348 488 1385 sicut
511 1346 649 1386 Petrus
681 1347 718 1385 in
744 1346 856 1386 Actis
889 1347 1162 1386 concionatur:
1200 1345 1377 1385 dominus
1410 1345 1532 1384 virtu-

195 1405 343 1451 tum,⁷)
379 1404 467 1455 quia
499 1404 625 1442 omnia
656 1404 831 1442 subiecta
860 1412 947 1443 sunt
977 1404 1032 1444 illi
1058 1417 1081 1443 a
1106 1411 1236 1457 patre,
1268 1416 1340 1443 rex
1364 1401 1533 1449 Israelis,

197 1462 285 1512 quia
321 1460 377 1497 illi
413 1461 569 1511 proprie
607 1459 754 1499 excidit
790 1474 874 1499 sors
912 1463 1038 1511 gentis
1075 1463 1203 1509 istius,
1242 1462 1332 1502 item
1364 1461 1428 1513 qui
1459 1466 1532 1507 est,

198 1517 375 1569 quoniam
402 1517 508 1554 multi
535 1516 602 1554 filii
627 1515 820 1563 dicuntur,
853 1524 894 1555 et
918 1531 995 1555 non
1020 1526 1120 1556 sunt.
1182 1518 1225 1557 Si
1249 1525 1378 1558 autem
1401 1517 1536 1557 volunt

198 1581 240 1612 et
266 1573 408 1611 Christi
439 1586 578 1612 nomen
614 1575 739 1625 patris,
773 1586 877 1620 esse,
916 1572 1075 1613 audiunt
1105 1585 1173 1612 suo
1206 1575 1312 1616 loco.
1378 1574 1535 1619 Interim

197 1631 261 1670 hic
287 1630 378 1668 mihi
410 1637 625 1681 promotum
657 1631 707 1668 sit
736 1643 960 1682 responsum
994 1630 1176 1670 adversus
1202 1629 1260 1678 id,
1293 1628 1395 1682 quod
1421 1636 1462 1669 et
1485 1628 1534 1669 de

197 1687 437 1740 Apocalypsi
464 1686 618 1725 Ioannis
644 1687 866 1739 proferunt:
899 1700 973 1739 ego
1007 1687 1182 1726 dominus
1208 1687 1272 1739 qui
1297 1693 1375 1734 est,
1407 1693 1449 1726 et
1471 1685 1541 1739 qui

197 1746 281 1793 fuit,
310 1752 350 1784 et
372 1745 490 1792 venit,
518 1745 779 1796 omnipotens3
795 1745 835 1795 8)
862 1752 901 1784 ct
925 1745 1049 1784 sicubi
1068 1745 1159 1784 alibi
1179 1743 1243 1784 dci
1262 1743 1538 1796 omnipotentis
1553 1767 1563 1778 ι

199 1802 498 1855 appellationem
530 1814 607 1840 non
638 1808 773 1854 putant
804 1802 918 1840 etiam
951 1802 1030 1841 filio
1064 1803 1293 1849 convenire,
1334 1801 1442 1854 quasi
1473 1801 1537 1853 qui

198 1867 380 1913 veruurus
407 1867 477 1906 est,
504 1872 581 1897 non
606 1860 656 1898 sit
681 1860 936 1911 omnipotens,
964 1873 1047 1899 cum
1075 1867 1114 1899 et
1139 1859 1238 1899 filius
1263 1858 1536 1911 omnipotentis

199 1926 276 1957 tam
302 1919 544 1970 omnipotens
570 1918 630 1964 sit,
658 1928 766 1969 quam
795 1915 888 1955 deus
915 1916 977 1956 dei
1005 1917 1114 1956 filius.

319 1979 384 2018 18.
424 1973 503 2013 Sed
528 1974 627 2013 hanc
654 1975 880 2013 societatem
908 1976 1098 2013 nominum
1119 1981 1368 2027 paternorum
1393 1974 1432 2013 in
1458 1972 1536 2011 filio

201 2046 249 2072 ne
275 2033 391 2072 facile
422 2032 678 2084 perspiciant,
716 2032 918 2084 perturbat
954 2033 1040 2071 illos
1071 2033 1281 2084 scriptura,
1320 2032 1352 2070 si
1385 2027 1536 2082 quando

201 2091 354 2129 unicum
381 2088 493 2129 deum
519 2090 670 2137 statuit,
704 2090 812 2142 quasi
843 2102 919 2128 non
952 2089 1086 2130 eadem
1113 2096 1153 2129 et
1177 2088 1272 2129 deos
1298 2094 1339 2127 et
1363 2086 1539 2127 dominos

203 2147 299 2186 duos
325 2147 583 2200 proposuerit,
616 2154 657 2185 ut
681 2160 797 2199 supra
823 2146 1070 2187 ostendimus.
1132 2146 1238 2198 Ergo
1265 2146 1351 2199 quia
1378 2143 1481 2184 duos
1499 2150 1540 2182 et

203 2218 329 2252 unum,
361 2205 548 2257 inquiunt,
581 2205 806 2252 invenimuS‚
838 2204 927 2244 ideo
954 2205 1067 2244 ambo
1091 2218 1186 2243 unus
1211 2211 1325 2256 atque
1351 2201 1467 2249 idem,
1499 2207 1540 2240 et

206 2262 303 2300 filius
329 2269 368 2301 et
393 2269 517 2314 pater.
579 2260 700 2301 Porro
728 2276 803 2300 non
829 2263 1072 2315 periclitatur
1102 2263 1311 2314 scriptura,
1344 2267 1384 2298 ut
1408 2259 1465 2299 illi
1490 2256 1538 2297 de

206 2325 269 2356 tua
301 2319 634 2370 argumentatione
673 2332 894 2368 succurras,
933 2333 981 2359 ne
1013 2320 1085 2359 sibi
1119 2319 1314 2359 contraria
1349 2315 1538 2357 videatur.

302 2464 339 2509 1)
354 2469 415 2498 [ea.
430 2469 485 2506 4⁰,
502 2470 555 2499 28.
652 2467 749 2506 2)10.
767 2471 798 2509 5,
814 2471 868 2501 43.
965 2470 1002 2509 3)
1019 2472 1065 2502 ιο.
1081 2471 1134 2511 1⁶1,
1148 2472 1179 2500 6.
1273 2466 1309 2508 4)
1321 2467 1375 2499 Pa.
1391 2465 1467 2505 128,
1484 2464 1538 2496 26.

212 2511 247 2549 5)
263 2512 318 2542 stc
333 2514 407 2544 cod.
422 2514 559 2544 tVouw.
574 2514 607 2544 et
618 2513 690 2554 Rig.
706 2515 838 2546 Ceteri:
864 2517 904 2547 et
924 2526 944 2547 n
955 2526 1072 2548 omen
1093 2515 1241 2555 patris.
1303 2511 1468 2553 6)1o.›16‚
1486 2511 1539 2542 1⁵.

213 2557 248 2595 τ)
263 2558 336 2588 Act.
351 2559 434 2597 App.
450 2560 480 2599 2,
497 2561 550 2589 22.
647 2560 683 2598 8)
700 2561 805 2600 Apoe.
822 2563 853 2602 1,
869 2562 900 2594 8.
