1604 2800
1306 97 1325 120 Ο

478 227 603 259 nov.
639 226 935 260 PRAXEAN.
1269 229 1375 268 ,οὔ

42 316 207 371 Moysen
237 317 408 358 locutum
439 331 589 366 eoram,
618 319 725 358 velut
754 320 786 359 si
818 320 900 372 quis
932 320 1109 372 loquatur
1139 319 1187 360 ad
1212 324 1376 363 amicum

42 389 164 423 suum,
188 388 267 414 uon
290 377 414 415 minus
438 390 549 429 quam
574 383 616 415 et
639 376 778 416 Iacob:
804 390 879 429 ego
903 376 995 425 vidi,
1021 379 1155 430 inquit,
1182 378 1376 420 dominum

41 433 145 472 faeie
176 431 226 472 ad
256 433 463 482 faeiem-¹)
529 433 637 486 Ergo
664 435 830 486 ‚visibilis
855 441 896 474 et
920 436 1118 475 invisibilis
1149 436 1264 476 idem.
1325 438 1379 477 Et

43 492 132 543 quia
156 489 258 531 idem
282 498 496 544 utrumque,
528 491 618 531 ideo
644 499 685 531 et
708 493 804 545 ipse,
838 505 910 545 qua
935 500 1059 545 pater,
1090 495 1303 543 invisibilis,
1336 504 1378 535 et

44 561 118 601 qua
129 549 170 598 ²)
195 548 313 596 filius,
343 550 523 596 visibilis,
555 551 664 602 quasi
688 563 766 588 uon
791 551 983 603 expositio
1008 553 1243 604 scripturae,
1277 567 1375 605 quae

42 605 258 653 manebis,
277 606 358 645 filio
379 614 584 659 competat,
604 614 715 659 patre
735 609 905 660 seposito
920 610 958 646 in
972 621 1039 647 sna
1052 610 1373 659 invisibilitate.³)

42 662 214 703 Dicimus
237 665 338 703 enim
363 671 405 703 et
429 665 546 703 filium
571 677 640 704 suo
665 667 817 704 nomine
844 672 1003 704 eatenus
1027 667 1269 715 invisibilem,
1302 681 1379 720 qua

41 733 170 760 sermo
201 727 243 760 et
271 723 428 776 spiritus
458 721 522 761 dei
552 735 603 761 ex
632 722 868 762 substantiae
901 722 1124 763 conditione
1155 725 1230 762 iam
1261 739 1376 772 nunc,

41 785 83 818 et
95 791 170 832 qua
182 777 279 819 deus
297 786 339 818 et
355 792 484 818 sermo
503 785 544 817 et
562 780 718 831 spiritus
737 777 814 826 dei,
827 782 866 827 ⁴)
891 780 1080 819 visibilem
1105 788 1233 820 autem
1257 782 1378 820 fuisse

40 842 133 875 ante
157 848 313 875 earnem
339 849 388 874 eo
413 835 541 882 modo,
574 849 649 887 quo
674 834 770 874 dicit
793 835 843 874 ad
866 835 1001 874 Aaron
1027 844 1068 875 et
1090 837 1271 876 Mariam:
1305 839 1380 877 etsi

39 894 162 932 fuerit
194 892 405 945 prophetes
435 894 475 931 in
504 892 633 939 vobis,
671 892 711 930 in
742 893 889 931 visione
921 906 1140 945 cognoscar
1163 895 1236 942 illi,
1275 902 1314 934 et
1339 897 1379 934 in

40 949 191 990 somnio
227 949 366 1002 loquar
395 950 471 996 illi,
509 963 586 988 non
619 949 811 1001 quomodo
836 950 983 1002 Moysi,
1022 964 1066 990 os
1097 951 1146 990 ad
1173 965 1216 990 os
1242 953 1380 1005 loquar

39 1007 99 1048 illi
121 1008 169 1047 in
185 1008 384 1060 speeie‚⁵)
416 1005 456 1045 id
481 1014 542 1046 est
566 1009 604 1045 in
627 1007 807 1053 veritate,
839 1014 880 1045 et
903 1020 980 1045 non
1006 1009 1044 1045 in
1069 1010 1306 1059 aenigmate,
1338 1008 1380 1048 id

40 1071 104 1104 est
124 1077 203 1102 uon
226 1064 266 1102 in
291 1065 478 1114 imagine;
517 1064 618 1102 sieut
641 1070 682 1101 et
705 1064 922 1115 apostolus:
960 1077 1060 1102 nunc
1090 1064 1262 1103 videmus
1293 1073 1380 1104 tan-

42 1134 154 1174 quam
177 1132 251 1174 per
273 1121 470 1173 speculum
496 1121 536 1158 in
560 1121 797 1171 aenigmate,
836 1127 927 1159 tune
958 1128 1084 1159 autem
1117 1123 1219 1160 facie
1244 1121 1293 1160 ad
1318 1123 1378 1161 fa-

42 1178 208 1227 ciem-⁶)
226 1205 230 1213 .
246 1178 371 1229 Igitur
390 1191 474 1216 cum
494 1176 622 1230 Moysi
648 1185 777 1216 servat
801 1185 1048 1230 conspectum
1069 1192 1175 1217 suum
1195 1186 1236 1217 et
1255 1180 1380 1218 collo-

42 1237 170 1288 quium
206 1235 309 1275 faeie
339 1234 389 1274 ad
418 1235 558 1274 faciem
590 1235 629 1272 in
659 1235 845 1282 futurum,
885 1240 993 1283 (nam
1030 1236 1105 1275 hoe
1142 1243 1277 1288 postea
1309 1235 1379 1275 ad-

41 1293 236 1346 impletum
260 1299 321 1332 est
343 1293 383 1331 in
408 1293 547 1331 montis
572 1305 747 1340 secessu,
779 1293 881 1331 sicut
909 1293 1070 1344 legimus
1094 1294 1134 1331 in
1160 1295 1378 1346 evangelio,

41 1352 162 1390 visum
182 1364 267 1389 cum
286 1350 354 1389 illo
366 1349 530 1402 Moysen
557 1348 873 1402 colloquentem,)
899 1357 1073 1402 apparet,
1099 1357 1207 1389 retro
1227 1363 1381 1403 semper

42 1409 81 1447 in
106 1408 267 1461 speculo
292 1415 334 1447 et
357 1409 576 1460 aenigmate
600 1412 641 1446 et
664 1408 813 1446 visione
838 1414 880 1445 et
904 1408 1052 1446 somnio
1086 1406 1217 1455 deum,
1249 1407 1288 1446 id
1320 1415 1382 1446 est

43 1465 162 1505 filium
186 1464 265 1512 dei,
289 1466 424 1513 visum,
447 1471 526 1503 tam
550 1463 750 1517 prophetis
774 1471 815 1503 et
837 1465 1082 1516 patriarchis,
1110 1478 1220 1517 quam
1246 1472 1287 1503 et
1304 1466 1382 1517 ipsi

42 1522 169 1563 adhue
191 1521 334 1575 Moysi.
400 1521 455 1560 Et
482 1522 565 1575 ipse
596 1520 748 1573 quidem
780 1520 955 1560 dominus
980 1522 1014 1559 si
1037 1522 1141 1560 forte
1173 1535 1304 1561 eoram
1330 1521 1381 1560 ad

41 1582 183 1620 facien
207 1579 451 1632 loquebatur,
480 1591 560 1618 non
582 1586 711 1618 tamen
734 1586 778 1617 nt
802 1586 880 1626 est,
911 1579 1026 1617 homo
1051 1579 1191 1617 faciem
1217 1581 1300 1617 eius
1322 1580 1382 1617 vi-

43 1637 170 1686 deret,
200 1638 240 1676 ni
264 1638 367 1676 forte
392 1637 432 1675 iu
457 1635 616 1688 speculo
642 1643 684 1674 et
708 1638 747 1674 in
771 1637 1003 1686 aenigmate.
1065 1634 1239 1686 Denique
1265 1636 1297 1673 si
1322 1636 1380 1673 sic

0 1691 3 1693 ’
42 1695 175 1747 Moysi
199 1695 352 1734 loeutus
376 1701 438 1731 est
460 1694 648 1738 domiuus,
674 1700 717 1730 ut
741 1699 781 1730 et
804 1691 962 1742 Moyses
985 1692 1126 1729 faeiem
1151 1693 1234 1730 eius
1260 1692 1380 1729 comi-

43 1764 114 1791 nus
137 1752 277 1797 sciret,
309 1749 502 1802 quomodo
534 1749 661 1787 statim
692 1755 807 1799 atque
838 1747 981 1786 ibidem
1011 1746 1207 1787 desiderat
1238 1749 1379 1786 faciem

43 1810 127 1849 eius
162 1806 316 1854 videre,
354 1819 464 1858 quam
490 1806 523 1843 si
546 1803 715 1850 videret,
753 1817 830 1842 non
863 1803 1129 1843 desideraret?
1177 1804 1379 1852 Quomodo

44 1877 167 1919 aeque
197 1871 240 1903 et
268 1862 443 1903 dominus
478 1868 597 1913 negat
630 1860 756 1899 videri
786 1862 924 1900 faeiem
956 1874 1060 1900 suam
1093 1875 1227 1914 posse,
1266 1875 1380 1914 quam

45 1921 297 1963 ostenderat?
333 1918 376 1958 Si
400 1927 528 1958 tamen
561 1917 803 1966 ostenderat,
835 1926 902 1957 aut
932 1931 1031 1971 quae
1064 1926 1123 1957 est
1154 1920 1275 1958 facies
1300 1918 1378 1965 dei,

46 1981 154 2020 cuius
169 1985 401 2031 conspectus
421 1983 596 2028 negatur,
621 1977 654 2014 si
673 1982 771 2023 erat,
798 1989 895 2028 quae
908 1977 990 2014 visa
1003 1978 1087 2015 est?
1127 1975 1231 2023 Vidi,
1257 1977 1382 2029 inquit

44 2037 176 2084 Iacob,
202 2035 314 2075 deum
333 2035 435 2073 facie
455 2032 503 2072 ad
524 2034 677 2080 faciem,
702 2040 744 2072 et
761 2034 866 2072 salva
885 2034 991 2072 facta
1009 2040 1069 2072 est
1087 2034 1213 2072 anima
1231 2035 1377 2081 meast)

43 2094 137 2134 Alia
153 2093 273 2133 debet
291 2105 377 2132 esse
402 2092 537 2137 facies,
564 2103 675 2142 quae,
701 2092 734 2129 si
756 2089 946 2138 videatur,
974 2090 1131 2130 occidit.
1169 2090 1249 2130 Aut
1272 2105 1380 2129 nnm-

46 2150 136 2206 qnid
165 2150 266 2190 filius
297 2148 450 2202 quidem
479 2147 708 2187 videbatur?
742 2155 783 2186 et
806 2149 863 2187 sie
888 2146 1032 2195 facies,
1062 2147 1132 2187 sed
1156 2149 1277 2200 ipsum
1303 2148 1379 2186 hoe

44 2211 85 2248 in
108 2209 257 2248 visione
281 2214 323 2245 et
345 2219 479 2244 somno
506 2212 546 2244 et
569 2205 727 2257 speculo
753 2212 793 2243 et
817 2206 1047 2256 aenigmate,
1075 2206 1162 2257 quia
1187 2206 1313 2243 sermo
1339 2210 1381 2241 et

46 2267 202 2319 spiritus
231 2264 305 2303 nisi
334 2264 561 2314 imaginaria
597 2263 720 2300 forma
748 2261 872 2300 videri
904 2260 980 2301 non
1011 2269 1153 2314 potest.
1224 2260 1378 2298 Faciem

46 2330 174 2363 autem
210 2334 317 2361 suam
353 2319 450 2359 dicit
484 2318 713 2358 invisibilem
749 2325 911 2371 patrem.
984 2319 1076 2367 Quis
1112 2318 1212 2356 enim
1242 2319 1380 2370 pater?

141 2485 180 2525 1)
198 2484 283 2516 Gen.
303 2484 359 2521 ³2,
380 2482 434 2513 3⁰.
530 2479 564 2518 2)
582 2481 639 2513 Sic
659 2481 734 2512 eod.
755 2481 893 2512 Wouw.
912 2481 948 2510 et
966 2479 1039 2518 mg.
1059 2478 1191 2510 Ceteri:
1216 2477 1311 2508 ideo
1337 2478 1379 2507 et

47 2531 141 2570 ipae
163 2533 289 2570 pater
310 2527 570 2566 invisibilis,
596 2527 695 2565 quin
721 2528 762 2557 et
787 2526 914 2556 filiun
939 2524 1141 2556 visibilis.
1213 2525 1250 2563 3)
1271 2522 1378 2555 Rbeu.

47 2576 323 2608 visibilitate,
393 2575 431 2611 4)
446 2572 532 2610 Gel.,
547 2573 599 2603 ed.
612 2573 725 2612 Fran„
740 2572 814 2611 mg.
828 2571 1019 2601 omiserunt
1033 2579 1063 2601 v.
1076 2570 1156 2603 dei.
1226 2570 1262 2607 5)
1276 2570 1377 2600 Num.

50 2622 106 2661 12,
121 2623 143 2653 6
156 2631 230 2661 sqq.
324 2618 364 2663 6)
382 2621 399 2649 1
410 2620 486 2650 Cor.
501 2620 555 2659 13,
572 2620 625 2649 12.
719 2619 756 2657 ΊΙ·
772 2618 855 2649 Gen.
871 2618 925 2656 32,
941 2617 997 2647 ³⁰.
