1604 2800
455 181 1123 216 Anx·.vA1.EN·riNiANos.
1299 171 1305 173 ’
1379 183 1449 221 45

120 275 283 315 maxime
308 273 411 323 Nus;
438 275 593 328 quidni?
618 289 752 315 caussa
778 276 866 314 mali
894 278 1015 314 tanti?
1062 276 1199 315 Nullus
1225 284 1349 316 tamen
1377 277 1451 316 So-

119 332 234 385 phiae
261 334 386 372 exitus
410 335 557 381 vacuit3
586 347 717 373 omnes
742 347 948 373 aerumnae
975 335 1058 373 eius
1079 341 1306 387 operantur;
1334 336 1451 388 siqui-

119 390 207 430 dem
232 397 273 429 et
303 391 368 429 illa
402 398 490 430 tunc
524 393 761 430 conflictatio
793 393 832 430 in
869 393 1055 431 materiae
1093 393 1280 444 originem
1313 406 1452 445 perve-

119 449 194 495 nit3
233 449 472 500 ignorantia,
504 462 643 501 pavor,
676 462 834 488 moeror
863 450 1101 489 substantiae
1127 450 1234 489 liunt.
1299 450 1356 489 lbi
1383 450 1451 491 de-

120 520 219 545 mum
247 513 359 558 pater
382 506 589 559 aliquando
615 514 759 553 motus,
798 520 909 558 quem
947 520 1061 559 snpra
1094 506 1277 555 diximus,
1318 508 1452 548 Horon

118 576 191 616 per
213 577 458 616 monogeneu
483 563 571 603 Nun
591 565 631 615 ¹)
655 566 692 603 in
726 565 824 603 hacc
851 566 991 617 promit
1022 566 1058 603 in
1091 566 1257 616 imagine
1290 579 1356 605 sua
1393 567 1452 606 fe-

118 622 220 660 mina
258 634 419 669 marem,
458 623 547 674 qnia
578 621 626 660 de
658 623 778 674 patris
810 636 905 661 sexu
938 623 992 661 ita
1027 624 1190 661 variant.
1251 623 1452 663 Adiiciuut

118 685 246 718 autem
273 679 407 718 Horon
432 681 547 718 etiam
573 679 822 731 Metagogea‚
850 679 888 718 id
915 687 974 718 est
994 679 1356 727 circumductorem,
1382 695 1452 720 vo-

119 737 202 776 cari
227 743 268 775 et
291 735 549 783 Horothcten,
614 737 730 775 Huius
757 736 984 788 praedicant
1010 751 1142 788 opera,
1170 745 1208 776 et
1233 751 1451 789 repressam

117 794 165 833 ab
204 793 349 835 illicitis
387 801 427 832 et
463 801 662 845 purgatam
688 807 710 832 a
741 795 850 832 malis
888 801 927 832 et
964 793 1149 846 deinceps
1187 795 1469 835 confirmatam-

118 850 302 903 Sophiam
330 858 371 890 et
396 852 579 901 coniugio
605 852 834 898 restitutam,
861 858 901 890 et
926 853 1045 903 ipsam
1072 851 1225 904 quidem
1252 854 1290 891 in
1317 852 1452 892 Plero-

117 909 229 947 matis
256 921 374 947 censu
399 909 647 956 remansisse3
686 908 938 961 Enthymesin
964 922 1056 948 vcro
1084 911 1165 948 eins
1191 917 1231 949 et
1256 911 1358 949 illam
1384 925 1452 963 ap-

117 965 326 1019 pendicem
351 966 574 1005 Passionem
611 966 657 1004 ab
692 966 798 1005 Horo
830 967 1041 1017 relegatam
1075 974 1114 1005 et
1152 968 1373 1006 crucifixam
1413 977 1452 1007 ct

118 1031 230 1063 extra
255 1037 341 1064 eum
358 1025 396 1072 2)
425 1025 586 1071 factam,
613 1025 798 1079 (malum,
828 1023 931 1075 quod
956 1025 1080 1070 aiunt,
1114 1025 1264 1075 forasl)
1297 1027 1451 1077 spirita-

118 1082 191 1122 lem
213 1089 349 1130 ,tamen
372 1082 621 1121 substantiam
647 1082 768 1128 illam,
807 1088 848 1119 ut
880 1082 1092 1120 naturalem
1118 1081 1306 1133 quendam
1332 1084 1452 1135 impe-

118 1146 196 1183 tum
221 1139 389 1186 Aeonis,
427 1138 496 1177 sed
521 1139 724 1177 informem
751 1145 790 1177 et
815 1139 1088 1189 inspectatam,
1108 1139 1147 1186 ³)
1182 1147 1368 1191 quatenus
1394 1142 1452 1178 ni·-

119 1196 172 1235 hil
198 1195 535 1247 apprehendisset,
575 1195 740 1247 ideoque
773 1196 937 1235 fructum
964 1196 1168 1243 infirmum,
1208 1204 1247 1235 et
1273 1198 1450 1237 feminam

119 1254 419 1306 pronuntiatam.

240 1317 308 1353 11.
361 1311 483 1363 lgitur
508 1319 594 1363 post
618 1311 870 1363 Enthymesin
897 1318 1091 1351 extorrem
1119 1319 1159 1351 et
1184 1320 1342 1351 matrem
1369 1315 1451 1352 eius

122 1368 304 1420 Sophiam
333 1370 489 1420 coniugi
512 1369 696 1408 reducem
723 1370 786 1407 ille
814 1370 950 1408 iterum
965 1369 1220 1420 Monogenes,
1248 1371 1312 1409 ille
1329 1370 1449 1417 Nous,

120 1428 267 1471 otiosus
294 1427 406 1478 plane
432 1426 480 1465 (le
507 1428 626 1478 patris
652 1440 743 1465 cura
769 1433 883 1478 atque
911 1434 1131 1478 prospectu,
1158 1427 1370 1466 solidandis
1390 1442 1452 1467 re-

65 1526 74 1529 »
119 1485 190 1524 bus
221 1491 262 1523 et
291 1483 498 1523 Pleromati
532 1484 735 1523 muniendo
770 1485 918 1535 iamque
952 1483 1126 1536 figendo,
1165 1498 1212 1524 ne
1246 1499 1319 1537 qua
1351 1487 1453 1524 eius-

121 1540 233 1580 modi
256 1555 387 1580 rursus
419 1543 625 1581 concussio
660 1543 871 1587 incuteret,
891 1543 927 1591 4)
955 1556 1089 1580 novam
1123 1542 1296 1581 excludit
1334 1557 1452 1595 copu-

120 1600 322 1646 lationem,
373 1599 564 1638 Christum
610 1607 650 1639 et
693 1599 875 1651 Spiritum
900 1599 1118 1638 sanctum.
1179 1594 1451 1652 Turpissimum

119 1670 190 1709 par
202 1659 238 1706 ⁵)
253 1653 412 1696 duorum
440 1658 713 1703 masculorum3
740 1664 806 1694 aut
831 1657 970 1695 femina
997 1658 1072 1695 erit
1093 1656 1257 1708 Spiritus
1273 1657 1451 1705 Sanctus,

120 1721 161 1754 et
183 1715 408 1754 vulneratur
438 1728 460 1752 a
494 1715 633 1752 femina
664 1714 866 1752 masculus.
927 1713 1078 1751 Numen
1106 1713 1162 1751 his
1189 1714 1301 1752 datur
1325 1729 1451 1761 unum,

121 1784 334 1823 procurare
362 1772 696 1808 concinnationem
724 1769 914 1807 Aconum.
974 1770 1024 1807 Et
1056 1771 1103 1808 ab
1136 1772 1218 1809 eius
1250 1771 1363 1810 officii
1389 1786 1453 1810 so-

123 1829 266 1866 cietate
293 1826 391 1866 duae
417 1827 575 1865 scholae
603 1828 794 1878 protinuS,
827 1826 925 1865 duae
952 1827 1175 1874 cathedrae,
1208 1830 1451 1881 inauguratio

123 1884 310 1937 quaedam
337 1883 566 1924 dividendae
594 1883 795 1922 doctrinae
824 1884 1031 1923 Valentini.
1094 1885 1236 1924 Christi
1265 1895 1367 1933 erat,
1395 1888 1452 1926 in-

123 1942 267 1982 ducere
304 1942 462 1982 Aconas
499 1949 672 1980 naturam
710 1943 990 1993 coniugiorum,
1030 1941 1178 1991 (vides,
1223 1957 1333 1995 quam
1372 1958 1452 1984 rem

123 2002 277 2053 plane,)
296 1997 334 2047 ⁶)
362 2007 403 2039 et
427 2001 546 2038 innati
573 2000 916 2046 coniectationem,
950 2007 991 2038 et
1015 1999 1177 2040 idoneos
1203 2001 1357 2042 efficere
1374 2016 1453 2054 ,gc-

124 2057 286 2098 nerandi
309 2059 348 2096 in
374 2071 415 2098 se
441 2058 676 2109 agnitionem
702 2058 840 2109 patriS‚
879 2057 980 2109 quod
1012 2071 1153 2110 capere
1185 2066 1270 2098 eum
1302 2074 1377 2099 non
1403 2062 1454 2099 sit

125 2129 250 2167 neque
277 2114 630 2168 comprehendere,
663 2128 738 2153 non
762 2116 845 2153 visu
870 2114 1053 2168 denique,
1087 2130 1164 2155 non
1189 2116 1320 2156 auditu
1347 2131 1452 2156 eom-

125 2173 242 2225 potiri
268 2174 364 2220 eius,
391 2174 462 2212 nisi
489 2186 558 2225 per
581 2172 843 2223 Monogenen.
905 2172 954 2211 Et
979 2181 1105 2213 tamen
1131 2174 1321 2221 tolerabo,
1351 2174 1450 2227 quod

124 2233 177 2272 ita
204 2229 356 2269 discunt
381 2238 528 2282 patrem
556 2243 687 2276 nosse,
721 2243 768 2269 ne
794 2238 963 2269 nossent.
1026 2231 1131 2270 lllam
1160 2233 1280 2283 magis
1306 2231 1452 2270 doctri-

219 2358 255 2397 1)
283 2359 318 2388 ln
332 2358 384 2388 ed.
397 2357 499 2389 Fran.
514 2360 548 2388 et
562 2357 856 2397 mgni-unwanni:
871 2362 950 2388 nunt
965 2368 1016 2389 vv.
1032 2363 1183 2396 motus,
1211 2368 1283 2397 per
1307 2368 1452 2390 mono·-

125 2405 388 2444 gonenNuu,
415 2413 534 2441 quem
562 2404 912 2442 supradiximus,
941 2405 1082 2436 Horon
1108 2406 1148 2435 in
1170 2404 1274 2436 haec
1297 2405 1452 2444 promit

127 2454 194 2482 etc.
289 2449 328 2491 2)
356 2450 412 2481 Sic
429 2450 560 2481 emend.
577 2450 650 2491 mg.
671 2459 713 2480 ex
733 2451 818 2479 lren.
835 2451 857 2481 Ι.
875 2450 896 2481 l.
911 2451 940 2487 ξ.
955 2453 986 2481 4.
1000 2450 1058 2481 καὶ
1076 2448 1168 2486 ἐκτὸς
1187 2448 1297 2482 αὐτοῦ
1311 2449 1451 2491 γενομέ-

126 2485 204 2537 ὖην.
254 2496 382 2527 Ceteri:
408 2505 566 2526 aevum.
686 2494 724 2537 3)
751 2495 855 2525 Rhen.
881 2500 916 2526 et
942 2496 1014 2535 mg.
1040 2506 1128 2527 corr.
1155 2497 1451 2536 inspeciatam.

127 2543 215 2572 lreu.
239 2538 406 2574 ἀνείδεον.
514 2542 552 2581 4)
578 2542 686 2574 Rhen.
708 2541 797 2573 coni.
823 2542 1080 2573 incurreret.
1189 2540 1224 2583 5)
1251 2545 1303 2575 tt·
1321 2544 1451 2575 emend.

128 2588 220 2628 Rig.;
246 2591 369 2619 ceteri:
399 2591 548 2627 putem.
645 2587 682 2630 6)
712 2588 815 2618 Rhen.
831 2597 917 2618 rorr.
939 2597 1000 2625 qu.
1021 2597 1103 2619 rem
1127 2589 1243 2628 piam.
