1604 2800
150 180 254 217 830
658 177 731 208 DE
766 175 965 210 ΑΝιΜΑ.

149 273 336 311 hominem
358 282 424 308 seu
444 269 591 307 moneri
612 281 679 307 seu
699 271 839 309 terreri
860 282 882 308 a
902 268 990 315 deo,
1016 268 1121 307 velut
1144 267 1294 320 fulgure
1319 269 1469 323 rapido,

150 334 438 368 momentaneae
470 327 602 364 mortis
632 327 731 374 ictu3
769 328 801 365 si
833 340 908 365 non
940 326 1060 377 magis
1085 327 1121 364 in
1149 327 1322 378 proximo
1354 335 1470 376 esset,

149 386 332 424 somnium
369 382 496 431 credi,
535 382 637 435 quod
667 384 839 435 vigilanti
870 385 997 436 potius
1021 382 1202 423 accidere
1229 382 1409 432 deberet,
1440 386 1474 424 si

148 456 223 481 non
249 443 432 480 somnium
458 441 578 492 magis
605 440 712 479 credi
745 447 954 493 oporteret.

263 501 386 549 45.¹)
445 499 636 537 Tenemur
671 498 733 537 hic
766 497 814 538 de
844 499 1000 537 somniis
1037 511 1186 550 quoque
1219 497 1475 538 Christianam

150 558 374 595 sententiam
401 569 648 607 expromere,
685 563 727 594 ut
752 554 799 595 de
825 556 1089 595 accidentibus
1121 556 1261 603 somni,
1299 554 1367 594 sed
1400 569 1475 594 non

148 613 309 652 modicis
334 613 604 652 iactationibus
630 614 791 660 animae,
824 627 933 665 quam
959 613 1146 652 ediximus
1171 614 1411 664 negotiosam
1436 618 1477 652 et

149 672 358 709 exercitam
392 683 545 722 semper
575 683 624 709 ex
649 671 906 722 perpetuitate
939 671 1175 718 motationis,
1208 669 1309 722 quod
1340 668 1478 709 divini-

148 729 238 766 tatis
264 735 303 766 et
326 728 620 766 immortalitatis
645 735 704 766 est
729 729 842 766 ratio.
914 727 1034 779 Igitur
1059 741 1142 766 cum
1169 728 1276 779 quies
1302 727 1478 779 corpori·

149 784 218 822 bus
245 786 384 831 evenit,
413 797 568 836 quorum
596 785 772 822 solatium
797 785 990 836 proprium
1012 792 1083 831 est,
1108 797 1251 823 vacans
1275 784 1341 823 illa
1359 780 1387 823 'a
1413 796 1478 823 so-

152 841 243 879 latio
269 841 409 886 alieno,
436 854 512 878 non
538 842 712 891 quiescit,
739 848 779 878 et
797 842 828 878 si
849 848 957 879 caret
977 854 1094 893 opera
1116 842 1369 880 membrorum
1391 853 1480 880 eor·-

150 897 356 949 poralium,
389 898 465 934 suis
497 898 626 934 utitur.
695 895 866 948 Concipe
892 896 1143 947 gladiatorem
1171 899 1252 936 sine
1278 898 1395 936 armis
1415 897 1479 936 vel

152 954 322 1004 aurigam
348 955 429 991 sine
457 954 676 999 curriculis,
709 954 983 1004 gesticulantes
1016 966 1163 992 omnem
1191 954 1359 992 habitum
1384 955 1479 992 artis

152 1023 242 1049 suae
269 1017 382 1062 atque
409 1018 598 1056 conatum,
630 1017 833 1061 pugnatur,
866 1017 1048 1057 certatur,
1080 1010 1148 1048 sed
1172 1023 1294 1049 vacua
1318 1011 1479 1048 iactatio

152 1074 223 1113 est,
249 1067 492 1106 nihilominus
517 1074 643 1105 tamen
671 1067 753 1104 fieri
778 1066 1103 1118 videntur,·quae
1136 1067 1220 1105 fieri
1250 1074 1381 1106 tamenr
1403 1079 1479 1105 non

150 1123 346 1171 videntur3
380 1131 467 1162 actu
495 1124 592 1161 enim
620 1123 724 1170 fiunt,
752 1123 894 1162 effectu
918 1137 1011 1162 vero
1039 1137 1114 1162 non
1141 1124 1245 1162 fiunt.
1285 1123 1392 1163 Hanc
1404 1124 1480 1162 vim

152 1181 319 1219 ecstasin
345 1180 523 1227 dicimus,
557 1193 756 1219 excessum
790 1193 924 1219 sensus
949 1188 989 1220 et
1013 1182 1202 1220 amentiae
1228 1182 1362 1219 instar.
1413 1179 1480 1219 Sic

152 1244 192 1277 et
212 1239 247 1275 in
270 1236 479 1289 primordio
500 1250 652 1275 somnus
679 1250 763 1275 cum
790 1239 929 1276 ecstasi
957 1237 1175 1277 dedicatus:
1202 1245 1243 1277 et
1266 1239 1367 1276 misit
1387 1236 1481 1276 deus

153 1296 320 1333 ecstasin
346 1296 384 1332 in
409 1293 552 1341 Adam,
586 1302 627 1332 et
652 1294 947 1342 obdormivit.2)
1010 1293 1173 1333 Somnus
1199 1296 1301 1334 enim
1325 1295 1483 1347 corpori

153 1352 331 1403 provenit
356 1353 393 1388 in
421 1353 599 1402 quietem,
627 1354 787 1389 ecstasis
812 1352 960 1390 animae
986 1353 1153 1390 accessit
1173 1351 1357 1390 adversus
1375 1352 1483 1403 quie-

153 1415 250 1454 tem,
282 1415 322 1445 et
352 1406 440 1445 inde
472 1409 545 1445 iam
578 1407 700 1446 forma
731 1421 900 1446 somnum
928 1410 1069 1447 ecstasi
1094 1410 1258 1448 miscens
1284 1415 1324 1447 et
1347 1415 1484 1447 natura

156 1463 204 1501 de
229 1464 364 1501 forma.
425 1463 599 1513 Denique
630 1471 669 1501 et
699 1464 938 1503 oblectamur
962 1473 1002 1504 et
1027 1467 1299 1504 contristamur
1324 1472 1365 1504 et
1390 1477 1486 1504 con-

155 1528 346 1558 terremur
376 1520 415 1556 in
447 1520 620 1565 somniis,
654 1533 762 1570 quam
794 1521 934 1559 affecte
967 1528 1006 1559 et
1036 1524 1148 1561 anxie
1175 1530 1215 1561 et
1238 1522 1484 1574 passibiliter,

158 1589 241 1616 cum
268 1577 306 1613 in
331 1576 434 1614 nullo
460 1588 772 1627 permoveremur
796 1589 820 1614 a
841 1577 973 1615 vacuis
998 1578 1150 1616 scilicet
1173 1579 1419 1628 imaginibus,
1452 1579 1485 1617 si

158 1640 357 1684 compotes
393 1634 679 1671 somniaremus.
752 1632 926 1684 Denique
963 1640 1004 1672 et
1038 1633 1140 1672 bona
1175 1635 1280 1673 facta
1316 1635 1485 1686 gratuita

157 1697 244 1728 sunt
268 1691 305 1728 in
330 1691 471 1728 somnis
497 1696 536 1727 et
561 1688 703 1727 delicta
727 1702 884 1737 secura3
917 1703 992 1728 non
1018 1691 1138 1741 magis
1163 1692 1262 1729 enim
1289 1691 1338 1733 ob
1364 1692 1485 1744 stupri

156 1747 339 1785 visionem
373 1745 650 1792 damnabimur,
684 1759 794 1797 quam
820 1746 868 1785 ob
894 1748 1068 1799 martyrii
1093 1747 1375 1786 coronabimur.
1435 1747 1488 1786 Et

159 1802 362 1855 quomodo,
389 1804 526 1854 inquis,
552 1816 698 1841 memor
717 1810 776 1843 est
795 1804 1027 1842 somniorum
1046 1805 1182 1851 anima,
1204 1804 1355 1843 scilicet
1375 1816 1485 1857 quam

160 1868 373 1912 compotem
412 1873 496 1898 esse
528 1873 603 1898 non
635 1861 752 1899 licet?
812 1860 894 1900 Hoc
932 1862 1007 1899 erit
1041 1862 1258 1913 proprietas
1295 1861 1485 1901 amentiae

158 1917 280 1963 huius,
318 1918 404 1969 quia
430 1931 506 1955 non
532 1917 573 1955 fit
598 1930 647 1956 ex
672 1918 893 1969 corruptela
919 1918 1043 1957 bonae
1067 1917 1310 1965 valetudinis,
1342 1916 1411 1957 sed
1436 1930 1487 1957 ex

159 1975 309 2012 ratione
335 1981 513 2021 naturae3
546 1987 618 2013 nec
644 1975 744 2013 enim
769 1976 1015 2022 exterminat,
1049 1974 1117 2014 sed
1141 1982 1280 2014 avocat
1305 1981 1483 2014 mentem.

159 2029 275 2068 Aliud
306 2037 365 2068 est
396 2038 624 2078 concutere,
662 2031 764 2071 aliud
801 2045 976 2078 movere,
1000 2031 1117 2075 ,aliud
1148 2039 1345 2078 evertere,
1382 2030 1486 2073 alind

161 2087 324 2137 agitare.
386 2086 506 2136 Igitur
531 2087 631 2139 quod
656 2089 840 2128 memoria
863 2089 1049 2140 suppetit,
1081 2089 1223 2127 sanitas
1248 2088 1386 2127 mentis
1410 2094 1482 2134 est,

162 2141 263 2194 quod
288 2143 429 2181 sanitas
454 2145 602 2191 mentis,
634 2146 738 2184 salva
763 2147 947 2184 memoria
971 2152 1115 2197 stupet,
1148 2145 1338 2184 amentiae
1364 2156 1485 2199 genus

163 2206 234 2238 est.
295 2199 388 2238 ldeo
414 2213 489 2239 non
515 2199 676 2240 dicimur
699 2203 848 2250 furere,
880 2201 960 2241 sed¹
973 2203 1182 2250 somniare,
1214 2201 1304 2241 ideo
1329 2208 1370 2241 et
1393 2213 1487 2253 pru-

164 2255 311 2303 dentes,
338 2257 369 2294 si
395 2256 545 2308 quando
571 2271 714 2307 sumus3
747 2272 884 2312 sapere
910 2261 1010 2298 enim
1034 2266 1205 2298 nostrum
1235 2259 1328 2298 licet
1351 2257 1485 2297 obum-

162 2313 312 2360 bretur,
350 2327 426 2352 non
457 2321 583 2354 tamen
614 2318 886 2368 exstinguitur,
923 2317 996 2355 nisi
1020 2315 1121 2369 quod
1146 2323 1187 2357 et
1210 2317 1330 2369 ipsum
1354 2321 1485 2368 potest

255 2460 288 2500 1)
308 2463 387 2501 Cap.
407 2465 564 2495 45—49.
590 2464 624 2495 in
645 2464 750 2497 Rhen.
772 2468 805 2497 et
825 2467 899 2497 Gel.
925 2466 1000 2497 edd.
1021 2465 1188 2504 inscripta
1207 2468 1304 2496 nunt:
1330 2465 1387 2497 De
1412 2473 1481 2494 ιο-

162 2507 545 2591 ἷὲη)ῃέὶε,ὶᾳᾘ)ιηοᾶο
577 2519 623 2541 ea
648 2512 841 2550 patiatur
872 2512 1027 2553 anima,
1057 2513 1100 2542 et
1131 2511 1237 2542 unde
1269 2510 1479 2542 eveniant.

146 2577 148 2579 ,
248 2561 298 2582 en.
321 2555 350 2594 ',
372 2556 380 2565 ”
415 2576 424 2585 .
