1604 2800
495 132 1083 165 nownssnmocssxssm.
1387 131 1459 167 a·

125 225 236 276 Quod
261 234 303 266 ot
329 227 436 266 carni
461 233 617 264 nostrae
643 226 869 277 pollicetur,
909 226 1015 264 cuins
1045 226 1198 263 virtutis
1222 232 1263 264 et
1285 231 1460 277 potcsta-

127 287 178 324 tis
201 298 295 324 snae
320 284 421 324 hune
447 285 520 323 iam
548 283 776 322 arrabonem
802 284 926 321 voluit
951 284 988 321 in
1015 283 1127 321 nobis
1152 283 1388 329 collocasse,
1420 291 1460 322 ut

125 342 329 383 credamus
353 343 467 381 etiam
499 342 602 380 illum
635 342 924 379 universitatem
956 354 1006 379 ex
1043 341 1162 379 nihilo
1198 341 1304 379 velut
1334 353 1461 379 emor-

125 405 242 448 tuam,
269 413 367 453 qnae
392 400 546 439 scilicet
571 413 645 438 non
673 406 768 445 erat,
797 401 834 437 in
861 399 949 445 hoc,
976 406 1017 436 ut
1037 406 1152 445 esset,
1179 400 1401 437 suscitasse.

197 461 310 500 ³·35.
361 458 420 497 De
446 464 582 497 cetero
606 470 700 496 vero
727 464 828 495 statu
853 458 1060 503 materiae,
1099 458 1171 495 etsi
1204 470 1280 495 non
1313 463 1373 495 est
1397 470 1461 495 re-

123 515 381 562 traetandum,
410 516 531 568 (prins
546 516 646 554 enim
667 522 765 561 erat,
792 522 937 553 uteam
964 528 1049 553 esse
1077 520 1304 562 constaret,)
1333 522 1459 553 tamen

123 587 172 614 ae
198 575 234 614 si
266 574 504 619 constiterit,
544 572 832 625 persequendus
864 580 925 611 est
954 571 1070 617 ordo,
1111 586 1184 624 qno
1216 574 1338 624 magis
1375 585 1459 611 eam

123 645 201 670 non
225 644 312 670 esse
339 638 510 677 constet,
538 632 646 669 cuins
672 644 744 669 nec
770 631 939 682 reliquus
965 637 1085 668 status
1111 631 1315 677 consistat,
1349 631 1459 669 simul

124 696 168 728 ut
202 690 503 728 contrarietates
539 702 627 727 suas
657 695 847 739 agnoscat
878 688 1157 739 Hermogenes.
1218 688 1364 733 Prima,
1402 689 1461 726 in·

125 748 226 800 quit,
259 747 362 786 faeie
385 745 540 785 videtur
563 746 676 784 nobis
699 746 961 796 incorporalis
988 758 1074 784 esse
1096 746 1286 791 materia,
1325 747 1461 796 exqui-

122 805 199 844 sita
223 811 350 843 autem
381 804 534 842 ratione
566 810 676 841 reeta
708 804 902 841 invenitur
931 814 1056 854 neque
1087 803 1304 854 corporalis
1335 815 1459 855 neque

123 861 397 914 incorporalis.
459 860 566 909 Quae
599 867 659 899 est
689 860 763 898 ista
793 861 894 898 ratio
926 867 1054 906 recta,
1093 874 1193 912 qnae
1227 860 1322 899 nihil
1359 863 1459 899 recti

123 920 341 966 renuntiat,
379 917 419 957 id
444 926 505 957 est
528 919 622 957 nihil
649 918 772 957 certi?
830 917 916 956 Nisi
947 918 1063 956 fallor
1093 920 1208 965 enim,
1241 920 1365 957 omnis
1396 932 1460 957 res

121 984 190 1017 ant
213 977 432 1029 corporalis
456 977 506 1014 sit
530 989 691 1015 necesse
719 982 790 1022 est,
817 982 883 1015 aut
902 977 939 1022 1)
955 975 1166 1014 concedam
1193 977 1344 1015 interim
1371 989 1458 1014 esse

122 1033 268 1088 aliquid
291 1035 541 1087 incorporale
567 1033 617 1073 de
648 1033 870 1072 substantiis
902 1032 1107 1079 duntaxat,
1139 1047 1224 1072 cnm
1256 1035 1340 1085 ipsa
1370 1035 1459 1072 sub-

122 1094 264 1132 stantia
290 1106 432 1145 corpus
456 1094 507 1130 sit
530 1093 588 1131 rei
614 1093 817 1143 eninsque3
851 1098 960 1130 certe
992 1098 1080 1143 post
1105 1092 1311 1142 corporale
1337 1098 1378 1130 et
1401 1093 1459 1129 iu-

124 1150 332 1203 corporale
368 1150 463 1188 nihil
499 1150 667 1188 tertium.
727 1148 816 1199 Age
847 1161 947 1186 nunc
978 1149 1030 1185 sit
1065 1155 1105 1186 et
1143 1150 1317 1195 tertium,
1357 1149 1457 1201 qnod

123 1208 191 1246 itta
214 1214 327 1246 reeta
348 1208 451 1245 ratio
477 1206 788 1256 Hermogeniana
814 1206 1069 1256 compererit,
1097 1219 1194 1258 qnae
1220 1219 1343 1258 neque
1370 1220 1458 1245 cor-

123 1265 297 1317 poralem
324 1277 448 1316 neque
474 1263 759 1315 incorporalem
785 1264 982 1302 materiam
1009 1263 1122 1309 facit,
1148 1264 1214 1302 uhi
1239 1271 1317 1310 est,
1345 1266 1458 1317 quale

89 1348 95 1352 -
123 1330 203 1370 est,
241 1321 329 1375 qnid
355 1329 536 1368 vocatur,
568 1320 658 1374 quid
684 1319 935 1367 describitur,
974 1319 1063 1372 qnid
1089 1321 1344 1372 intelligitur?
1372 1330 1459 1360 tan-

123 1387 203 1419 tum
240 1380 316 1419 hoc
353 1380 452 1418 ratio
485 1379 735 1425 renuntiavit,
773 1391 846 1417 nec
878 1379 1121 1430 corporalem
1154 1380 1352 1418 materiam
1384 1393 1457 1418 nec

123 1438 425 1490 incorporalem.

240 1498 310 1537 36.
360 1493 438 1534 Sed
471 1507 566 1533 ecce
605 1495 839 1533 contrarium
871 1494 1044 1541 subiicit,
1083 1502 1149 1533 ant
1183 1463 1258 1533 alia
1291 1496 1457 1535 fortasse

121 1554 225 1592 ratio
252 1554 289 1592 ei
315 1554 500 1599 occurrit,
527 1566 577 1591 ex
600 1559 711 1604 parte
738 1553 981 1605 corporalem
1008 1554 1232 1591 renuntians
1257 1556 1456 1592 materiam

121 1617 165 1650 et
187 1623 239 1650 ex
263 1618 374 1663 parte
401 1611 700 1662 incorporalem.
740 1610 818 1649 lam
839 1623 934 1660 ergo
955 1617 1199 1655 nemeutrnm
1225 1612 1287 1657 sit,
1313 1619 1458 1649 utrum-

121 1671 198 1721 qne
223 1669 386 1707 materia
418 1667 613 1706 censenda
638 1675 710 1706 est.
772 1667 859 1705 Erit
889 1669 988 1705 enim
1022 1669 1238 1719 corporalis
1263 1676 1302 1706 et
1328 1670 1458 1706 incor-

123 1726 270 1778 poralis
294 1725 479 1764 adven-sus
504 1725 828 1762 renuntiationem
854 1731 990 1762 rectae
1014 1726 1177 1763 rationis
1202 1726 1315 1769 illins,
1343 1727 1457 1777 plane

123 1782 314 1820 rationem
341 1795 416 1819 non
442 1781 643 1819 reddentis
667 1782 884 1819 sententiae
909 1793 1015 1826 snae,
1043 1782 1144 1819 sient
1168 1795 1241 1820 nec
1267 1783 1341 1820 alia
1369 1783 1458 1822 red-

124 1839 195 1878 dit.
259 1838 474 1891 Corporale
501 1840 601 1877 enim
628 1839 813 1876 materiae
838 1838 920 1875 vult
951 1851 1057 1885 esse,
1093 1837 1144 1877 (le
1181 1852 1255 1890 quo
1290 1853 1457 1892 corpora

122 1896 309 1945 edantur,
358 1896 605 1948 incorporale
646 1907 741 1933 vero
790 1894 1027 1934 inconditum
1070 1903 1212 1934 motum
1256 1898 1352 1936 eius.
1413 1897 1456 1937 Si

124 1956 247 2001 enin,
283 1955 356 2000 ait,
395 1967 536 2005 corpus
568 1951 829 1991 tantummodo
859 1960 982 2000 esset,
1022 1954 1114 1992 nihil
1146 1955 1183 1993 ei
1207 1955 1455 2007 incorporale

122 2019 352 2065 appareret,
380 2010 417 2050 id
443 2018 502 2050 est
528 2017 671 2057 motus3
696 2011 846 2049 sivero
873 2011 909 2048 in
936 2018 1055 2049 totum
1081 2013 1339 2064 incorporalis
1363 2014 1467 2052 fuis--

122 2077 200 2116 set,
225 2070 367 2108 nullum
393 2083 534 2120 corpus
559 2082 609 2106 ex
634 2080 680 2106 ea
706 2068 830 2106 lieret.
870 2068 1022 2116 Quanto
1042 2069 1139 2108 haec
1165 2071 1317 2110 rectior
1341 2073 1454 2118 ratio,

125 2127 201 2166 nisi
226 2126 342 2178 qnod,
368 2128 400 2165 si
426 2134 499 2164 tani
528 2133 657 2164 rectas
682 2125 803 2164 lineas
827 2125 949 2172 ducis,
978 2126 1261 2178 Hermogenes,
1281 2130 1318 2178 ²)
1345 2140 1454 2181 qnam

127 2185 267 2223 rationi
293 2186 405 2230 satis,
425 2185 464 2232 ³)
490 2185 618 2237 pictor
641 2189 680 2220 te
705 2182 867 2222 bar-dior
887 2197 964 2222 non
995 2192 1068 2223 est.
1131 2185 1223 2232 Quis
1254 2187 1355 2224 enim
1385 2187 1454 2225 tibi

126 2240 311 2281 concedit
335 2248 476 2280 motum
502 2243 541 2280 in
571 2239 777 2280 secundam
809 2249 955 2293 partem
986 2242 1222 2281 substantiae
1254 2242 1453 2295 deputare,

198 2402 515 2444 ⁸1)Edd.omne⁸:
541 2403 718 2435 ut.Rhen.
739 2413 828 2437 corr.
847 2406 919 2436 aut
940 2404 1184 2444 corporali·
1209 2408 1282 2436 aut
1307 2405 1454 2448 ineq-

126 2450 292 2490 paulin
316 2450 375 2480 nit
400 2459 487 2480 nec.
514 2453 594 2488 est,
622 2452 664 2480 ut
690 2452 757 2482 ete.
862 2448 901 2492 2)
926 2450 1130 2482 Emendatio
1155 2450 1327 2489 Rhenani,
1354 2451 1405 2483 ed.
1430 2453 1455 2482 1.

127 2496 298 2528 rectior
318 2496 510 2527 rationis
527 2496 687 2534 siquod
708 2496 764 2526 sit
782 2499 924 2528 reeta·
944 2497 1082 2528 tinen
1102 2496 1345 2528 duciHerm.
1417 2499 1454 2538 3)

128 2541 710 2581 Rhenmornquamratioisia.
1448 2543 1458 2547 ²
