1604 2800
566 157 690 191 anv.
724 158 1021 192 PRAXEAN.
1264 179 1267 181 >
1303 192 1310 196 .
1354 162 1449 201 ²25

135 261 198 288 me
222 248 341 295 misit,
371 255 415 288 ut
443 261 697 289 consummem
729 264 822 302 opus
853 252 947 291 eius.
963 253 997 302 ¹)
1062 251 1113 291 Et
1140 250 1189 291 ad
1213 250 1377 297 Iudaeos
1401 255 1449 296 de

134 306 340 358 paralytici
370 306 551 345 sanitate:
588 314 700 358 pater
730 321 834 346 meus
871 322 985 362 usque
1022 309 1135 348 modo
1174 318 1373 362 operatur,
1411 321 1451 352 et

136 375 211 414 ego
236 375 390 414 operor.
403 363 441 411 2)
490 362 606 402 Pater
629 371 669 403 et
692 377 781 416 ego,
809 365 904 403 filius
931 365 1039 405 dicit.
1094 366 1266 419 Denique
1289 376 1451 421 propter

133 418 209 458 hoe
245 420 367 470 mag-is
397 419 529 459 Iudaei
565 421 668 460 ilium
705 422 924 461 interficere
959 422 1156 470 volebaint,
1194 438 1268 462 non
1306 432 1448 464 tantum

134 474 234 528 quod
248 476 418 516 solveret
436 478 645 526 sabbatum,
671 478 739 518 sed
760 478 859 531 quod
878 487 1023 531 patrem
1043 493 1147 519 suum
1162 480 1270 519 deum
1286 481 1447 528 diceret,

133 545 302 584 aequans
330 547 372 573 se
403 533 493 573 deo.
566 535 671 574 Tunc
709 549 803 587 ergo
841 535 995 575 dicebat
1025 537 1073 575 ad
1103 550 1189 576 eos:
1227 538 1319 576 nihii
1351 537 1448 577 fliius

131 589 265 630 facere
290 597 420 642 potest
445 605 466 630 a
492 599 612 631 semet
642 593 744 645 ipso,
782 594 853 631 nisi
888 593 1017 632 videat
1045 602 1192 646 patrem
1222 594 1446 641 facientem3

133 659 230 698 quae
249 649 349 686 enim
374 648 438 686 ille
464 649 569 695 facit,
596 649 729 688 eadem
750 657 788 688 et
809 650 905 688 filius
925 651 1029 690 facit.
1068 650 1183 689 Pater
1201 652 1299 689 enim
1318 650 1449 702 diligit

132 701 261 751 filium,
287 711 327 743 et
352 706 475 743 omnia
502 704 774 745 demonstravit
798 707 864 753 iili,
897 720 992 759 quae
1018 708 1081 746 ine
1107 709 1212 754 fecit,
1239 714 1278 746 et
1302 708 1448 746 maiora

131 760 215 799 istis
244 773 363 813 opera
395 760 668 800 demonstravit
698 764 771 808 illi,
808 770 850 801 ut
877 777 945 802 vos
975 765 1174 802 miremini.
1248 762 1446 811 Quomodo

131 818 232 856 enim
261 818 422 856 suscitat
450 825 620 855 mortuos
651 825 691 856 et
720 818 905 865 vivificat,
937 821 990 858 ita
1021 827 1062 857 et
1086 820 1200 865 filius,
1234 833 1326 870 quos
1355 820 1446 864 vuit,

127 873 310 912 vivificat.
380 872 517 924 Neque
548 874 648 912 enim
684 881 795 925 pater
830 873 991 921 iudicat,
1030 874 1097 913 sed
1128 888 1238 913 omne
1269 874 1447 914 indicium

129 927 236 969 dedit
254 929 345 977 filio,
371 931 426 968 nti
451 942 582 968 omnes
600 930 789 970 honorent
809 930 936 976 filium,
963 932 1061 970 sieut
1079 931 1269 970 honorant
1286 939 1446 984 patrem.

130 985 203 1034 Qui
232 999 310 1024 non
345 986 512 1024 honorat
547 987 681 1034 filium,
718 1001 795 1025 non
831 987 995 1025 honorat
1030 994 1195 1038 patrem,
1233 989 1295 1039 qui
1332 988 1447 1025 filium

127 1043 243 1080 misit.
300 1041 443 1086 Amen,
475 1055 584 1080 amen
616 1043 704 1080 dico
734 1043 861 1090 vobis,
894 1042 992 1094 quod
1025 1044 1087 1094 qui
1117 1043 1222 1081 audit
1251 1055 1446 1082 sermones

128 1111 235 1137 meos
259 1105 301 1136 et
324 1097 448 1137 credit
473 1099 528 1144 ei,
562 1099 623 1149 qui
648 1111 708 1136 me
733 1099 845 1144 misit,
876 1098 992 1137 hahet
1023 1100 1133 1137 vitam
1160 1107 1374 1144 aeternam,
1407 1106 1446 1137 et

127 1155 166 1194 in
186 1153 365 1194 iudicium
391 1168 466 1192 non
490 1156 607 1201 venit,
633 1153 702 1193 sed
725 1155 863 1193 transit
887 1154 934 1193 de
960 1162 1081 1193 morte
1102 1157 1138 1194 in
1157 1157 1286 1195 vitam.
1322 1157 1445 1193 Amen

126 1209 217 1251 dico
246 1211 375 1258 vobis,
413 1210 512 1262 quod
543 1212 673 1250 veniet
703 1211 816 1258 hora,
855 1225 927 1264 qua
957 1213 1095 1250 mortui
1126 1211 1281 1250 audient
1310 1224 1446 1250 vocem

128 1267 197 1312 filii
220 1266 297 1315 dei,
329 1274 369 1306 et
393 1281 476 1306 cum
501 1267 711 1315 audierint,
741 1270 880 1306 vivent.
942 1267 1051 1306 Sicut
1074 1269 1172 1307 enim
1197 1275 1307 1320 pater
1331 1269 1446 1308 habet

125 1326 241 1364 vitam
266 1331 461 1363 aeternam
487 1337 510 1363 a
534 1332 654 1363 semet
678 1326 775 1376 ipso,
801 1326 853 1363 ita
879 1332 918 1363 et
941 1325 1021 1364 filio
1047 1323 1154 1363 dedit
1176 1327 1290 1363 vitam
1316 1331 1445 1364 aeter-

126 1394 212 1421 nam
242 1381 398 1423 habere,
418 1382 456 1420 in
487 1389 608 1420 semet
638 1382 740 1433 ipso,
772 1389 812 1420 et
836 1381 1014 1420 iudicium
1040 1380 1146 1421 dedit
1169 1381 1225 1419 illi
1250 1382 1381 1419 facere
1407 1382 1445 1418 in

125 1445 337 1490 potestate,
375 1438 464 1489 quia
498 1438 596 1476 filius
627 1438 789 1476 hominis
819 1438 948 1485 est,³)
985 1450 1057 1489 per
1091 1450 1245 1476 carnem
1282 1437 1444 1482 seilicet,

126 1496 227 1540 sieut
255 1502 297 1534 et
324 1493 424 1533 filius
455 1493 518 1532 dei
548 1506 619 1545 per
650 1494 819 1544 spiritum
851 1494 946 1531 eius.
1010 1492 1148 1531 Adhuc
1181 1492 1331 1531 adiicit:
1370 1505 1445 1543 ego

125 1558 252 1591 antem
271 1551 397 1590 habeo
418 1551 550 1597 maius,
576 1563 685 1601 quam
710 1550 864 1588 Ioannis
888 1550 1165 1597 testimonium3
1195 1562 1313 1601 opera
1331 1550 1445 1593 enim,

126 1620 225 1660 quae
255 1614 367 1660 pater
395 1607 486 1647 mihi
518 1606 624 1646 dedit
655 1619 936 1652 consummare,
968 1606 1034 1643 illa
1065 1607 1148 1656 ipsa
1172 1605 1219 1643 de
1245 1617 1304 1642 me
1333 1607 1446 1643 'testi-

125 1665 291 1703 moninm
315 1663 536 1716 perhibent,
568 1661 669 1713 quod
694 1675 753 1700 me
777 1669 889 1713 pater
913 1661 1077 1706 miserit3
1109 1666 1149 1698 et
1174 1661 1234 1711 qui
1261 1672 1319 1697 me
1344 1661 1447 1698 misit

124 1727 249 1772 pater,
275 1721 357 1770 ipse
381 1719 637 1756 testimonium
662 1716 757 1755 dixit
781 1716 829 1755 de
854 1718 976 1763 me.⁴)
1033 1714 1273 1766 Subiungens
1297 1722 1445 1754 autem:

126 1788 250 1827 neque
274 1787 409 1814 vocem
433 1775 516 1812 eius
541 1772 700 1811 audistis
723 1785 904 1824 unquam,
936 1784 1060 1824 neque
1090 1772 1248 1810 sormam
1281 1772 1363 1810 eius
1385 1772 1445 1809 vi-

126 1831 247 1877 distis,
261 1832 300 1878 ⁵)
326 1830 526 1869 confirmat
549 1836 655 1868 retro
680 1841 755 1867 non
780 1836 945 1880 patrem,
976 1826 1044 1866 sed
1069 1827 1184 1866 filium
1210 1827 1345 1873 fuisse,
1379 1829 1445 1879 qui

124 1887 327 1927 videbatur
350 1893 391 1925 et
413 1885 654 1924 audiebatur.
709 1884 883 1936 Denique
908 1884 1021 1923 dicit:
1048 1896 1123 1935 ego
1147 1885 1234 1923 veni
1258 1884 1297 1922 in
1322 1885 1443 1935 patris

125 1945 201 1984 mei
230 1944 402 1988 nomine,
434 1950 476 1981 et
504 1955 581 1981 non
604 1954 664 1980 me
688 1942 906 1993 recepistis.
921 1941 962 1991 6)
1019 1939 1132 1979 Adeo
1163 1952 1315 1992 semper
1344 1939 1443 1978 filius

126 2009 212 2042 erat
246 2002 287 2039 in
322 1999 386 2039 dei
421 2006 461 2037 et
495 1999 601 2049 regis
635 2005 676 2037 et
710 1997 851 2037 domini
889 1997 1158 2049 omnipotentis
1195 2003 1235 2035 et
1269 1995 1445 2034 altissimi

126 2058 292 2098 nomine.
352 2055 681 2106 Interrogantibus
704 2061 849 2102 autem,
881 2052 970 2106 quid
999 2054 1131 2093 facere
1162 2051 1347 2098 debeant,
1379 2064 1442 2090 re—

125 2113 299 2167 spondit:
328 2120 370 2152 ut
394 2111 562 2151 credatis
585 2112 624 2151 in
647 2124 752 2158 eum,
789 2124 899 2164 quem
935 2109 1029 2150 dens
1064 2110 1175 2148 misit.
1189 2110 1230 2160 ⁷)
1300 2108 1443 2146 Panem

126 2183 276 2223 quoqne
299 2182 342 2208 se
367 2168 537 2215 affirmat,
563 2180 672 2219 quem
697 2175 808 2220 pater
829 2173 1046 2220 praestaret
1065 2166 1112 2204 de
1134 2165 1264 2211 coelo3
1278 2165 1318 2214 8)
1345 2175 1440 2214 ergo

126 2240 257 2274 omne,
287 2225 389 2279 quod
414 2225 451 2267 ei
476 2223 587 2263 daret
615 2231 743 2275 pater,
774 2223 823 2263 ad
852 2236 894 2263 se
923 2224 1075 2268 venire,
1106 2233 1177 2260 nec
1208 2221 1441 2258 reiecturum

126 2297 182 2331 se,
214 2284 301 2336 quia
327 2281 375 2321 de
401 2281 511 2320 coelo
538 2279 813 2325 descendisset,
845 2293 920 2318 non
945 2286 988 2317 ut
1011 2291 1132 2323 suam,
1163 2274 1231 2314 sed
1254 2282 1297 2313 nt
1319 2281 1439 2326 patris

125 2341 276 2380 faceret
299 2339 551 2385 voluntatem3
586 2337 818 2375 voluntatem
843 2343 967 2374 autem
994 2335 1110 2385 patris
1136 2344 1239 2377 esse,
1270 2332 1343 2376 uti,
1376 2331 1439 2381 qni

218 2474 434 2518 1)10.4‚34.
506 2473 717 2511 2)10.5‚1·1.
790 2469 889 2511 3)10.
906 2473 937 2507 5,
954 2469 1109 2499 19-27.
1176 2466 1434 2504 4)10.5.36sq.

128 2521 223 2576 ⁵2¹⁰·
241 2525 271 2560 5,
288 2521 341 2552 3⁶1.
435 2518 647 2556 6)10.5,43.
741 2515 956 2557 7)1o.6,29.
1050 2513 1261 2596 8)¹;30;6‚32.
