1604 2800
182 210 286 247 262
628 189 1086 244 ADV.1>'RAXEAN.

301 305 367 344 13.
418 300 538 354 Ergo,
565 303 702 354 inquis,
728 303 760 340 si
785 299 880 340 deus
905 299 1015 348 dixit,
1042 307 1083 339 et
1108 295 1202 339 deus
1227 299 1335 349 fecit,
1361 302 1394 340 si
1419 301 1517 341 alius

185 362 277 400 deus
309 359 423 407 dixit,
462 367 502 398 et
531 359 628 398 alius
659 359 771 398 fecit:
810 358 886 398 duo
918 357 972 397 dii
1002 355 1292 411 praedicantur.
1367 356 1518 398 Si-tam

185 420 300 458 durus
315 431 369 466 es,
396 425 487 470 puta
501 417 671 466 interim3
700 424 740 456 et
757 424 799 456 ut
816 415 940 456 adhuc
962 417 1123 470 amplius
1142 416 1216 455 hoc
1232 422 1355 469 putes,
1380 416 1518 470 accipe

185 485 224 517 et
244 478 281 515 in
302 476 447 529 psalmo
470 474 566 514 duos
586 474 681 515 deos
706 474 853 514 dictos=
886 475 1048 514 thronus
1073 481 1159 513 tuus
1185 472 1280 514 deus
1303 475 1343 512 in
1368 486 1516 523 aevum,

184 537 293 587 virga
313 535 425 586 regni
446 534 519 582 tui3
546 532 716 573 dilexisti
742 533 923 572 iustitiam
948 540 989 572 et
1014 531 1130 571 odisti
1148 532 1401 585 iniquitatem,
1428 544 1521 585 pro-

185 601 322 646 pterea
346 593 454 630 unxit
486 599 522 630 te
550 590 656 639 deus,
684 590 779 631 deus
804 590 951 644 tuus-¹)
988 589 1032 630 Si
1057 589 1106 630 ad
1132 589 1245 630 deum
1268 590 1452 642 loquitur,
1478 595 1520 628 et

184 658 339 690 unctum
365 649 475 688 deum
503 663 525 688 a
551 648 626 688 deo
653 649 825 697 affirmat,
851 648 921 688 sed
946 649 1009 688 hic
1035 647 1131 687 duos
1156 647 1253 688 deos
1276 647 1522 702 proponit-²)

185 707 279 747 Inde
306 715 346 746 et
371 707 506 746 Esaias
531 706 579 746 ad
605 720 809 760 personam
836 707 992 754 Christi,
1020 713 1059 746 et
1085 705 1256 754 seboim,
1289 706 1424 758 inquit,
1448 704 1524 744 viri

187 766 278 804 elati
304 764 352 803 ad
379 772 416 803 te
443 764 678 812 transibunt,
711 773 752 804 et
781 772 869 818 post
893 772 932 804 te
958 771 1169 818 sequentur
1191 764 1311 803 vincti
1338 762 1523 809 manibus,

187 829 227 860 et
246 829 283 860 te
304 821 532 868 adorabunt,
560 823 646 873 quia
674 824 711 860 in
737 830 774 861 te
801 821 895 861 deus
915 829 992 870 θεὶς
1020 829 1058 861 tu
1080 823 1181 862 enim
1201 834 1244 861 es
1263 820 1358 861 deus
1377 826 1524 866 noster,

187 886 227 918 et
264 878 548 924 nesciebamus,
587 877 681 916 deus
713 878 880 917 Israelis.
897 880 935 927 ³)
1008 879 1060 917 Et
1094 879 1159 917 hic
1196 879 1296 918 enim
1335 875 1522 916 dicendo:

187 936 282 975 deus
308 937 345 974 in
373 943 409 975 te
437 942 476 974 et
503 943 541 974 tu
567 934 680 982 deus,
719 935 815 974 duos
840 936 1041 988 proponit,
1081 936 1144 988 qui
1176 942 1280 982 erat,
1320 940 1360 974 et
1383 935 1423 974 in
1448 947 1524 988 quo

187 1000 285 1040 erat,
313 993 504 1031 Christum
531 999 570 1031 et
594 994 766 1044 spiritum
794 993 927 1044 ipsum.
942 994 980 1041 ⁴)
1020 992 1109 1031 Plus
1131 999 1202 1040 est,
1229 991 1330 1044 quod
1350 993 1389 1035 in
1409 1004 1528 1032 evan·

188 1051 292 1102 gelio
319 1049 480 1088 totidem
507 1050 698 1089 invenies:
737 1051 775 1088 in
801 1049 994 1101 principio
1027 1055 1113 1088 erat
1143 1062 1288 1096 sermo,
1327 1055 1368 1088 et
1399 1060 1529 1092 sermo

188 1115 274 1147 erat
298 1107 399 1160 apud
425 1107 551 1154 deum,
578 1114 618 1146 et
643 1105 738 1146 deus
763 1113 849 1146 erat
873 1119 1014 1145 sermo.
1029 1107 1067 1156 ⁵)
1096 1101 1098 1103 ¹
1129 1104 1246 1154 Unus,
1274 1107 1338 1159 qui
1362 1113 1461 1154 erat,
1488 1111 1529 1146 et

188 1167 303 1212 alius,
343 1178 461 1217 penes
494 1177 605 1217 quem
637 1172 734 1204 erat.
810 1163 889 1203 Sed
916 1171 956 1204 et
980 1176 1120 1203 nomen
1146 1162 1289 1210 domini
1314 1165 1354 1203 in
1379 1163 1529 1203 duobus

188 1224 292 1275 lego.
331 1223 437 1262 Dixit
457 1222 631 1262 dominus
651 1221 806 1262 domino
821 1235 926 1261 meo:
954 1221 1047 1261 sede
1061 1221 1109 1261 ad
1124 1220 1324 1261 dexteram
1338 1233 1474 1261 meam.
1487 1221 1529 1270 θ)

189 1281 239 1320 Et
264 1281 399 1320 Esaias
425 1281 522 1320 haec
549 1280 663 1320 dicit:
701 1279 875 1328 domiue,
908 1280 991 1333 quis
1017 1278 1185 1319 credidit
1208 1277 1355 1318 auditui
1380 1284 1528 1324 nostro,

191 1346 231 1378 et
254 1339 454 1377 brachium
485 1338 630 1378 domini
662 1339 724 1377 cui
756 1338 967 1377 revelatum
1000 1338 1132 1386 est?‘¹)
1195 1336 1401 1377 Brachium
1427 1335 1530 1376 enim

191 1404 314 1442 tuum,
347 1409 423 1434 non
456 1394 620 1442 domini,
654 1395 826 1443 dixisset,
841 1397 879 1445 ⁸)
912 1396 944 1435 si
977 1409 1053 1434 non
1086 1394 1279 1434 dominum
1309 1401 1460 1448 patrem
1490 1399 1533 1432 et

193 1452 385 1491 dominum
412 1452 527 1490 filium
553 1453 718 1503 intelligi
741 1453 871 1491 vellet.
929 1452 1055 1492 Etiam
1081 1451 1207 1492 adhuc
1232 1453 1428 1504 antiquior
1447 1449 1532 1490 'Ge-
1571 1498 1580 1500 ἡ

192 1509 315 1548 nesis:
347 1515 388 1547 et
418 1509 514 1560 pluit
545 1507 720 1546 dominus
751 1521 867 1560 super
892 1508 1100 1548 Sodomam
1133 1517 1173 1549 et
1199 1509 1428 1549 Gomorram
1453 1507 1533 1547 sul-

192 1566 291 1619 phur
316 1572 356 1604 et
380 1567 508 1616 iguem
529 1564 576 1604 de
598 1565 710 1604 coelo
731 1578 754 1603 a
775 1564 943 1604 domino.
959 1567 998 1616 ⁹)
1037 1566 1143 1605 Haec
1164 1574 1231 1605 aut
1250 1579 1351 1618 nega
1371 1566 1530 1618 scripta,

194 1631 260 1663 aut
279 1625 362 1676 quis
387 1636 442 1669 es,
469 1630 511 1661 ut
536 1636 611 1661 non
636 1629 748 1675 putes
773 1621 1015 1675 accipienda,
1043 1621 1360 1675 quemadmodum
1387 1623 1533 1674 scripta

194 1687 299 1728 sunt,
339 1682 500 1720 maxime
539 1693 636 1732 quae
673 1694 750 1718 non
782 1682 821 1718 in
853 1681 1052 1732 allegoriis
1077 1687 1117 1719 et
1141 1680 1355 1732 parabolis,
1393 1678 1462 1718 sed
1494 1680 1533 1717 in

195 1738 482 1778 delinitionibus
515 1739 632 1777 certis
657 1745 697 1777 et
722 1738 958 1790 simplicibus
983 1737 1128 1776 habent
1152 1739 1328 1777 sensum?
1388 1735 1534 1785 Quodsi

195 1810 244 1836 ex
269 1797 344 1835 illis
370 1810 431 1843 es,
465 1797 527 1848 qui
559 1802 649 1834 tunc
676 1795 868 1834 dominum
894 1809 970 1834 non
996 1795 1236 1840 sustinebant
1261 1793 1324 1834 dei
1348 1807 1390 1834 se
1415 1794 1535 1834 filium

197 1854 476 1901 ostendentem,
503 1867 551 1892 ne
578 1866 664 1893 eum
690 1852 882 1892 dominum
904 1852 1125 1900 crederent,
1151 1851 1366 1892 recordare
1386 1859 1428 1891 tu
1447 1863 1535 1891 cum

195 1913 285 1959 illis,
301 1913 483 1964 scriptum
498 1924 604 1963 esse:
631 1924 706 1963 ego
722 1910 819 1950 dixi:
845 1924 915 1950 vos
934 1909 987 1950 dii
1001 1912 1106 1958 estis,
1123 1918 1162 1950 et
1175 1911 1244 1950 filii
1257 1910 1451 1958 altissi=mi3
1466 1909 1533 1956 ¹⁰)
1561 1947 1563 1949 .

197 1977 237 2009 et
261 1971 367 2008 stetit
398 1968 492 2008 deus
523 1971 562 2008 in
595 1969 764 2009 ecelesia
796 1968 1052 2018 deorum‚¹²)
1089 1975 1150 2015 ut,
1190 1968 1223 2007 si
1251 1968 1429 2007 homines
1463 1976 1537 2019 pel·

198 2026 310 2066 fidem
332 2027 431 2066 filios
451 2026 515 2066 dei
535 2027 661 2066 factos
681 2026 776 2066 deos
801 2027 993 2079 scriptura
1017 2027 1273 2078 pronuntiare
1295 2038 1371 2063 non
1395 2023 1534 2070 timuit,

199 2086 299 2124 scias
320 2086 423 2123 illam
443 2085 561 2124 multo
583 2086 704 2136 magis
721 2096 816 2123 vero
838 2091 878 2123 et
895 2085 1010 2123 unico
1030 2082 1094 2122 dei
1120 2083 1200 2122 filio
1227 2081 1370 2121 domini
1395 2092 1536 2120 nomen

200 2144 282 2182 iure
297 2142 519 2182 contulisse.
559 2142 678 2194 Erg0‚
705 2142 842 2194 inquis,
869 2140 1092 2194 provocabo
1106 2147 1159 2188 te,
1184 2146 1227 2179 ut
1246 2138 1362 2179 hodie
1382 2144 1535 2191 quoque

199 2213 249 2239 ex
273 2201 507 2240 auctoritate
538 2201 696 2239 istarum
733 2200 1009 2252 scripturarum
1047 2204 1272 2237 constanter
1306 2195 1405 2236 duos
1439 2193 1536 2235 deos

200 2265 242 2297 et
266 2257 363 2297 duos
388 2257 564 2297 dominos
587 2256 805 2311 praedices.
855 2255 982 2300 Absit,
1036 2254 1121 2296 Nos
1146 2256 1260 2303 enim,
1286 2254 1351 2307 qui
1375 2259 1416 2294 et
1439 2258 1536 2292 tem·

298 2382 332 2426 ί)
353 2385 406 2415 Pe.
426 2387 481 2424 45,
498 2386 518 2415 7
533 2395 582 2424 sq.
679 2386 714 2426 2)
734 2387 786 2416 lta
800 2385 874 2416 cod.
888 2385 1026 2416 Wonw.
1041 2386 1075 2415 et
1087 2383 1181 2424 Rig.;
1205 2382 1316 2416 Bhen.
1337 2381 1535 2418 deorpro

202 2429 324 2468 virga
343 2432 463 2469 regni
483 2432 555 2461 tui.
592 2432 690 2462 Inde
710 2434 775 2463 etc.
849 2432 885 2470 3)
905 2433 970 2461 les.
986 2431 1042 2468 45,
1058 2431 1111 2460 14.
1183 2427 1222 2472 4)
1237 2429 1294 2460 Sic
1309 2423 1536 2461 cod-*Womxu

204 2478 238 2505 et
263 2475 353 2515 Rflg&
392 2476 497 2507 Rhen.
535 2478 754 2517 proponit,
793 2477 863 2516 qui
899 2477 1023 2507 erant
1058 2476 1098 2506 in
1125 2474 1214 2505 Chr.
1247 2475 1288 2505 et
1321 2469 1522 2511 spiritum

203 2523 341 2560 lpsum
366 2522 460 2560 plus
482 2523 548 2555 etc.
622 2524 810 2564 5)10.1,1.
871 2523 909 2562 6)
922 2522 977 2553 Pa.
992 2523 1069 2563 110,
1084 2522 1115 2551 1.
1194 2522 1232 2559 τ)
1246 2513 1308 2550 reu,
1322 2518 1377 2556 aa,
1391 2517 1422 2547 1.
1496 2516 1533 2555 8)

205 2567 262 2598 Sic
283 2567 357 2598 cod.
380 2569 515 2601 Wouw.
537 2571 570 2600 et
592 2568 667 2609 Rig.
688 2569 817 2600 Ceteri:
855 2569 916 2600 Br.
946 2568 1058 2598 enim
1089 2575 1207 2597 suum
1231 2572 1314 2595 non
1338 2561 1535 2594 ‹lixis-ot.

207 2612 244 2655 9)
260 2613 342 2643 Gen.
359 2615 412 2655 19,
427 2615 480 2645 24.
578 2614 706 2657 10)1‘=.
723 2616 777 2655 82,
792 2616 823 2645 6.
919 2614 979 2653 11)
993 2614 1047 2643 Pa.
1062 2613 1115 2652 82,
1131 2613 1161 2641 1.
