<?xml version="1.0" encoding="UTF-8"?>
<!DOCTYPE html PUBLIC "-//W3C//DTD XHTML 1.0 Transitional//EN"
    "http://www.w3.org/TR/xhtml1/DTD/xhtml1-transitional.dtd">
<html xmlns="http://www.w3.org/1999/xhtml" xml:lang="en" lang="en">
 <head>
  <title>
</title>
<meta http-equiv="Content-Type" content="text/html;charset=utf-8" />
  <meta name='ocr-system' content='tesseract 3.04.00' />
  <meta name='ocr-capabilities' content='ocr_page ocr_carea ocr_par ocr_line ocrx_word'/>
</head>
<body>
  <div class='ocr_page' id='page_1' title='image "./operatert34tertuoft_0458.png"; bbox 0 0 1604 2800; ppageno 0'>
   <div class='ocr_carea' id='block_1_1' title="bbox 153 194 1272 239">
    <p class='ocr_par' dir='ltr' id='par_1_1' title="bbox 153 194 1272 239">
     <span class='ocr_line' id='line_1_1' title="bbox 153 194 1272 239; baseline -0.004 -9"><span class='ocrx_word' id='word_1_1' title='bbox 153 200 258 239; x_wconf 58' lang='lat'>12⁶</span> <span class='ocrx_word' id='word_1_2' title='bbox 381 198 455 229; x_wconf 87' lang='lat' dir='ltr'>DE</span> <span class='ocrx_word' id='word_1_3' title='bbox 492 194 1010 227; x_wconf 82' lang='lat' dir='ltr'><strong>RESURRECTIONE</strong></span> <span class='ocrx_word' id='word_1_4' title='bbox 1043 194 1272 227; x_wconf 77' lang='lat' dir='ltr'>CARNts.</span> 
     </span>
    </p>
   </div>
   <div class='ocr_carea' id='block_1_2' title="bbox 155 286 1513 2476">
    <p class='ocr_par' dir='ltr' id='par_1_2' title="bbox 155 286 1511 2246">
     <span class='ocr_line' id='line_1_2' title="bbox 155 286 1492 340; baseline -0.007 -6"><span class='ocrx_word' id='word_1_5' title='bbox 155 294 255 334; x_wconf 72' lang='lat' dir='ltr'>sicut</span> <span class='ocrx_word' id='word_1_6' title='bbox 279 299 320 331; x_wconf 91' lang='lat' dir='ltr'>et</span> <span class='ocrx_word' id='word_1_7' title='bbox 344 303 473 331; x_wconf 84' lang='lat' dir='ltr'>rerum</span> <span class='ocrx_word' id='word_1_8' title='bbox 501 287 756 328; x_wconf 82' lang='lat' dir='ltr'>Iudaicarum.</span> <span class='ocrx_word' id='word_1_9' title='bbox 817 286 992 339; x_wconf 87' lang='lat' dir='ltr'>Denique</span> <span class='ocrx_word' id='word_1_10' title='bbox 1018 286 1093 327; x_wconf 83' lang='lat' dir='ltr'>hoc</span> <span class='ocrx_word' id='word_1_11' title='bbox 1118 288 1224 339; x_wconf 87' lang='lat' dir='ltr'>ipso,</span> <span class='ocrx_word' id='word_1_12' title='bbox 1263 286 1365 340; x_wconf 76' lang='lat' dir='ltr'>quod</span> <span class='ocrx_word' id='word_1_13' title='bbox 1387 290 1492 329; x_wconf 81' lang='lat' dir='ltr'>reci-</span> 
     </span>
     <span class='ocr_line' id='line_1_3' title="bbox 155 343 1491 398; baseline -0.004 -7"><span class='ocrx_word' id='word_1_14' title='bbox 155 351 305 392; x_wconf 86' lang='lat' dir='ltr'>divatus</span> <span class='ocrx_word' id='word_1_15' title='bbox 336 348 485 389; x_wconf 85' lang='lat' dir='ltr'>Iudaici</span> <span class='ocrx_word' id='word_1_16' title='bbox 521 353 643 386; x_wconf 87' lang='lat' dir='ltr'>status</span> <span class='ocrx_word' id='word_1_17' title='bbox 675 344 723 387; x_wconf 88' lang='lat' dir='ltr'>de</span> <span class='ocrx_word' id='word_1_18' title='bbox 755 346 1077 398; x_wconf 78' lang='lat' dir='ltr'>recorporatione</span> <span class='ocrx_word' id='word_1_19' title='bbox 1109 352 1150 384; x_wconf 85' lang='lat' dir='ltr'>et</span> <span class='ocrx_word' id='word_1_20' title='bbox 1186 343 1491 388; x_wconf 71' lang='lat' dir='ltr'>redanimatione</span> 
     </span>
     <span class='ocr_line' id='line_1_4' title="bbox 157 402 1492 459; baseline -0.004 -12"><span class='ocrx_word' id='word_1_21' title='bbox 157 410 298 449; x_wconf 86' lang='lat' dir='ltr'>ossium</span> <span class='ocrx_word' id='word_1_22' title='bbox 337 407 542 459; x_wconf 83' lang='lat' dir='ltr'>figuratur,</span> <span class='ocrx_word' id='word_1_23' title='bbox 586 403 625 443; x_wconf 89' lang='lat' dir='ltr'>id</span> <span class='ocrx_word' id='word_1_24' title='bbox 664 416 816 456; x_wconf 84' lang='lat' dir='ltr'>quoque</span> <span class='ocrx_word' id='word_1_25' title='bbox 854 410 1079 444; x_wconf 89' lang='lat' dir='ltr'>eventurum</span> <span class='ocrx_word' id='word_1_26' title='bbox 1111 402 1262 443; x_wconf 86' lang='lat' dir='ltr'>ossibus</span> <span class='ocrx_word' id='word_1_27' title='bbox 1292 402 1492 456; x_wconf 85' lang='lat' dir='ltr'>probatur.</span> 
     </span>
     <span class='ocr_line' id='line_1_5' title="bbox 156 460 1496 517; baseline -0.004 -10"><span class='ocrx_word' id='word_1_28' title='bbox 156 467 246 507; x_wconf 90' lang='lat' dir='ltr'>Non</span> <span class='ocrx_word' id='word_1_29' title='bbox 283 466 384 506; x_wconf 86' lang='lat' dir='ltr'>enim</span> <span class='ocrx_word' id='word_1_30' title='bbox 422 470 555 517; x_wconf 89' lang='lat' dir='ltr'>posset</span> <span class='ocrx_word' id='word_1_31' title='bbox 591 461 640 502; x_wconf 92' lang='lat' dir='ltr'>de</span> <span class='ocrx_word' id='word_1_32' title='bbox 680 461 829 502; x_wconf 87' lang='lat' dir='ltr'>ossibus</span> <span class='ocrx_word' id='word_1_33' title='bbox 866 461 990 514; x_wconf 81' lang='lat' dir='ltr'>figura</span> <span class='ocrx_word' id='word_1_34' title='bbox 1029 462 1227 514; x_wconf 87' lang='lat' dir='ltr'>componi,</span> <span class='ocrx_word' id='word_1_35' title='bbox 1272 461 1306 501; x_wconf 90' lang='lat' dir='ltr'>si</span> <span class='ocrx_word' id='word_1_36' title='bbox 1341 475 1419 502; x_wconf 92' lang='lat' dir='ltr'>non</span> <span class='ocrx_word' id='word_1_37' title='bbox 1454 460 1496 501; x_wconf 89' lang='lat' dir='ltr'>id</span> 
     </span>
     <span class='ocr_line' id='line_1_6' title="bbox 156 518 1495 578; baseline -0.006 -12"><span class='ocrx_word' id='word_1_38' title='bbox 156 528 278 578; x_wconf 88' lang='lat' dir='ltr'>ipsum</span> <span class='ocrx_word' id='word_1_39' title='bbox 316 531 358 563; x_wconf 92' lang='lat' dir='ltr'>et</span> <span class='ocrx_word' id='word_1_40' title='bbox 395 522 544 562; x_wconf 87' lang='lat' dir='ltr'>ossibus</span> <span class='ocrx_word' id='word_1_41' title='bbox 582 527 808 560; x_wconf 88' lang='lat' dir='ltr'>eventurum</span> <span class='ocrx_word' id='word_1_42' title='bbox 846 527 962 561; x_wconf 90' lang='lat' dir='ltr'>esset.</span> <span class='ocrx_word' id='word_1_43' title='bbox 1024 518 1124 559; x_wconf 88' lang='lat' dir='ltr'>Nam</span> <span class='ocrx_word' id='word_1_44' title='bbox 1161 521 1236 562; x_wconf 82' lang='lat' dir='ltr'>etsi</span> <span class='ocrx_word' id='word_1_45' title='bbox 1274 519 1495 571; x_wconf 85' lang='lat' dir='ltr'>figmentum</span> 
     </span>
     <span class='ocr_line' id='line_1_7' title="bbox 156 576 1496 631; baseline -0.002 -8"><span class='ocrx_word' id='word_1_46' title='bbox 156 583 332 623; x_wconf 81' lang='lat' dir='ltr'>veritatis</span> <span class='ocrx_word' id='word_1_47' title='bbox 357 582 395 620; x_wconf 88' lang='lat' dir='ltr'>in</span> <span class='ocrx_word' id='word_1_48' title='bbox 422 581 587 631; x_wconf 79' lang='lat' dir='ltr'>imagine</span> <span class='ocrx_word' id='word_1_49' title='bbox 613 586 686 626; x_wconf 85' lang='lat' dir='ltr'>est,</span> <span class='ocrx_word' id='word_1_50' title='bbox 713 579 842 630; x_wconf 81' lang='lat' dir='ltr'>imago</span> <span class='ocrx_word' id='word_1_51' title='bbox 869 579 952 630; x_wconf 87' lang='lat' dir='ltr'>ipsa</span> <span class='ocrx_word' id='word_1_52' title='bbox 977 579 1016 617; x_wconf 89' lang='lat' dir='ltr'>in</span> <span class='ocrx_word' id='word_1_53' title='bbox 1040 578 1205 619; x_wconf 86' lang='lat' dir='ltr'>veritate</span> <span class='ocrx_word' id='word_1_54' title='bbox 1225 585 1287 621; x_wconf 75' lang='lat' dir='ltr'>est</span> <span class='ocrx_word' id='word_1_55' title='bbox 1303 578 1375 620; x_wconf 80' lang='lat' dir='ltr'>sui.</span> <span class='ocrx_word' id='word_1_56' title='bbox 1413 576 1496 620; x_wconf 80' lang='lat' dir='ltr'>Ne-</span> 
     </span>
     <span class='ocr_line' id='line_1_8' title="bbox 158 634 1497 690; baseline -0.004 -9"><span class='ocrx_word' id='word_1_57' title='bbox 158 654 268 682; x_wconf 86' lang='lat' dir='ltr'>cesse</span> <span class='ocrx_word' id='word_1_58' title='bbox 295 646 354 679; x_wconf 89' lang='lat' dir='ltr'>est</span> <span class='ocrx_word' id='word_1_59' title='bbox 380 651 466 681; x_wconf 78' lang='lat' dir='ltr'>esse</span> <span class='ocrx_word' id='word_1_60' title='bbox 492 642 597 690; x_wconf 88' lang='lat' dir='ltr'>prius</span> <span class='ocrx_word' id='word_1_61' title='bbox 622 636 716 684; x_wconf 83' lang='lat' dir='ltr'>sibi,</span> <span class='ocrx_word' id='word_1_62' title='bbox 756 650 830 688; x_wconf 92' lang='lat' dir='ltr'>quo</span> <span class='ocrx_word' id='word_1_63' title='bbox 855 637 922 676; x_wconf 85' lang='lat' dir='ltr'>alii</span> <span class='ocrx_word' id='word_1_64' title='bbox 949 636 1228 688; x_wconf 82' lang='lat' dir='ltr'>configuretur.</span> <span class='ocrx_word' id='word_1_65' title='bbox 1289 634 1348 678; x_wconf 77' lang='lat' dir='ltr'>De</span> <span class='ocrx_word' id='word_1_66' title='bbox 1372 648 1497 676; x_wconf 86' lang='lat' dir='ltr'>vacuo</span> 
     </span>
     <span class='ocr_line' id='line_1_9' title="bbox 158 693 1496 762; baseline -0.005 -24"><span class='ocrx_word' id='word_1_67' title='bbox 158 696 366 738; x_wconf 85' lang='lat' dir='ltr'>similitudo</span> <span class='ocrx_word' id='word_1_68' title='bbox 393 710 470 737; x_wconf 92' lang='lat' dir='ltr'>non</span> <span class='ocrx_word' id='word_1_69' title='bbox 497 696 695 762; x_wconf 77' lang='lat' dir='ltr'>competit.</span> <span class='ocrx_word' id='word_1_70' title='bbox 757 693 815 734; x_wconf 87' lang='lat' dir='ltr'>De</span> <span class='ocrx_word' id='word_1_71' title='bbox 842 694 946 734; x_wconf 94' lang='lat' dir='ltr'>nullo</span> <span class='ocrx_word' id='word_1_72' title='bbox 973 694 1159 747; x_wconf 83' lang='lat' dir='ltr'>parabola</span> <span class='ocrx_word' id='word_1_73' title='bbox 1191 707 1268 734; x_wconf 84' lang='lat' dir='ltr'>non</span> <span class='ocrx_word' id='word_1_74' title='bbox 1300 693 1496 734; x_wconf 83' lang='lat' dir='ltr'>convenit.</span> 
     </span>
     <span class='ocr_line' id='line_1_10' title="bbox 159 751 1501 809; baseline -0.002 -15"><span class='ocrx_word' id='word_1_75' title='bbox 159 755 219 795; x_wconf 87' lang='lat' dir='ltr'>lta</span> <span class='ocrx_word' id='word_1_76' title='bbox 244 755 443 809; x_wconf 80' lang='lat' dir='ltr'>oportebit</span> <span class='ocrx_word' id='word_1_77' title='bbox 473 754 612 793; x_wconf 88' lang='lat' dir='ltr'>ossium</span> <span class='ocrx_word' id='word_1_78' title='bbox 645 765 796 804; x_wconf 86' lang='lat' dir='ltr'>quoque</span> <span class='ocrx_word' id='word_1_79' title='bbox 831 751 939 792; x_wconf 88' lang='lat' dir='ltr'>credi</span> <span class='ocrx_word' id='word_1_80' title='bbox 976 753 1322 808; x_wconf 82' lang='lat' dir='ltr'>reviscerationem</span> <span class='ocrx_word' id='word_1_81' title='bbox 1358 758 1400 794; x_wconf 82' lang='lat' dir='ltr'>et</span> <span class='ocrx_word' id='word_1_82' title='bbox 1436 762 1501 792; x_wconf 85' lang='lat' dir='ltr'>re·-</span> 
     </span>
     <span class='ocr_line' id='line_1_11' title="bbox 160 807 1501 906; baseline -0.001 -55"><span class='ocrx_word' id='word_1_83' title='bbox 160 814 431 866; x_wconf 79' lang='lat' dir='ltr'>spirationem,</span> <span class='ocrx_word' id='word_1_84' title='bbox 470 811 628 906; x_wconf 55' lang='grc' dir='ltr'>(ἔηαίἰε</span> <span class='ocrx_word' id='word_1_85' title='bbox 619 808 780 856; x_wconf 85' lang='lat' dir='ltr'>dicitur,</span> <span class='ocrx_word' id='word_1_86' title='bbox 814 808 861 848; x_wconf 90' lang='lat' dir='ltr'>de</span> <span class='ocrx_word' id='word_1_87' title='bbox 889 823 962 861; x_wconf 88' lang='lat' dir='ltr'>qua</span> <span class='ocrx_word' id='word_1_88' title='bbox 986 811 1109 862; x_wconf 86' lang='lat' dir='ltr'>possit</span> <span class='ocrx_word' id='word_1_89' title='bbox 1133 810 1296 862; x_wconf 80' lang='lat' dir='ltr'>exprimi</span> <span class='ocrx_word' id='word_1_90' title='bbox 1322 807 1501 849; x_wconf 79' lang='lat' dir='ltr'>Iudaica-</span> 
     </span>
     <span class='ocr_line' id='line_1_12' title="bbox 160 865 1501 918; baseline -0.004 -9"><span class='ocrx_word' id='word_1_91' title='bbox 160 883 244 909; x_wconf 83' lang='lat' dir='ltr'>rum</span> <span class='ocrx_word' id='word_1_92' title='bbox 269 882 397 910; x_wconf 87' lang='lat' dir='ltr'>rerum</span> <span class='ocrx_word' id='word_1_93' title='bbox 429 881 472 909; x_wconf 84' lang='lat' dir='ltr'>re</span> <span class='ocrx_word' id='word_1_94' title='bbox 492 867 675 913; x_wconf 90' lang='lat' dir='ltr'>ormatio,</span> <span class='ocrx_word' id='word_1_95' title='bbox 715 866 837 918; x_wconf 88' lang='lat' dir='ltr'>qualis</span> <span class='ocrx_word' id='word_1_96' title='bbox 874 866 1079 917; x_wconf 85' lang='lat' dir='ltr'>affingitur.</span> <span class='ocrx_word' id='word_1_97' title='bbox 1143 865 1223 905; x_wconf 89' lang='lat' dir='ltr'>Sed</span> <span class='ocrx_word' id='word_1_98' title='bbox 1253 868 1376 917; x_wconf 82' lang='lat' dir='ltr'>magis</span> <span class='ocrx_word' id='word_1_99' title='bbox 1407 865 1501 906; x_wconf 85' lang='lat' dir='ltr'>reli-</span> 
     </span>
     <span class='ocr_line' id='line_1_13' title="bbox 162 921 1502 980; baseline -0.003 -14"><span class='ocrx_word' id='word_1_100' title='bbox 162 929 311 980; x_wconf 84' lang='lat' dir='ltr'>giosum</span> <span class='ocrx_word' id='word_1_101' title='bbox 339 933 417 973; x_wconf 89' lang='lat' dir='ltr'>est,</span> <span class='ocrx_word' id='word_1_102' title='bbox 453 926 658 966; x_wconf 86' lang='lat' dir='ltr'>veritatem</span> <span class='ocrx_word' id='word_1_103' title='bbox 691 921 739 963; x_wconf 88' lang='lat' dir='ltr'>de</span> <span class='ocrx_word' id='word_1_104' title='bbox 771 936 862 962; x_wconf 89' lang='lat' dir='ltr'>suae</span> <span class='ocrx_word' id='word_1_105' title='bbox 893 925 1058 964; x_wconf 85' lang='lat' dir='ltr'>ver1tate</span> <span class='ocrx_word' id='word_1_106' title='bbox 1073 926 1108 972; x_wconf 87' lang='lat'>¹)</span> <span class='ocrx_word' id='word_1_107' title='bbox 1143 923 1401 976; x_wconf 78' lang='lat' dir='ltr'>simplicitatis</span> <span class='ocrx_word' id='word_1_108' title='bbox 1433 921 1502 962; x_wconf 89' lang='lat' dir='ltr'>de-</span> 
     </span>
     <span class='ocr_line' id='line_1_14' title="bbox 163 978 1503 1048; baseline -0.004 -24"><span class='ocrx_word' id='word_1_109' title='bbox 163 985 288 1032; x_wconf 77' lang='lat' dir='ltr'>fendi,</span> <span class='ocrx_word' id='word_1_110' title='bbox 339 997 450 1037; x_wconf 89' lang='lat' dir='ltr'>quam</span> <span class='ocrx_word' id='word_1_111' title='bbox 487 995 621 1026; x_wconf 85' lang='lat' dir='ltr'>sensus</span> <span class='ocrx_word' id='word_1_112' title='bbox 659 980 811 1022; x_wconf 84' lang='lat' dir='ltr'>divinae</span> <span class='ocrx_word' id='word_1_113' title='bbox 849 982 1126 1048; x_wconf 86' lang='lat' dir='ltr'>propositionis</span> <span class='ocrx_word' id='word_1_114' title='bbox 1164 981 1419 1033; x_wconf 81' lang='lat' dir='ltr'>expostulat.</span> <span class='ocrx_word' id='word_1_115' title='bbox 1459 978 1503 1019; x_wconf 89' lang='lat' dir='ltr'>Si</span> 
     </span>
     <span class='ocr_line' id='line_1_15' title="bbox 163 1037 1502 1091; baseline -0.004 -8"><span class='ocrx_word' id='word_1_116' title='bbox 163 1044 265 1082; x_wconf 89' lang='lat' dir='ltr'>cuim</span> <span class='ocrx_word' id='word_1_117' title='bbox 291 1041 340 1082; x_wconf 89' lang='lat' dir='ltr'>ad</span> <span class='ocrx_word' id='word_1_118' title='bbox 366 1055 429 1082; x_wconf 85' lang='lat' dir='ltr'>res</span> <span class='ocrx_word' id='word_1_119' title='bbox 456 1039 633 1080; x_wconf 83' lang='lat' dir='ltr'>Iudaicas</span> <span class='ocrx_word' id='word_1_120' title='bbox 660 1045 858 1091; x_wconf 80' lang='lat' dir='ltr'>spectaret</span> <span class='ocrx_word' id='word_1_121' title='bbox 883 1039 980 1078; x_wconf 91' lang='lat' dir='ltr'>haec</span> <span class='ocrx_word' id='word_1_122' title='bbox 1006 1040 1127 1086; x_wconf 89' lang='lat' dir='ltr'>visio,</span> <span class='ocrx_word' id='word_1_123' title='bbox 1167 1039 1296 1077; x_wconf 88' lang='lat' dir='ltr'>statim</span> <span class='ocrx_word' id='word_1_124' title='bbox 1326 1037 1502 1080; x_wconf 86' lang='lat' dir='ltr'>revelato</span> 
     </span>
     <span class='ocr_line' id='line_1_16' title="bbox 163 1094 1503 1143; baseline -0.003 -4"><span class='ocrx_word' id='word_1_125' title='bbox 163 1101 238 1140; x_wconf 88' lang='lat' dir='ltr'>situ</span> <span class='ocrx_word' id='word_1_126' title='bbox 265 1101 405 1140; x_wconf 87' lang='lat' dir='ltr'>ossium</span> <span class='ocrx_word' id='word_1_127' title='bbox 429 1098 680 1139; x_wconf 87' lang='lat' dir='ltr'>subiecisset:</span> <span class='ocrx_word' id='word_1_128' title='bbox 720 1109 807 1136; x_wconf 89' lang='lat' dir='ltr'>ossa</span> <span class='ocrx_word' id='word_1_129' title='bbox 839 1096 911 1135; x_wconf 89' lang='lat' dir='ltr'>ista</span> <span class='ocrx_word' id='word_1_130' title='bbox 939 1097 1061 1138; x_wconf 86' lang='lat' dir='ltr'>omnis</span> <span class='ocrx_word' id='word_1_131' title='bbox 1086 1094 1222 1136; x_wconf 86' lang='lat' dir='ltr'>domus</span> <span class='ocrx_word' id='word_1_132' title='bbox 1247 1095 1404 1138; x_wconf 72' lang='lat' dir='ltr'>Israelis</span> <span class='ocrx_word' id='word_1_133' title='bbox 1428 1101 1503 1143; x_wconf 80' lang='lat' dir='ltr'>est.</span> 
     </span>
     <span class='ocr_line' id='line_1_17' title="bbox 165 1151 1505 1208; baseline -0.003 -11"><span class='ocrx_word' id='word_1_134' title='bbox 165 1165 204 1197; x_wconf 90' lang='lat' dir='ltr'>et</span> <span class='ocrx_word' id='word_1_135' title='bbox 241 1164 376 1197; x_wconf 89' lang='lat' dir='ltr'>cetera</span> <span class='ocrx_word' id='word_1_136' title='bbox 413 1155 613 1208; x_wconf 82' lang='lat' dir='ltr'>deinceps.</span> <span class='ocrx_word' id='word_1_137' title='bbox 674 1153 729 1193; x_wconf 88' lang='lat' dir='ltr'>At</span> <span class='ocrx_word' id='word_1_138' title='bbox 767 1167 851 1193; x_wconf 90' lang='lat' dir='ltr'>cum</span> <span class='ocrx_word' id='word_1_139' title='bbox 890 1154 1056 1196; x_wconf 85' lang='lat' dir='ltr'>ostensis</span> <span class='ocrx_word' id='word_1_140' title='bbox 1089 1154 1239 1194; x_wconf 82' lang='lat' dir='ltr'>ossibus</span> <span class='ocrx_word' id='word_1_141' title='bbox 1269 1151 1318 1195; x_wconf 82' lang='lat' dir='ltr'>de</span> <span class='ocrx_word' id='word_1_142' title='bbox 1342 1153 1505 1207; x_wconf 82' lang='lat' dir='ltr'>propria</span> 
     </span>
     <span class='ocr_line' id='line_1_18' title="bbox 165 1210 1506 1268; baseline -0.004 -14"><span class='ocrx_word' id='word_1_143' title='bbox 165 1229 232 1268; x_wconf 88' lang='lat' dir='ltr'>spe</span> <span class='ocrx_word' id='word_1_144' title='bbox 259 1228 391 1254; x_wconf 88' lang='lat' dir='ltr'>eorum</span> <span class='ocrx_word' id='word_1_145' title='bbox 418 1212 509 1266; x_wconf 84' lang='lat' dir='ltr'>quid</span> <span class='ocrx_word' id='word_1_146' title='bbox 542 1213 782 1264; x_wconf 79' lang='lat' dir='ltr'>obloquitur,</span> <span class='ocrx_word' id='word_1_147' title='bbox 822 1211 989 1252; x_wconf 88' lang='lat' dir='ltr'>nondum</span> <span class='ocrx_word' id='word_1_148' title='bbox 1026 1212 1222 1251; x_wconf 88' lang='lat' dir='ltr'>nominato</span> <span class='ocrx_word' id='word_1_149' title='bbox 1261 1210 1425 1258; x_wconf 86' lang='lat' dir='ltr'>Israele‚</span> <span class='ocrx_word' id='word_1_150' title='bbox 1464 1216 1506 1250; x_wconf 91' lang='lat' dir='ltr'>et</span> 
     </span>
     <span class='ocr_line' id='line_1_19' title="bbox 166 1269 1506 1325; baseline -0.004 -13"><span class='ocrx_word' id='word_1_151' title='bbox 166 1272 279 1312; x_wconf 83' lang='lat' dir='ltr'>fidem</span> <span class='ocrx_word' id='word_1_152' title='bbox 305 1279 430 1312; x_wconf 86' lang='lat' dir='ltr'>tentat</span> <span class='ocrx_word' id='word_1_153' title='bbox 454 1271 689 1325; x_wconf 87' lang='lat' dir='ltr'>prophetae:</span> <span class='ocrx_word' id='word_1_154' title='bbox 729 1269 783 1310; x_wconf 84' lang='lat' dir='ltr'>fili</span> <span class='ocrx_word' id='word_1_155' title='bbox 809 1269 993 1318; x_wconf 87' lang='lat' dir='ltr'>hominis,</span> <span class='ocrx_word' id='word_1_156' title='bbox 1032 1271 1064 1310; x_wconf 88' lang='lat' dir='ltr'>si</span> <span class='ocrx_word' id='word_1_157' title='bbox 1094 1270 1226 1311; x_wconf 91' lang='lat' dir='ltr'>vivent</span> <span class='ocrx_word' id='word_1_158' title='bbox 1249 1270 1364 1309; x_wconf 73' lang='lat' dir='ltr'>ossa?</span> <span class='ocrx_word' id='word_1_159' title='bbox 1399 1275 1442 1308; x_wconf 87' lang='lat' dir='ltr'>ut</span> <span class='ocrx_word' id='word_1_160' title='bbox 1465 1274 1506 1309; x_wconf 85' lang='lat' dir='ltr'>et</span> 
     </span>
     <span class='ocr_line' id='line_1_20' title="bbox 166 1325 1507 1382; baseline -0.004 -12"><span class='ocrx_word' id='word_1_161' title='bbox 166 1332 232 1370; x_wconf 90' lang='lat' dir='ltr'>ille</span> <span class='ocrx_word' id='word_1_162' title='bbox 258 1329 534 1382; x_wconf 85' lang='lat' dir='ltr'>responderet:</span> <span class='ocrx_word' id='word_1_163' title='bbox 573 1328 746 1375; x_wconf 89' lang='lat' dir='ltr'>domine,</span> <span class='ocrx_word' id='word_1_164' title='bbox 784 1334 826 1366; x_wconf 87' lang='lat' dir='ltr'>tu</span> <span class='ocrx_word' id='word_1_165' title='bbox 856 1329 949 1368; x_wconf 86' lang='lat' dir='ltr'>scis.</span> <span class='ocrx_word' id='word_1_166' title='bbox 1011 1326 1102 1368; x_wconf 91' lang='lat' dir='ltr'>Non</span> <span class='ocrx_word' id='word_1_167' title='bbox 1134 1329 1265 1380; x_wconf 83' lang='lat' dir='ltr'>utique</span> <span class='ocrx_word' id='word_1_168' title='bbox 1291 1325 1386 1368; x_wconf 80' lang='lat' dir='ltr'>deus</span> <span class='ocrx_word' id='word_1_169' title='bbox 1413 1338 1507 1379; x_wconf 87' lang='lat' dir='ltr'>pro·</span> 
     </span>
     <span class='ocr_line' id='line_1_21' title="bbox 167 1386 1505 1440; baseline -0.003 -14"><span class='ocrx_word' id='word_1_170' title='bbox 167 1388 310 1440; x_wconf 86' lang='lat' dir='ltr'>phetae</span> <span class='ocrx_word' id='word_1_171' title='bbox 342 1386 456 1428; x_wconf 86' lang='lat' dir='ltr'>fidem</span> <span class='ocrx_word' id='word_1_172' title='bbox 490 1386 537 1426; x_wconf 90' lang='lat' dir='ltr'>de</span> <span class='ocrx_word' id='word_1_173' title='bbox 570 1399 617 1424; x_wconf 91' lang='lat' dir='ltr'>ea</span> <span class='ocrx_word' id='word_1_174' title='bbox 649 1398 692 1424; x_wconf 81' lang='lat' dir='ltr'>re</span> <span class='ocrx_word' id='word_1_175' title='bbox 724 1391 931 1432; x_wconf 85' lang='lat' dir='ltr'>tentasset,</span> <span class='ocrx_word' id='word_1_176' title='bbox 972 1399 1070 1438; x_wconf 87' lang='lat' dir='ltr'>quae</span> <span class='ocrx_word' id='word_1_177' title='bbox 1107 1386 1235 1426; x_wconf 82' lang='lat' dir='ltr'>futura</span> <span class='ocrx_word' id='word_1_178' title='bbox 1273 1398 1350 1427; x_wconf 88' lang='lat' dir='ltr'>non</span> <span class='ocrx_word' id='word_1_179' title='bbox 1387 1389 1505 1437; x_wconf 77' lang='lat' dir='ltr'>esset,</span> 
     </span>
     <span class='ocr_line' id='line_1_22' title="bbox 170 1441 1505 1496; baseline -0.001 -14"><span class='ocrx_word' id='word_1_180' title='bbox 170 1458 281 1496; x_wconf 90' lang='lat' dir='ltr'>quam</span> <span class='ocrx_word' id='word_1_181' title='bbox 307 1457 497 1495; x_wconf 89' lang='lat' dir='ltr'>nunquam</span> <span class='ocrx_word' id='word_1_182' title='bbox 523 1443 644 1482; x_wconf 89' lang='lat' dir='ltr'>Israel</span> <span class='ocrx_word' id='word_1_183' title='bbox 669 1441 859 1489; x_wconf 79' lang='lat' dir='ltr'>audisset,</span> <span class='ocrx_word' id='word_1_184' title='bbox 900 1456 1011 1494; x_wconf 85' lang='lat' dir='ltr'>quam</span> <span class='ocrx_word' id='word_1_185' title='bbox 1043 1442 1153 1483; x_wconf 90' lang='lat' dir='ltr'>credi</span> <span class='ocrx_word' id='word_1_186' title='bbox 1184 1457 1263 1484; x_wconf 86' lang='lat' dir='ltr'>non</span> <span class='ocrx_word' id='word_1_187' title='bbox 1289 1447 1505 1496; x_wconf 81' lang='lat' dir='ltr'>oporteret.</span> 
     </span>
     <span class='ocr_line' id='line_1_23' title="bbox 172 1498 1507 1553; baseline 0 -14"><span class='ocrx_word' id='word_1_188' title='bbox 172 1500 252 1540; x_wconf 91' lang='lat' dir='ltr'>Sed</span> <span class='ocrx_word' id='word_1_189' title='bbox 279 1502 458 1553; x_wconf 86' lang='lat' dir='ltr'>quoniam</span> <span class='ocrx_word' id='word_1_190' title='bbox 483 1498 786 1552; x_wconf 75' lang='lat' dir='ltr'>praedicabatur</span> <span class='ocrx_word' id='word_1_191' title='bbox 812 1498 964 1550; x_wconf 90' lang='lat' dir='ltr'>quidem</span> <span class='ocrx_word' id='word_1_192' title='bbox 990 1502 1228 1540; x_wconf 84' lang='lat' dir='ltr'>resurrectio</span> <span class='ocrx_word' id='word_1_193' title='bbox 1254 1507 1507 1546; x_wconf 81' lang='lat' dir='ltr'>mortuorum,</span> 
     </span>
     <span class='ocr_line' id='line_1_24' title="bbox 172 1555 1508 1609; baseline -0.001 -11"><span class='ocrx_word' id='word_1_194' title='bbox 172 1558 294 1598; x_wconf 86' lang='lat' dir='ltr'>Israel</span> <span class='ocrx_word' id='word_1_195' title='bbox 318 1571 412 1596; x_wconf 89' lang='lat' dir='ltr'>vero</span> <span class='ocrx_word' id='word_1_196' title='bbox 444 1570 514 1609; x_wconf 88' lang='lat' dir='ltr'>pro</span> <span class='ocrx_word' id='word_1_197' title='bbox 547 1570 615 1596; x_wconf 90' lang='lat' dir='ltr'>sua</span> <span class='ocrx_word' id='word_1_198' title='bbox 646 1555 917 1596; x_wconf 87' lang='lat' dir='ltr'>incredulitate</span> <span class='ocrx_word' id='word_1_199' title='bbox 950 1555 1125 1595; x_wconf 86' lang='lat' dir='ltr'>diffidens</span> <span class='ocrx_word' id='word_1_200' title='bbox 1156 1557 1508 1603; x_wconf 81' lang='lat' dir='ltr'>scandalizabatur,</span> 
     </span>
     <span class='ocr_line' id='line_1_25' title="bbox 172 1612 1509 1668; baseline -0.003 -12"><span class='ocrx_word' id='word_1_201' title='bbox 172 1623 213 1656; x_wconf 87' lang='lat' dir='ltr'>et</span> <span class='ocrx_word' id='word_1_202' title='bbox 237 1617 429 1668; x_wconf 81' lang='lat' dir='ltr'>aspiciens</span> <span class='ocrx_word' id='word_1_203' title='bbox 455 1614 624 1653; x_wconf 89' lang='lat' dir='ltr'>habitum</span> <span class='ocrx_word' id='word_1_204' title='bbox 656 1615 896 1654; x_wconf 87' lang='lat' dir='ltr'>senescentis</span> <span class='ocrx_word' id='word_1_205' title='bbox 927 1615 1148 1666; x_wconf 87' lang='lat' dir='ltr'>sepulturae</span> <span class='ocrx_word' id='word_1_206' title='bbox 1181 1612 1414 1666; x_wconf 82' lang='lat' dir='ltr'>desperabat</span> <span class='ocrx_word' id='word_1_207' title='bbox 1445 1626 1509 1652; x_wconf 87' lang='lat' dir='ltr'>re·</span> 
     </span>
     <span class='ocr_line' id='line_1_26' title="bbox 173 1669 1509 1723; baseline -0.002 -10"><span class='ocrx_word' id='word_1_208' title='bbox 173 1674 474 1720; x_wconf 83' lang='lat' dir='ltr'>surrectionem,</span> <span class='ocrx_word' id='word_1_209' title='bbox 499 1672 560 1710; x_wconf 89' lang='lat' dir='ltr'>vel</span> <span class='ocrx_word' id='word_1_210' title='bbox 586 1685 662 1711; x_wconf 89' lang='lat' dir='ltr'>non</span> <span class='ocrx_word' id='word_1_211' title='bbox 688 1673 726 1710; x_wconf 88' lang='lat' dir='ltr'>in</span> <span class='ocrx_word' id='word_1_212' title='bbox 753 1684 838 1710; x_wconf 90' lang='lat' dir='ltr'>eam</span> <span class='ocrx_word' id='word_1_213' title='bbox 864 1672 989 1723; x_wconf 90' lang='lat' dir='ltr'>potius</span> <span class='ocrx_word' id='word_1_214' title='bbox 1015 1673 1179 1710; x_wconf 85' lang='lat' dir='ltr'>animum</span> <span class='ocrx_word' id='word_1_215' title='bbox 1206 1670 1412 1722; x_wconf 78' lang='lat' dir='ltr'>dirigebat,</span> <span class='ocrx_word' id='word_1_216' title='bbox 1438 1669 1509 1712; x_wconf 78' lang='lat' dir='ltr'>sed</span> 
     </span>
     <span class='ocr_line' id='line_1_27' title="bbox 173 1727 1511 1780; baseline -0.004 -9"><span class='ocrx_word' id='word_1_217' title='bbox 173 1733 212 1771; x_wconf 93' lang='lat' dir='ltr'>in</span> <span class='ocrx_word' id='word_1_218' title='bbox 239 1731 547 1771; x_wconf 78' lang='lat' dir='ltr'>circumstantias</span> <span class='ocrx_word' id='word_1_219' title='bbox 573 1743 681 1776; x_wconf 84' lang='lat' dir='ltr'>suas3</span> <span class='ocrx_word' id='word_1_220' title='bbox 717 1727 868 1768; x_wconf 82' lang='lat' dir='ltr'>idcirco</span> <span class='ocrx_word' id='word_1_221' title='bbox 895 1727 989 1767; x_wconf 89' lang='lat' dir='ltr'>deus</span> <span class='ocrx_word' id='word_1_222' title='bbox 1016 1735 1055 1767; x_wconf 92' lang='lat' dir='ltr'>et</span> <span class='ocrx_word' id='word_1_223' title='bbox 1080 1728 1308 1780; x_wconf 86' lang='lat' dir='ltr'>prophetam</span> <span class='ocrx_word' id='word_1_224' title='bbox 1334 1727 1444 1780; x_wconf 87' lang='lat' dir='ltr'>quasi</span> <span class='ocrx_word' id='word_1_225' title='bbox 1467 1735 1511 1767; x_wconf 87' lang='lat' dir='ltr'>et</span> 
     </span>
     <span class='ocr_line' id='line_1_28' title="bbox 174 1783 1510 1842; baseline -0.003 -14"><span class='ocrx_word' id='word_1_226' title='bbox 174 1791 296 1842; x_wconf 90' lang='lat' dir='ltr'>ipsum</span> <span class='ocrx_word' id='word_1_227' title='bbox 322 1787 475 1828; x_wconf 91' lang='lat' dir='ltr'>dubium</span> <span class='ocrx_word' id='word_1_228' title='bbox 501 1788 738 1840; x_wconf 85' lang='lat' dir='ltr'>praestruxit</span> <span class='ocrx_word' id='word_1_229' title='bbox 763 1785 811 1825; x_wconf 85' lang='lat' dir='ltr'>ad</span> <span class='ocrx_word' id='word_1_230' title='bbox 838 1787 1092 1827; x_wconf 84' lang='lat' dir='ltr'>constantiam</span> <span class='ocrx_word' id='word_1_231' title='bbox 1118 1784 1421 1838; x_wconf 82' lang='lat' dir='ltr'>praedicationis</span> <span class='ocrx_word' id='word_1_232' title='bbox 1443 1783 1446 1787; x_wconf 82' lang='grc'><strong>’</strong></span> <span class='ocrx_word' id='word_1_233' title='bbox 1491 1807 1510 1816; x_wconf 89' lang='grc'>-</span> 
     </span>
     <span class='ocr_line' id='line_1_29' title="bbox 173 1842 1510 1897; baseline -0.001 -13"><span class='ocrx_word' id='word_1_234' title='bbox 173 1847 302 1887; x_wconf 88' lang='lat' dir='ltr'>velato</span> <span class='ocrx_word' id='word_1_235' title='bbox 330 1845 466 1887; x_wconf 90' lang='lat' dir='ltr'>ordine</span> <span class='ocrx_word' id='word_1_236' title='bbox 492 1844 810 1891; x_wconf 85' lang='lat' dir='ltr'>resurrectionis,</span> <span class='ocrx_word' id='word_1_237' title='bbox 844 1850 885 1882; x_wconf 87' lang='lat' dir='ltr'>et</span> <span class='ocrx_word' id='word_1_238' title='bbox 908 1844 1052 1897; x_wconf 89' lang='lat' dir='ltr'>populo</span> <span class='ocrx_word' id='word_1_239' title='bbox 1078 1843 1118 1885; x_wconf 87' lang='lat' dir='ltr'>id</span> <span class='ocrx_word' id='word_1_240' title='bbox 1143 1842 1379 1885; x_wconf 88' lang='lat' dir='ltr'>eredendum</span> <span class='ocrx_word' id='word_1_241' title='bbox 1404 1857 1438 1883; x_wconf 88' lang='lat' dir='ltr'>m</span> <span class='ocrx_word' id='word_1_242' title='bbox 1493 1865 1510 1873; x_wconf 93' lang='lat'>-</span> 
     </span>
     <span class='ocr_line' id='line_1_30' title="bbox 175 1900 1510 1957; baseline -0.004 -13"><span class='ocrx_word' id='word_1_243' title='bbox 175 1904 292 1952; x_wconf 88' lang='lat' dir='ltr'>davit,</span> <span class='ocrx_word' id='word_1_244' title='bbox 332 1903 434 1957; x_wconf 90' lang='lat' dir='ltr'>quod</span> <span class='ocrx_word' id='word_1_245' title='bbox 470 1903 685 1956; x_wconf 88' lang='lat' dir='ltr'>prophetae</span> <span class='ocrx_word' id='word_1_246' title='bbox 722 1902 930 1950; x_wconf 88' lang='lat' dir='ltr'>revelavit,</span> <span class='ocrx_word' id='word_1_247' title='bbox 968 1903 1074 1955; x_wconf 87' lang='lat' dir='ltr'>ipsos</span> <span class='ocrx_word' id='word_1_248' title='bbox 1108 1900 1246 1941; x_wconf 85' lang='lat' dir='ltr'>dicens</span> <span class='ocrx_word' id='word_1_249' title='bbox 1281 1914 1369 1944; x_wconf 86' lang='lat' dir='ltr'>esse</span> <span class='ocrx_word' id='word_1_250' title='bbox 1407 1913 1510 1947; x_wconf 88' lang='lat' dir='ltr'>ossa,</span> 
     </span>
     <span class='ocr_line' id='line_1_31' title="bbox 177 1958 1506 2015; baseline -0.002 -14"><span class='ocrx_word' id='word_1_251' title='bbox 177 1975 275 2015; x_wconf 83' lang='lat' dir='ltr'>quae</span> <span class='ocrx_word' id='word_1_252' title='bbox 301 1969 413 2001; x_wconf 82' lang='lat' dir='ltr'>erant</span> <span class='ocrx_word' id='word_1_253' title='bbox 442 1968 731 2009; x_wconf 77' lang='lat' dir='ltr'>resurrectura,</span> <span class='ocrx_word' id='word_1_254' title='bbox 770 1961 834 2013; x_wconf 90' lang='lat' dir='ltr'>qui</span> <span class='ocrx_word' id='word_1_255' title='bbox 864 1974 942 1999; x_wconf 89' lang='lat' dir='ltr'>non</span> <span class='ocrx_word' id='word_1_256' title='bbox 975 1958 1188 1999; x_wconf 87' lang='lat' dir='ltr'>credebant</span> <span class='ocrx_word' id='word_1_257' title='bbox 1219 1966 1506 2000; x_wconf 83' lang='lat' dir='ltr'>resurrectura.</span> 
     </span>
     <span class='ocr_line' id='line_1_32' title="bbox 177 2014 1511 2072; baseline -0.003 -13"><span class='ocrx_word' id='word_1_258' title='bbox 177 2020 352 2072; x_wconf 88' lang='lat' dir='ltr'>Denique</span> <span class='ocrx_word' id='word_1_259' title='bbox 378 2020 417 2058; x_wconf 91' lang='lat' dir='ltr'>in</span> <span class='ocrx_word' id='word_1_260' title='bbox 444 2020 633 2067; x_wconf 87' lang='lat' dir='ltr'>clausula,</span> <span class='ocrx_word' id='word_1_261' title='bbox 671 2026 712 2058; x_wconf 88' lang='lat' dir='ltr'>et</span> <span class='ocrx_word' id='word_1_262' title='bbox 737 2019 1008 2070; x_wconf 87' lang='lat' dir='ltr'>cognoscetis,</span> <span class='ocrx_word' id='word_1_263' title='bbox 1040 2018 1182 2070; x_wconf 84' lang='lat' dir='ltr'>inquit,</span> <span class='ocrx_word' id='word_1_264' title='bbox 1209 2016 1312 2069; x_wconf 85' lang='lat' dir='ltr'>quod</span> <span class='ocrx_word' id='word_1_265' title='bbox 1338 2030 1413 2068; x_wconf 87' lang='lat' dir='ltr'>ego</span> <span class='ocrx_word' id='word_1_266' title='bbox 1440 2014 1511 2056; x_wconf 88' lang='lat' dir='ltr'>do-</span> 
     </span>
     <span class='ocr_line' id='line_1_33' title="bbox 178 2073 1510 2128; baseline -0.003 -12"><span class='ocrx_word' id='word_1_267' title='bbox 178 2079 300 2116; x_wconf 90' lang='lat' dir='ltr'>minus</span> <span class='ocrx_word' id='word_1_268' title='bbox 325 2077 476 2117; x_wconf 89' lang='lat' dir='ltr'>locutus</span> <span class='ocrx_word' id='word_1_269' title='bbox 502 2079 571 2117; x_wconf 93' lang='lat' dir='ltr'>sim</span> <span class='ocrx_word' id='word_1_270' title='bbox 597 2084 638 2116; x_wconf 91' lang='lat' dir='ltr'>et</span> <span class='ocrx_word' id='word_1_271' title='bbox 663 2077 837 2124; x_wconf 84' lang='lat' dir='ltr'>fecerim,</span> <span class='ocrx_word' id='word_1_272' title='bbox 864 2075 903 2116; x_wconf 86' lang='lat' dir='ltr'>id</span> <span class='ocrx_word' id='word_1_273' title='bbox 930 2076 1059 2128; x_wconf 85' lang='lat' dir='ltr'>utique</span> <span class='ocrx_word' id='word_1_274' title='bbox 1085 2075 1273 2123; x_wconf 87' lang='lat' dir='ltr'>facturus,</span> <span class='ocrx_word' id='word_1_275' title='bbox 1299 2073 1401 2127; x_wconf 85' lang='lat' dir='ltr'>quod</span> <span class='ocrx_word' id='word_1_276' title='bbox 1426 2074 1510 2112; x_wconf 79' lang='lat' dir='ltr'>fue-</span> 
     </span>
     <span class='ocr_line' id='line_1_34' title="bbox 179 2131 1511 2211; baseline -0.003 -37"><span class='ocrx_word' id='word_1_277' title='bbox 179 2142 240 2174; x_wconf 86' lang='lat' dir='ltr'>rat</span> <span class='ocrx_word' id='word_1_278' title='bbox 265 2135 428 2174; x_wconf 90' lang='lat' dir='ltr'>locutus</span> <span class='ocrx_word' id='word_1_279' title='bbox 480 2135 662 2178; x_wconf 84' lang='lat' dir='ltr'>Ceterum</span> <span class='ocrx_word' id='word_1_280' title='bbox 687 2148 764 2174; x_wconf 88' lang='lat' dir='ltr'>non</span> <span class='ocrx_word' id='word_1_281' title='bbox 790 2133 830 2175; x_wconf 93' lang='lat' dir='ltr'>id</span> <span class='ocrx_word' id='word_1_282' title='bbox 854 2135 1040 2182; x_wconf 82' lang='lat' dir='ltr'>facturus,</span> <span class='ocrx_word' id='word_1_283' title='bbox 1067 2131 1168 2186; x_wconf 84' lang='lat' dir='ltr'>quod</span> <span class='ocrx_word' id='word_1_284' title='bbox 1192 2133 1357 2211; x_wconf 88' lang='lat' dir='ltr'>locutus,</span> <span class='ocrx_word' id='word_1_285' title='bbox 1384 2131 1417 2172; x_wconf 87' lang='lat' dir='ltr'>si</span> <span class='ocrx_word' id='word_1_286' title='bbox 1441 2131 1511 2172; x_wconf 86' lang='lat' dir='ltr'>ali-</span> 
     </span>
     <span class='ocr_line' id='line_1_35' title="bbox 180 2194 775 2246; baseline 0 -15"><span class='ocrx_word' id='word_1_287' title='bbox 180 2200 241 2233; x_wconf 83' lang='lat' dir='ltr'>ter</span> <span class='ocrx_word' id='word_1_288' title='bbox 264 2194 447 2240; x_wconf 84' lang='lat' dir='ltr'>facturus,</span> <span class='ocrx_word' id='word_1_289' title='bbox 475 2207 585 2246; x_wconf 85' lang='lat' dir='ltr'>quam</span> <span class='ocrx_word' id='word_1_290' title='bbox 612 2194 775 2232; x_wconf 85' lang='lat' dir='ltr'>locutus.</span> 
     </span>
    </p>

    <p class='ocr_par' dir='ltr' id='par_1_3' title="bbox 181 2248 1513 2476">
     <span class='ocr_line' id='line_1_36' title="bbox 295 2248 1512 2302; baseline -0.004 -12"><span class='ocrx_word' id='word_1_291' title='bbox 295 2250 532 2293; x_wconf 81' lang='lat' dir='ltr'>31.P1ane</span> <span class='ocrx_word' id='word_1_292' title='bbox 564 2252 596 2291; x_wconf 90' lang='lat' dir='ltr'>si</span> <span class='ocrx_word' id='word_1_293' title='bbox 629 2257 669 2289; x_wconf 90' lang='lat' dir='ltr'>et</span> <span class='ocrx_word' id='word_1_294' title='bbox 698 2251 861 2302; x_wconf 79' lang='lat' dir='ltr'>populus</span> <span class='ocrx_word' id='word_1_295' title='bbox 898 2249 1110 2301; x_wconf 80' lang='lat' dir='ltr'>allegorice</span> <span class='ocrx_word' id='word_1_296' title='bbox 1149 2248 1387 2294; x_wconf 84' lang='lat' dir='ltr'>mussitaret,</span> <span class='ocrx_word' id='word_1_297' title='bbox 1425 2258 1512 2286; x_wconf 79' lang='lat' dir='ltr'>ossa</span> 
     </span>
     <span class='ocr_line' id='line_1_37' title="bbox 181 2304 1511 2360; baseline -0.003 -14"><span class='ocrx_word' id='word_1_298' title='bbox 181 2321 249 2346; x_wconf 87' lang='lat' dir='ltr'>sua</span> <span class='ocrx_word' id='word_1_299' title='bbox 280 2309 470 2356; x_wconf 84' lang='lat' dir='ltr'>arefacta,</span> <span class='ocrx_word' id='word_1_300' title='bbox 510 2316 550 2351; x_wconf 89' lang='lat' dir='ltr'>et</span> <span class='ocrx_word' id='word_1_301' title='bbox 580 2321 685 2360; x_wconf 92' lang='lat' dir='ltr'>spem</span> <span class='ocrx_word' id='word_1_302' title='bbox 717 2322 820 2348; x_wconf 89' lang='lat' dir='ltr'>suam</span> <span class='ocrx_word' id='word_1_303' title='bbox 847 2307 1056 2360; x_wconf 84' lang='lat' dir='ltr'>perditam,</span> <span class='ocrx_word' id='word_1_304' title='bbox 1093 2305 1344 2358; x_wconf 83' lang='lat' dir='ltr'>dispersionis</span> <span class='ocrx_word' id='word_1_305' title='bbox 1369 2304 1511 2345; x_wconf 80' lang='lat' dir='ltr'>exitum</span> 
     </span>
     <span class='ocr_line' id='line_1_38' title="bbox 183 2363 1511 2416; baseline -0.004 -12"><span class='ocrx_word' id='word_1_306' title='bbox 183 2367 374 2416; x_wconf 84' lang='lat' dir='ltr'>querulus,</span> <span class='ocrx_word' id='word_1_307' title='bbox 401 2368 538 2406; x_wconf 88' lang='lat' dir='ltr'>merito</span> <span class='ocrx_word' id='word_1_308' title='bbox 565 2365 764 2406; x_wconf 87' lang='lat' dir='ltr'>videretur</span> <span class='ocrx_word' id='word_1_309' title='bbox 788 2373 829 2405; x_wconf 90' lang='lat' dir='ltr'>et</span> <span class='ocrx_word' id='word_1_310' title='bbox 854 2365 947 2404; x_wconf 89' lang='lat' dir='ltr'>deus</span> <span class='ocrx_word' id='word_1_311' title='bbox 973 2365 1173 2416; x_wconf 79' lang='lat' dir='ltr'>figuratam</span> <span class='ocrx_word' id='word_1_312' title='bbox 1199 2363 1511 2415; x_wconf 82' lang='lat' dir='ltr'>desperationem</span> 
     </span>
     <span class='ocr_line' id='line_1_39' title="bbox 186 2418 1513 2476; baseline -0.003 -17"><span class='ocrx_word' id='word_1_313' title='bbox 186 2422 347 2473; x_wconf 83' lang='lat' dir='ltr'>figurata</span> <span class='ocrx_word' id='word_1_314' title='bbox 371 2425 625 2476; x_wconf 87' lang='lat' dir='ltr'>promissione</span> <span class='ocrx_word' id='word_1_315' title='bbox 653 2424 886 2463; x_wconf 88' lang='lat' dir='ltr'>consolatus.</span> <span class='ocrx_word' id='word_1_316' title='bbox 939 2422 1018 2461; x_wconf 90' lang='lat' dir='ltr'>Sed</span> <span class='ocrx_word' id='word_1_317' title='bbox 1044 2436 1127 2461; x_wconf 86' lang='lat' dir='ltr'>cum</span> <span class='ocrx_word' id='word_1_318' title='bbox 1155 2420 1404 2474; x_wconf 87' lang='lat' dir='ltr'>dispersionis</span> <span class='ocrx_word' id='word_1_319' title='bbox 1430 2418 1513 2470; x_wconf 85' lang='lat' dir='ltr'>qui-</span> 
     </span>
    </p>
   </div>
   <div class='ocr_carea' id='block_1_3' title="bbox 187 2536 1511 2647">
    <p class='ocr_par' dir='ltr' id='par_1_4' title="bbox 187 2536 1511 2647">
     <span class='ocr_line' id='line_1_40' title="bbox 278 2536 1511 2600; baseline -0.003 -8"><span class='ocrx_word' id='word_1_320' title='bbox 278 2561 315 2600; x_wconf 91' lang='lat'>1)</span> <span class='ocrx_word' id='word_1_321' title='bbox 340 2562 431 2594; x_wconf 87' lang='lat' dir='ltr'>Gel.:</span> <span class='ocrx_word' id='word_1_322' title='bbox 468 2563 516 2593; x_wconf 85' lang='lat' dir='ltr'>de</span> <span class='ocrx_word' id='word_1_323' title='bbox 541 2572 617 2594; x_wconf 84' lang='lat' dir='ltr'>sua</span> <span class='ocrx_word' id='word_1_324' title='bbox 642 2562 914 2595; x_wconf 82' lang='lat' dir='ltr'>auctoritate</span> <span class='ocrx_word' id='word_1_325' title='bbox 940 2562 981 2592; x_wconf 80' lang='lat' dir='ltr'>et</span> <span class='ocrx_word' id='word_1_326' title='bbox 1006 2536 1388 2599; x_wconf 73' lang='lat' dir='ltr'>simplicitate3&#39;ed.</span> <span class='ocrx_word' id='word_1_327' title='bbox 1409 2555 1511 2588; x_wconf 81' lang='lat' dir='ltr'>Fran.</span> 
     </span>
     <span class='ocr_line' id='line_1_41' title="bbox 187 2605 1157 2647; baseline 0.002 -12"><span class='ocrx_word' id='word_1_328' title='bbox 187 2607 222 2636; x_wconf 84' lang='lat' dir='ltr'>et</span> <span class='ocrx_word' id='word_1_329' title='bbox 246 2606 318 2647; x_wconf 85' lang='lat' dir='ltr'>Rig.</span> <span class='ocrx_word' id='word_1_330' title='bbox 346 2607 391 2637; x_wconf 88' lang='lat' dir='ltr'>de</span> <span class='ocrx_word' id='word_1_331' title='bbox 417 2617 519 2638; x_wconf 80' lang='lat' dir='ltr'>suae</span> <span class='ocrx_word' id='word_1_332' title='bbox 545 2609 813 2640; x_wconf 81' lang='lat' dir='ltr'>auctoritate</span> <span class='ocrx_word' id='word_1_333' title='bbox 838 2605 1157 2647; x_wconf 79' lang='lat' dir='ltr'>simplicitatis.</span> 
     </span>
    </p>
   </div>
  </div>
 </body>
</html>
