1604 2800
461 195 585 227 anv.
620 194 1057 226 HERMOGENEM.
1375 190 1443 228 15

113 292 219 344 ipso;
258 302 334 341 ego
366 300 490 335 eram,
523 286 571 327 ad
605 300 716 339 quem
742 285 953 339 gaudebat3
988 284 1157 337 quotidie
1184 292 1309 325 autem
1336 285 1444 325 oble-

114 347 249 387 ctabar
281 348 319 386 in
355 359 521 399 persona
553 347 655 392 eius,
694 343 844 396 quando
872 343 1159 390 oblectabatur,
1205 357 1288 382 cum
1314 344 1445 396 perfe-

115 406 236 444 cisset
260 404 413 450 orbem,
451 410 492 442 et
521 402 833 442 inoblectabatur
857 403 894 439 in
922 401 1008 439 filiis
1039 401 1291 451 hominum.¹)
1352 400 1445 449 Quis

115 475 191 502 non
223 462 322 501 hanc
353 461 480 514 potius
511 461 676 499 omnium
720 460 863 498 fontem
902 465 942 498 et
973 459 1165 510 originem·
1198 460 1444 498 materiarum

116 518 378 565 commendet,
410 522 608 557 materiam
634 519 775 569 ver02)
802 530 877 554 non
904 516 975 555 sibi
1002 515 1210 562 subditam,
1243 530 1318 554 non
1345 523 1445 555 statu

116 576 327 623 diversam,
365 589 441 614 non
467 583 570 614 motu
596 576 824 627 inquietam,
863 587 939 612 non
964 573 1096 612 habitu
1122 574 1343 619 informem,
1376 573 1446 612 sed

115 636 283 681 insitam,
309 641 350 673 et
369 635 577 686 propriam,
604 640 644 672 et
658 632 923 685 compositam,
950 638 991 670 et
1011 629 1207 677 decoram,
1235 632 1336 683 quali
1352 630 1447 669 deus

116 693 242 745 potuit
271 692 445 743 eguisse,
482 691 539 729 sui
572 691 693 741 magis
726 703 836 742 quam
868 689 985 727 alieni
1017 689 1208 739 egens?³)
1270 687 1448 739 Denique

118 757 159 788 ut
188 749 455 788 necessariam.
480 748 602 786 sensit
631 746 680 784 ad
714 759 833 798 opera
864 744 1011 791 mundi,
1050 746 1177 783 statim
1203 757 1288 783 eam
1315 743 1449 783 condit

116 814 158 846 et
192 811 358 858 generat
388 805 427 843 in
458 811 581 843 semet
606 805 702 855 ipso.
764 803 968 849 Dominus,
1007 803 1147 854 inquit,
1189 800 1363 841 condidit
1386 814 1447 840 me

117 864 265 903 initium
287 863 434 902 viarum
460 874 611 900 suarum
637 862 676 899 in
703 873 823 913 opera
848 873 935 907 sua3
975 866 1065 898 ante
1092 860 1248 898 saecula
1275 858 1449 898 fundavit

116 933 191 969 me,
217 922 437 974 priusquam
462 919 614 958 faceret
638 925 801 964 terram,
840 918 1059 970 priusquam
1092 924 1241 956 montes
1274 917 1448 956 colloca-

116 986 270 1027 rentur-3
297 984 387 1017 ante
413 990 545 1016 omnes
571 983 698 1015 autem
725 976 846 1014 colles
872 976 1075 1026 generavit
1095 987 1173 1022 me3
1201 975 1310 1026 prior
1322 981 1449 1013 antem

121 1036 262 1089 abysso
305 1035 439 1087 genita
475 1048 569 1073 sum.
626 1033 829 1085 Agnoscat
858 1046 954 1084 ergo
989 1032 1254 1083 Hermogenes
1298 1031 1448 1070 idcirco

119 1095 236 1134 etiam
260 1093 434 1146 sophiam
460 1091 524 1130 dei
550 1098 676 1129 natam
709 1098 749 1129 et
780 1089 973 1129 conditam
1006 1088 1245 1141 praedicari,
1285 1102 1334 1126 ne
1360 1088 1450 1140 quid

120 1153 291 1190 innatum
316 1157 357 1189 et
381 1148 618 1188 inconditum
645 1155 803 1199 praeter
827 1147 948 1185 solum
976 1145 1087 1184 deum
1114 1145 1374 1184 crederemus.
1409 1144 1451 1184 Si

122 1209 222 1247 enim
252 1209 354 1246 intra
390 1205 607 1251 dominum,
652 1203 752 1256 quod
785 1217 835 1242 ex
865 1205 949 1255 ipso
982 1210 1021 1242 et
1053 1204 1090 1241 in
1117 1204 1199 1255 ipso
1233 1203 1327 1249 fuit,
1368 1203 1451 1241 sine

121 1266 233 1304 initio
259 1277 335 1302 non
361 1263 443 1310 fuit,
471 1262 606 1315 sophia
631 1262 785 1301 scilicet
810 1261 926 1314 ipsius
953 1259 1094 1299 exinde
1110 1267 1197 1299 nata
1213 1267 1252 1298 et
1279 1259 1451 1306 condita,

122 1336 173 1362 ex
204 1335 278 1375 quo
310 1322 349 1360 in
377 1333 490 1359 sensu
528 1319 591 1358 dei
624 1318 673 1358 ad
706 1332 824 1371 opera
871 1317 1000 1357 mundi
1038 1316 1276 1370 disponenda
1321 1318 1454 1369 coepit

122 1381 283 1432 agitari,
320 1379 439 1417 multo
466 1379 586 1429 magis
613 1390 689 1415 non
717 1377 821 1429 capit
845 1377 926 1414 sine
954 1376 1063 1414 initio
1091 1376 1291 1427 quicquam
1319 1375 1451 1421 fuisse,

124 1436 226 1490 quod
264 1443 376 1475 extra
413 1434 607 1473 dominum
645 1434 776 1474 fuerit.
839 1431 881 1471 Si
917 1446 1012 1471 vero
1050 1432 1187 1484 sophia
1222 1431 1357 1471 eadem
1390 1430 1455 1471 dei

123 1507 251 1534 sermo
282 1500 362 1540 est,
401 1505 536 1531 sensus
574 1490 801 1543 sophiae‚⁴)
840 1492 923 1529 sine
956 1504 1030 1542 quo
1069 1490 1211 1528 factum
1250 1497 1309 1528 est
1345 1489 1452 1536 nihil,

122 1553 225 1592 sicut
249 1558 291 1590 et
314 1549 540 1603 dispositum
566 1550 649 1588 sine
675 1549 824 1601 sophia,
852 1548 964 1600 quale
992 1554 1063 1595 est,
1091 1554 1132 1585 ut
1158 1547 1238 1585 filio
1265 1546 1342 1593 dei,
1369 1559 1452 1585 ser-

122 1622 236 1649 mone
260 1609 463 1659 unigenito
489 1614 529 1645 et
541 1607 816 1658 primogenito,
842 1604 986 1657 aliquid
1002 1605 1120 1643 fuerit
1133 1611 1292 1656 praeter
1304 1610 1454 1656 patrem

124 1668 329 1719 antiquius,
357 1672 397 1704 et
420 1665 496 1703 hoe
522 1662 638 1701 modo
664 1664 794 1714 utique
821 1663 1069 1713 generosius,
1103 1660 1241 1700 nedum
1269 1659 1371 1713 quod
1397 1662 1455 1699 in-

125 1730 255 1762 natum
279 1729 370 1760 nato
397 1722 555 1767 fortius,
593 1727 634 1758 et
659 1719 760 1771 quod
786 1720 969 1757 infectum
1002 1719 1108 1757 facto
1139 1717 1328 1757 validius?
1354 1718 1454 1769 quia,

127 1779 229 1833 quod
260 1786 303 1817 nt
333 1785 438 1817 esset
469 1777 608 1815 nullius
645 1776 754 1826 eguit
783 1777 974 1821 auctoris,
1007 1775 1125 1813 multo
1157 1775 1355 1813 sublimius
1381 1775 1456 1813 erit

127 1850 197 1884 eo,
236 1834 339 1888 quod
377 1841 415 1873 ut
453 1840 559 1872 esset
588 1832 753 1884 aliquem
785 1832 917 1870 hahuit
947 1838 1159 1871 auctorem.
1219 1830 1387 1871 Proinde
1424 1832 1457 1870 si

129 1895 269 1934 malum
306 1890 459 1945 quidem
497 1892 667 1929 innatum
709 1896 793 1937 est,
844 1896 955 1928 natus
991 1896 1117 1928 autem
1137 1890 1175 1938 ⁵)
1214 1902 1341 1928 sermo
1378 1888 1455 1935 dei,

129 1951 340 2005 (eructavit
360 1949 474 1995 enim,
502 1948 636 1999 inquit,
662 1959 878 1986 sermonem
899 1947 1160 1999 optimum,)⁶)
1187 1960 1263 1985 non
1283 1948 1381 1993 scio,
1407 1959 1455 1984 an

129 2023 153 2049 a
170 2009 275 2048 bono
295 2007 433 2046 malum
452 2006 576 2059 possit
594 2003 750 2053 adduci,
775 2004 939 2044 validius
958 2005 1006 2044 ab
1026 2005 1196 2051 infirmo,
1222 2012 1264 2043 ut
1288 2006 1456 2043 innatum

130 2080 154 2106 a
178 2073 284 2105 nato.
345 2064 403 2104 Ita
435 2071 476 2102 et
505 2063 580 2101 hoc
618 2063 771 2101 nomine
802 2064 1002 2101 materiam
1028 2062 1103 2101 deo
1128 2063 1334 2115 praeponit
1358 2061 1457 2100 Her-

130 2135 329 2175 mogenes,
355 2118 631 2174 praeponendo
657 2132 741 2158 eam
767 2120 859 2167 filio,
886 2120 1003 2169 (filius
1018 2121 1118 2159 enim
1132 2132 1272 2166 sermo,
1299 2126 1340 2158 et
1364 2118 1458 2157 deus

133 2180 324 2229 sermo,'¹)
350 2186 392 2217 et
403 2192 479 2230 ego
494 2185 534 2216 et
548 2184 659 2230 pater
676 2189 789 2216 unum
808 2180 967 2229 sumus,)
982 2179 1021 2228 Β)
1052 2178 1125 2216 nisi
1140 2176 1239 2230 quod
1255 2175 1459 2215 sustinebit

227 2270 267 2315 1)
291 2271 391 2302 Prov.
405 2272 438 2309 8,
448 2271 491 2300 27
507 2279 580 2308 sqq.
676 2270 714 2309 2)
739 2270 834 2302 Haec
864 2272 919 2301 ent
948 2270 1122 2309 scriptura
1146 2269 1182 2299 in
1212 2267 1287 2299 cod.
1312 2267 1463 2299 pithoei.

133 2317 219 2350 Edu.
259 2325 399 2349 omnen:
439 2318 480 2347 et
516 2315 725 2356 originem
762 2316 1052 2347 commendet!
1096 2313 1321 2345 materiam
1360 2322 1459 2344 vero

133 2364 410 2395 materiarum
437 2371 518 2393 non
537 2364 604 2392 etc.
675 2361 712 2400 3)
737 2361 795 2393 Sic
821 2362 953 2393 emend.
978 2362 1105 2398 Rhen.;
1132 2360 1206 2390 eod.
1232 2359 1459 2400 Hir-augien-

133 2411 200 2442 ain:
223 2407 504 2449 alienigeni-3
530 2407 638 2439 Rhen.
657 2407 711 2438 ed.
738 2409 763 2438 1.
786 2408 909 2446 quali
931 2408 1007 2438 deo
1033 2410 1118 2446 pot.
1143 2405 1345 2446 egui-sev
1387 2404 1460 2436 Sui

133 2465 180 2488 m.
204 2466 267 2494 qu.
292 2454 445 2486 alieni.
491 2454 688 2492 Denique
713 2456 782 2484 ete.
877 2451 915 2493 4)
942 2453 1149 2484 Coniectura
1173 2451 1229 2482 Fr.
1247 2450 1352 2484 lunii.
1378 2450 1461 2482 cod.

134 2501 286 2533 Pithoei:
324 2508 477 2532 sennua
503 2502 544 2531 et
581 2498 751 2538 sophin
788 2499 866 2530 edd.
888 2508 1024 2530 omnen:
1061 2506 1190 2529 uentu
1215 2496 1390 2537 nephin,
1420 2499 1461 2527 et

135 2547 229 2578 nine
260 2556 342 2586 quo
378 2549 445 2577 etc.
539 2545 576 2584 5)
614 2545 721 2576 Rhen.
756 2545 810 2575 ed.
847 2546 872 2576 1.
910 2544 951 2574 id
986 2546 1051 2575 ent
1085 2552 1224 2575 nermo
1250 2541 1326 2574 dei.
1427 2540 1462 2581 6)

136 2592 306 2631 rusa.
400 2592 600 2631 7)1o.1,1.
696 2591 732 2631 8)
758 2591 944 2629 10.1o‚2o.
