1566 2808
342 196 469 228 ADV.
503 195 865 227 MARCIONEM
902 196 1077 228 LIBER
1111 173 1154 230 Π.
1341 197 1412 233 9³

91 287 282 339 et.gratia
305 285 534 326 decurreret
564 294 605 326 et
635 287 800 335 offensa,
826 288 932 327 salvo
958 301 1026 336 eo,
1053 287 1153 341 quod
1185 295 1322 341 postea
1345 289 1415 328 de-

92 345 218 384 cerni*
236 344 422 394 habebat,
466 358 542 382 uon
580 343 770 392 dicturos,
810 345 960 385 acidam
995 359 1104 384 uvam
1141 353 1271 398 patres
1308 359 1413 385 man-

91 392 254 446 ‹lut-asse
276 408 319 441 et
342 402 506 440 filiorum
533 400 667 441 dentes
693 402 952 454 obstupuisse,
990 403 1030 442 id
1060 408 1119 442 est
1145 416 1220 442 uon
1245 411 1412 456 sumptu-

90 471 174 501 rum
195 465 344 521 patrem
378 458 558 513 delictum
591 459 676 506 filii,
715 473 787 498 nec
819 461 935 499 filium
962 460 1142 502 delictum
1167 462 1306 512 patris,
1343 460 1414 500 sed

40 563 44 566 ι
90 517 391 568 unumquemque
419 515 551 555 delicti
577 518 633 554 sui
658 530 764 556 reum
789 518 954 556 futurum
969 520 1027 565 1);
1054 525 1095 556 ιιι
1119 525 1207 569 post
1231 517 1412 557 duritiam

88 573 234 626 populi,
261 570 402 612 duritia
422 573 518 625 legis
533 572 714 620 edomita,
736 575 878 613 iustitia
898 576 970 613 iam
986 589 1061 614 non
1083 588 1216 626 genus,
1243 575 1309 614 sed
1325 589 1413 628 per-

89 643 206 670 sonas
230 629 440 679 iudicaret3
467 643 687 683 quamquam
715 633 745 670 si
774 621 1012 683 evangelium
1033 633 1208 670 veritatis
1227 633 1411 684 accipias,

89 686 139 726 ad
173 700 271 740 quos
297 689 494 740 pertineat
523 690 714 726 sententia
745 688 942 727 reddentis
974 690 1011 726 in
1045 689 1144 727 lilios
1168 695 1318 740 patrum
1344 688 1412 728 de-

88 745 202 791 licta,
227 757 462 795 cognosces,
497 743 550 782 ad
575 745 663 783 illos
687 745 855 791 scilicet,
889 747 951 797 qui
978 746 1075 783 hauc
1101 746 1201 783 ultro
1228 745 1300 784 sibi
1325 759 1412 785 sen-

88 803 247 841 tentiam
282 802 437 840 fuerant
465 802 694 852 irrogaturi:
733 803 886 853 sanguis
918 803 1018 840 illius
1050 815 1165 854 super
1190 804 1317 855 eapite
1343 817 1411 841 no-

88 865 169 898 stra
193 862 243 898 et
254 859 423 898 filiorum
448 865 666 897 nostrorum
679 860 732 907 ²).
794 859 877 898 Hoc
903 861 1031 912 itaque
1059 861 1180 898 omnis
1204 859 1411 912 providen-

87 917 143 955 tia
167 914 231 956 dei
257 917 424 963 censuit,
452 915 554 967 quod
579 917 653 958 iam
679 915 868 955 audierat.

205 977 274 1016 16.
326 973 434 1012 B‘ona
470 974 588 1024 igitur
623 981 663 1012 et
698 975 903 1021 severitas,
942 976 1030 1026 quia
1065 976 1183 1022 iusta,
1221 976 1253 1014 si
1290 975 1411 1014 bonus

87 1023 222 1078 iudex,
248 1030 294 1072 id
313 1038 374 1070 est
398 1032 530 1070 iustus.
575 1031 670 1070 Item
697 1038 830 1072 cetera
854 1032 973 1079 bona,
1001 1046 1072 1098 per
1097 1046 1193 1084 quae
1221 1046 1316 1084 opus
1341 1033 1411 1071 bo-

74 1101 194 1134 jum
201 1089 331 1131 currit
346 1089 471 1127 bonae
498 1090 734 1135 severitatis,
773 1090 853 1128 sive
892 1090 951 1128 ira
982 1091 1061 1128 sive
1093 1091 1298 1128 aemulatio
1330 1091 1410 1128 sive

88 1146 261 1198 saevitia.
321 1145 463 1185 Debita
499 1146 599 1183 enim
638 1147 763 1183 omnia
800 1146 911 1190 haec,
935 1153 1022 1184 sunt
1057 1148 1274 1192 severitati,
1313 1148 1412 1184 sicut

83 1198 285 1244 severitas
300 1202 469 1248 debitum
495 1210 555 1241 est
579 1203 761 1241 iustitiae.
821 1202 1067 1241 Vindicanda
1091 1204 1177 1242 erit,
1191 1205 1411 1256 procacitas

87 1261 229 1311 aetatis
257 1258 529 1305 verecundiam
562 1258 750 1298 debentis.
810 1259 938 1312 Atque
970 1261 1023 1298 ita
1047 1274 1123 1301 non
1147 1267 1330 1312 poterunt
1354 1262 1411 1300 iu-

87 1316 166 1356 dici
202 1317 449 1370 exprobrari,
501 1330 598 1368 quae
634 1316 752 1355 iudici
790 1317 999 1363 accedunt,
1045 1319 1216 1361 carentia
1253 1325 1292 1356 et
1328 1319 1411 1369 ipsa

86 1375 220 1427 culpa,
254 1375 358 1416 sicut
381 1373 538 1412 iudexv
573 1373 671 1421 Quid
697 1375 816 1420 enim,
854 1376 886 1412 si
911 1373 1099 1412 medicum
1127 1373 1278 1426 quidem
1304 1373 1410 1413 dicas

85 1443 172 1471 esse
191 1429 363 1478 dehere,
392 1430 627 1477 ferramenta
650 1443 745 1470 vero
770 1432 852 1468 eius
878 1443 1057 1478 accuses,
1085 1430 1186 1483 quod
1211 1438 1346 1470 secent
1371 1439 1411 1469 et

84 1489 246 1540 inurant
274 1495 315 1528 et
349 1494 545 1540 amputent
581 1495 621 1527 et
657 1488 929 1541 constrictent,
968 1487 1118 1540 quando
1157 1489 1239 1527 sine
1270 1489 1410 1527 instru-

84 1553 214 1592 mento
239 1542 333 1587 artis
358 1545 530 1588 medicus
555 1558 640 1595 esse
667 1559 743 1584 non
768 1547 917 1598 possit?
953 1544 1031 1589 Sed
1057 1559 1200 1597 accusa
1224 1546 1322 1585 male
1349 1559 1409 1584 se-

85 1609 256 1657 cantem,
293 1604 508 1655 importune
525 1610 808 1657 amputantem,
847 1610 993 1642 temere
1024 1604 1257 1650 inurentem,
1296 1610 1409 1655 atque

83 1662 140 1701 ita
162 1661 398 1704 ferramenta
429 1673 592 1713 quoque,
611 1662 693 1699 eius
723 1668 766 1699 nt
790 1660 895 1705 mala
914 1662 1125 1700 ministeria
1150 1660 1407 1712 reprehende.

83 1717 254 1758 Proinde
279 1725 340 1756 est
364 1719 477 1764 enim,
510 1719 595 1756 cuni
622 1717 910 1769 deumquidem
936 1717 1101 1757 iudicem
1127 1717 1314 1763 admittis,
1342 1731 1410 1756 eos

83 1787 178 1830 vero
209 1781 334 1813 motus
365 1781 408 1813 et
435 1787 587 1825 sensus,
626 1787 696 1825 per
721 1788 814 1826 quos
847 1774 1010 1820 iudicat,
1049 1768 1227 1814 destruis.
1288 1774 1411 1813 Deum

84 1846 156 1871 nos
191 1845 215 1870 a
249 1832 450 1884 prophetis
486 1838 527 1869 et
562 1844 584 1869 a
611 1830 783 1878 Christo,
822 1843 897 1869 uon
935 1844 960 1869 a
986 1831 1226 1886 philospphis
1257 1834 1337 1870 nec'
1361 1832 1408 1870 ab

57 1889 274 1942 'Epicurm
311 1887 518 1928 erudimur.
580 1886 652 1935 Qui
678 1887 880 1934 -credimu's
918 1887 1029 1927 deum
1067 1890 1181 1927 etiam
1218 1889 1258 1927 ιιι
1294 1890 1409 1928 terris

83 1948 212 1999 egisse
234 1954 280 1986 >et
302 1947 455 1985 humani
487 1945 637 1987 habitus
668 1945 920 1984 humilitatem
951 1947 1165 1997 suscepisse
1188 1959 1247 1985 sex
1273 1951 1410 1985 cau'ssa

64 2004 271 2047 ‘humanae
301 2005 453 2048 salutis,
493 2003 608 2054 louge
634 2016 759 2041 sumus
789 2016 812 2041 a
836 2004 1211 2050 senteutiaeorum,
1251 2005 1315 2055 qui
1340 2017 1409 2042 no·-

83 2062 166 2102 lunt
191 2061 304 2101 deum
330 2074 468 2100 curare
496 2061 712 2112 quicquam.
746 2059 839 2099 lude
864 2061 970 2099 vem't
994 2059 1042 2099 ad
1066 2061 1289 2100 haereticos
1314 2075 1409 2113 quo-

84 2132 158 2172 que
187 2118 368 2159 definitio
406 2116 611 2164 eiusmodi,
631 2119 682 2163 ,si
714 2116 808 2174 deus
839 2117 1020 2156 irascitur
1049 2125 1089 2156 et
1120 2119 1333 2157 aemulatur
1369 2125 1410 2157 et

82 2177 285 2216 extollitur
320 2183 360 2216 et
397 2175 672 2222 exacerbatur,
710 2170 828 2226 ergo·
840 2182 885 2214 et
915 2182 1201 2227 corrumpetur,
1241 2189 1337 2226 ergo
1370 2183 1410 2213 et

83 2234 282 2279 morietur.
352 2233 460 2272 Bene
497 2239 643 2279 autem,
693 2233 793 2284 quod
831 2232 1132 2272 Christianorum
1172 2239 1248 2278 est,
1293 2233 1408 2270 etiam

82 2297 272 2338 mortuum
298 2290 410 2329 deum
442 2289 625 2336 eredere,
663 2297 704 2328 et
731 2297 869 2339 tamen-
889 2291 1080 2329 viventem
1104 2291 1143 2327 in
1169 2302 1270 2328 aevo
1291 2302 1408 2328 aevo-

82 2361 184 2395 rum.
240 2347 481 2394 Stultissimi,
514 2349 577 2399 qui
603 2346 651 2385 de
682 2347 854 2386 humanis
879 2346 1009 2385 divina
1033 2345 1318 2398 praeiudicant,
1351 2354 1406 2392 ut,

83 2404 262 2459 quoniam
293 2406 331 2443 in
362 2405 516 2444 homine
549 2405 816 2456 corruptoriae
849 2403 1303 2445 conditionishabentur
1339 2403 1408 2442 hu-

83 2462 246 2503 iusmodi
270 2463 489 2515 passiones,
527 2460 676 2500 idcirco
703 2468 743 2500 et
767 2462 805 2500 in
831 2460 905 2500 deo
932 2459 1102 2499 eiusdem
1129 2467 1248 2509 sta-tus
1274 2462 1407 2500 existi-

176 2591 211 2630 ι)
238 2591 359 2622 lei-:31
393 2587 466 2621 29.'
542 2590 578 2629 2)
602 2588 861 2627 Matth.27‚25.
