1604 2800
300 206 373 237 DE
406 204 923 238 RESURRECTIONE
959 207 1189 240 cAans.
1306 206 1435 245 ιω*

79 299 292 339 occurant?
326 297 410 337 Nos
429 298 542 344 euim,
570 298 633 350 qui
657 304 777 336 totam
804 297 914 338 fidem
941 300 980 337 in
1005 312 1123 339 carne
1142 297 1415 340 administran-

79 356 165 396 dam
180 354 428 402 credidimus,
453 356 530 394 imo
556 362 597 394 et
620 367 693 407 per
718 369 886 403 carnem,
914 357 1023 395 cuins
1048 364 1109 396 est
1132 364 1174 396 et
1192 370 1236 396 os
1255 356 1304 396 ad
1325 371 1416 411 pro-

78 412 280 454 ferendum
312 414 494 466 optimum
531 425 717 465 quemque
755 426 971 452 sermonem
1007 421 1049 453 et
1084 415 1215 466 lingua
1251 414 1301 453 ad
1338 428 1415 454 non

78 470 416 524 blasphemandum
447 477 489 509 et
519 483 590 509 cor
619 470 669 509 ad
699 484 777 509 non
814 470 1087 523 indignandum
1125 479 1166 511 et
1195 486 1328 511 manus
1365 471 1414 511 ad

81 527 318 582 operandum
349 535 389 568 et
420 527 686 580 largiendum,
724 535 800 567 tam
836 536 1065 568 vetustatem
1103 529 1267 569 hominis
1305 543 1415 582 quam

79 588 291 626 novitatem
321 585 370 625 ad
400 586 603 633 moralem,
636 599 712 624 non
738 585 786 625 ad
812 587 1122 634 substantialem,
1155 586 1416 627 differentiam

78 645 278 698 pertinere
291 643 545 683 defendimus.
582 643 710 696 Atque
726 644 778 682 ita
792 645 940 697 pariter
950 646 1195 696 agnoscimus
1208 645 1415 692 hominem,

81 703 145 755 qui
164 700 373 741 secuudum
394 702 592 754 pristinam
619 703 955 740 conversationem
968 710 1079 741 vetus
1091 703 1223 749 fuerit,
1250 701 1417 741 eundem

80 766 123 799 et
152 760 366 811 corrumpi,
403 760 458 796 ita
494 758 637 797 dictum
675 758 884 797 secundum
916 761 1269 811 concupiscentiam
1303 758 1419 798 sedu-

81 817 234 863 ctionis,
262 814 578 868 quemadmodum
605 822 644 854 et
668 823 841 854 veterem
866 815 1077 854 secundum
1102 817 1301 867 pristinam
1324 829 1420 855 con-

78 874 359 919 versationem,
393 887 469 911 non
500 871 710 911 secundum
742 885 919 920 carnem,
951 886 1024 925 per
1053 874 1248 911 interitum
1276 886 1419 926 perpe—

78 938 197 971 tuum.
270 929 452 969 Ceterum
485 942 603 969 carne
635 937 710 968 tam
741 930 885 968 salvum
915 943 1029 981 quam
1062 930 1244 979 eundem,
1283 938 1418 983 utpote

78 989 258 1028 vitiosam
283 987 539 1040 disciplinam,
565 1001 643 1026 non
669 988 949 1039 corpulentiam
976 994 1143 1026 exutum.

196 1049 266 1089 46.
297 1045 430 1084 Talem
461 1045 604 1097 ubique
636 1045 852 1096 apostolum
876 1057 1159 1095 recognoscaS,
1198 1046 1253 1083 ita
1290 1046 1419 1084 carnis

82 1116 205 1156 opera
229 1102 485 1161 damnantem,
510 1101 554 1140 tit
579 1114 734 1140 carnem
759 1100 941 1139 damnare
966 1101 1164 1148 videatur3
1196 1100 1267 1140 sed
1291 1114 1339 1140 ne
1365 1102 1420 1139 ita

82 1161 169 1212 quis
191 1161 406 1206 existimet,
439 1172 490 1197 ex
518 1159 680 1197 aliorum
711 1158 774 1196 vel
806 1158 1095 1197 cohaerentium
1122 1171 1299 1197 sensnum
1330 1171 1420 1209 sug—

82 1224 195 1269 gestu
219 1223 507 1269 procurantem.
567 1214 667 1253 Nam
694 1222 734 1253 et
758 1214 893 1254 dicens
918 1228 1000 1262 eos,
1034 1216 1097 1267 qui
1122 1217 1161 1258 in
1187 1227 1306 1254 carne
1332 1217 1421 1261 sint,

84 1275 159 1314 deo
190 1274 348 1327 placere
379 1287 457 1311 nou
493 1285 627 1325 posse,
665 1273 792 1311 statim
824 1271 873 1312 de
903 1286 1024 1324 pravo
1056 1273 1259 1312 intellectu
1289 1271 1338 1310 ad
1363 1273 1422 1310 in-

84 1340 237 1384 tegrum
268 1338 451 1379 revocat,
477 1330 687 1369 adiiciens:
726 1343 793 1368 vos
824 1337 952 1368 antem
984 1343 1062 1368 non
1093 1330 1186 1368 estis
1216 1331 1256 1368 in
1288 1342 1422 1376 carne,

83 1388 154 1429 sed
179 1391 218 1428 in
243 1390 393 1442 spiritu.
413 1390 452 1437 ¹)
513 1387 593 1427 Eos
617 1388 731 1433 enim,
758 1400 854 1439 quos
879 1388 917 1425 in
943 1400 1062 1425 carne
1089 1399 1176 1426 esse
1203 1386 1422 1433 constabat,

84 1446 265 1500 negando
289 1447 329 1485 in
354 1458 472 1485 carne
504 1458 610 1491 esse,
643 1445 681 1482 in
714 1444 896 1495 operibns
928 1445 1055 1483 carnis
1086 1457 1163 1482 non
1195 1456 1283 1483 esse
1315 1457 1423 1482 mon-

84 1504 253 1552 strabat,
279 1511 395 1556 atque
421 1504 475 1541 ita
500 1503 589 1541 illos
614 1500 764 1540 demum
789 1500 865 1539 deo
890 1502 1049 1553 placere
1075 1515 1150 1540 non
1176 1513 1313 1553 posse,
1346 1514 1424 1539 non

84 1563 151 1616 qui
178 1562 219 1600 in
250 1573 367 1604 carne
400 1567 549 1606 essent,
587 1558 657 1598 sed
688 1560 751 1611 qui
782 1559 995 1598 carnaliter
1029 1559 1224 1606 viverent,
1261 1558 1423 1610 placere

84 1626 214 1659 autem
237 1617 314 1658 deo
339 1618 447 1665 illos,
480 1618 544 1670 qui
569 1619 608 1656 in
640 1630 757 1656 carne
788 1617 906 1668 positi
931 1615 1139 1655 secundum
1166 1617 1340 1668 spiritum
1366 1616 1426 1654 iu-

85 1675 288 1717 eederent.
347 1675 399 1713 Et
422 1688 554 1713 rursus
579 1687 721 1725 corpus
746 1672 898 1724 quidem
924 1674 979 1710 ait
1002 1679 1205 1719 mortuum,
1238 1671 1308 1711 sed
1332 1685 1426 1724 pro-

85 1741 176 1787 pter
198 1732 514 1784 delinquentiam,
539 1732 641 1769 sicut
659 1731 831 1781 spiritum
851 1730 967 1767 vitam
986 1736 1149 1780 propter
1167 1730 1363 1768 iustitiam.
1384 1730 1423 1776 2)

85 1790 215 1829 Vitam
239 1796 366 1828 autem
391 1789 506 1826 morti
525 1799 726 1838 opponens
745 1787 784 1823 in
805 1798 923 1824 earne
937 1786 1183 1832 constitutae,
1209 1787 1292 1824 sine
1306 1784 1424 1824 dubio

86 1848 168 1887 illic
186 1853 228 1886 et
243 1847 360 1885 vitam
385 1844 606 1896 repromisit
625 1856 675 1881 ex
692 1843 850 1889 iustitia,
875 1842 940 1880 ubi
965 1850 1127 1888 mortem
1154 1841 1427 1881 determinavit

87 1918 140 1946 ex
175 1903 450 1955 delinquentia.
530 1900 711 1939 Ceterum
746 1900 889 1939 frustra
926 1901 1109 1952 opposuit·
1140 1901 1257 1939 vitam
1293 1900 1424 1946 morti,

87 1964 121 2003 si
134 1975 212 2001 non
231 1968 292 2001 est
309 1961 403 2007 illic,
429 1959 494 1998 ubi
513 1964 574 1997 est
592 1964 632 1996 et
650 1958 746 2010 ipsa,
772 1958 834 1996 cni
855 1970 939 1996 eam
959 1958 1138 2009 opposuit
1157 1955 1425 1997 excludendae

87 2022 292 2076 utiquede
319 2033 499 2074 corpore.
562 2018 684 2056 Porro
716 2019 749 2056 si
777 2020 855 2056 vita
887 2023 1049 2055 mortem
1080 2016 1129 2056 de
1161 2028 1328 2069 corpore
1353 2028 1424 2054 ex-

89 2080 230 2128 cludit,
261 2092 339 2118 uou
364 2085 492 2131 potest
515 2075 554 2114 id
579 2075 791 2127 perficere,
822 2075 895 2113 nisi
926 2074 1016 2113 illuc
1041 2081 1239 2127 penetret,
1270 2073 1337 2112 uhi
1362 2079 1424 2111 est

89 2137 194 2191 quod
222 2135 407 2176 excludit.
474 2134 526 2172 Et
556 2131 646 2184 quid
675 2145 751 2184 ego
783 2130 985 2179 nodosius,
1018 2145 1103 2171 cum
1129 2131 1328 2183 apostolus
1352 2129 1423 2168 ab·

90 2195 278 2234 solutius?
302 2192 345 2231 Si
371 2193 484 2238 enim,
511 2190 646 2242 inquit,
672 2190 827 2242 spiritus
852 2190 947 2237 eius,
974 2190 1038 2241 qui
1063 2189 1262 2228 suscitavit
1281 2187 1420 2232 lesum,

89 2252 239 2292 habitat
268 2251 307 2289 in
330 2249 459 2295 vobis,
492 2248 556 2300 qui
586 2247 784 2286 suscitavit
814 2245 937 2285 Iesum
963 2260 987 2285 a
1011 2247 1188 2292 mortuis,
1221 2243 1424 2286 suscitabit

91 2317 134 2349 et
156 2308 334 2348 mortalia
371 2319 538 2358 corpora
572 2311 704 2343 vestra
738 2310 900 2356 propter
933 2301 1224 2342 inhabitantem
1247 2300 1423 2352 spiritum

91 2369 175 2407 eius
199 2368 238 2405 in
263 2365 385 2410 vobis,
405 2365 444 2412 3)
477 2370 519 2401 ut
549 2363 622 2400 etsi
652 2363 813 2400 animam
846 2361 929 2412 quis
954 2374 1095 2412 corpus
1119 2358 1282 2397 mortale
1306 2370 1422 2409 prae-

92 2425 315 2477 sumpserit,
355 2435 439 2460 cum
471 2421 546 2459 hoc
578 2426 618 2458 et
643 2431 798 2458 caruem
829 2430 974 2469 negare
1005 2431 1081 2456 nou
1112 2417 1255 2468 possit,
1294 2414 1422 2453 carnis

93 2494 244 2535 quoque
258 2479 589 2519 resuscitationem
607 2483 770 2527 cogatur
788 2487 1003 2527 agnoscere
1023 2473 1230 2513 secundnm
1251 2470 1422 2511 eiusdem

187 2609 225 2648 1)
250 2607 489 2647 Rom.s,ssq.
584 2601 622 2642 2)
649 2604 861 2644 nom.s‚1o.
955 2596 997 2642 3)’
1015 2602 1111 2633 Rom.
1126 2602 1159 2640 8,
1174 2601 1228 2631 11.

156 2665 354 2697 'ren-rum..
387 2664 441 2695 tv.
1074 2650 1127 2688 10
