1624 2826
241 184 349 220 206
415 218 417 220 ,
512 185 637 216 ADV.
674 184 1036 214 MARCIONEM
1072 183 1246 214 LIBER
1283 185 1336 214 1v.

242 284 579 328 contempserunt,
618 275 686 315 sed
725 276 847 324 me.¹)
905 275 998 314 Tam
1036 276 1135 314 enim
1168 275 1364 327 apostolus
1393 274 1562 327 Moyses,

242 348 350 385 quam
379 341 417 372 et
443 335 608 384 apostoli
635 333 860 385 prophetae.
894 332 1108 385 Aequanda
1134 334 1209 371 erit
1234 332 1444 380 auctoritas
1471 333 1564 371 utri-

240 405 358 442 usque
398 391 536 438 officii,
587 391 634 428 ab
672 404 747 428 uno
787 389 998 441 eodemque
1036 390 1189 428 domino
1227 390 1488 442 apostolorum
1526 396 1567 428 et

240 449 526 500 prophetarum.
589 448 679 495 Quis
715 461 813 493 nuuc
853 446 958 485 dabit
984 454 1212 499 potestatem
1245 446 1418 486 calcandi
1451 459 1567 499 super

242 505 423 544 colubros
460 513 499 544 et
535 506 795 556 scorpios?2)
847 504 1029 543 Utrumne
1062 506 1225 543 omnium
1256 504 1470 543 animalium
1497 503 1566 542 do-

241 564 374 609 minus,
402 576 451 601 an
476 576 548 601 nec
575 564 684 600 unius
712 563 882 600 lacertae
909 561 1033 600 deus?
1083 561 1161 600 Sed
1185 562 1298 609 bene,
1327 560 1427 613 quod
1455 574 1566 600 crea-

243 628 302 658 tor
339 621 437 658 hanc
475 627 706 672 potestatem
740 621 854 658 etiam
887 620 1053 670 parvulis
1085 620 1213 671 pueris
1250 632 1321 671 per
1357 619 1510 657 Esaiam
1529 619 1566 669 3)

241 678 483 729 repromisit,
523 678 719 716 coniicere
757 690 905 715 manum
943 678 980 716 in
1019 690 1220 715 cavernam
1258 675 1428 728 aspidum
1459 677 1568 714 etin

243 735 369 773 cubile
408 742 581 772 natorum
619 734 815 785 aspidum,
866 748 937 773 nec
976 735 1128 772 omnino
1169 733 1282 772 laedi.
1350 733 1400 771 Et
1436 734 1566 785 utique

242 792 404 839 scimus,
444 792 563 841 (salva
599 792 844 842 simplicitate
882 792 1122 842 scripturae,
1162 805 1246 829 nam
1285 803 1357 829 nec
1390 797 1429 828 et
1459 791 1565 842 ipsae

241 849 390 888 bestiae
423 861 567 887 nocere
593 855 823 900 potuerunt,
863 847 924 885 ubi
954 847 1047 886 lides
1073 848 1224 896 fuerit,)
1265 847 1425 898 figurate
1457 860 1566 885 scor-

242 907 327 958 pios
358 913 398 945 et
429 906 608 944 colubros
640 905 818 957 portendi
849 905 1036 956 spiritalia
1069 906 1260 951 malitiae,
1300 917 1458 956 quorum
1484 905 1566 956 ipse

244 977 394 1015 quoque
421 964 599 1015 princeps
625 964 663 1001 in
688 963 878 1014 serpentis
905 969 944 1000 et
969 961 1149 1000 draconis
1180 970 1220 1000 et
1245 962 1566 1001 eminentissimae

244 1022 425 1072 cuiusque
451 1021 599 1059 bestiae
626 1020 778 1059 'nomine
806 1019 1009 1071 deputetur
1034 1032 1152 1071 penes
1180 1026 1415 1066 creatorem,
1449 1019 1567 1070 largi-

244 1085 318 1116 tum
345 1078 443 1116 hanc
469 1084 698 1129 potestatem
726 1078 846 1128 priori
873 1076 1026 1115 Christo
1051 1090 1134 1123 suo,
1172 1077 1273 1114 sicut
1297 1077 1567 1127 nonagesimus

242 1135 407 1186 psalmus
439 1134 487 1173 ad
520 1148 623 1172 eum:
661 1147 778 1185 super
807 1133 978 1185 aspidem
1004 1140 1044 1172 et
1067 1134 1286 1172 basiliscum
1311 1133 1488 1180 incedes,
1527 1140 1569 1172 et

244 1192 492 1230 conculcabis
531 1193 680 1230 leonem
715 1199 754 1230 et
785 1191 1007 1229 draconem.
1027 1192 1065 1238 4)
1129 1189 1238 1229 Sicut
1263 1191 1377 1229 etiam
1409 1190 1566 1233 Esaias:

242 1250 308 1287 illa
353 1249 414 1288 die
459 1248 693 1301 superducet
737 1248 910 1286 dominus
960 1247 1053 1286 deus
1097 1248 1338 1287 machaeram
1381 1255 1566 1294 sanctam,

243 1320 417 1357 maguam
450 1314 490 1345 et
520 1307 677 1354 fortem,
718 1306 908 1345 Christum
927 1306 1093 1344 ‘scilicet
1123 1319 1276 1352 suum„
1289 1306 1327 1343 in
1359 1304 1566 1346 draconem

243 1365 366 1410 illum,
406 1364 604 1402 colubrum
636 1378 811 1415 magnum
844 1370 884 1402 et
914 1370 1145 1410 tortuosum,
1185 1370 1225 1401 et
1249 1363 1458 1405 interficiet
1482 1375 1567 1401 eum

243 1421 308 1458 illa
334 1420 409 1458 die.
425 1423 460 1470 5)
522 1420 600 1459 Sed
628 1435 710 1460 cum
738 1420 837 1459 idem
862 1421 922 1459 via
950 1419 1087 1458 munda
1113 1427 1154 1459 et
1182 1421 1244 1459 via
1281 1427 1416 1459 sancta
1451 1433 1567 1459 voca-

242 1478 357 1524 bitur,
386 1485 425 1516 et
450 1491 524 1515 non
551 1478 728 1517 transibit
754 1478 831 1515 illic
859 1476 1100 1523 immundum,
1128 1490 1199 1516 nec
1226 1478 1301 1515 erit
1325 1478 1566 1520 illicviaim-

243 1535 406 1583 munda3
446 1535 508 1586 qui
545 1542 671 1573 autem
709 1534 871 1585 dispersi
910 1541 1039 1580 erunt,
1077 1533 1220 1573 vadent
1250 1535 1289 1572 in
1323 1547 1388 1581 ea,
1421 1541 1460 1572 et
1490 1547 1566 1572 non

243 1593 445 1640 errabunt3
484 1599 524 1631 et
548 1606 622 1630 non
650 1594 724 1631 erit
749 1593 822 1630 iam
848 1591 926 1630 illic
953 1591 1034 1638 leo,
1062 1604 1133 1630 nec
1161 1604 1210 1630 ex
1234 1591 1367 1630 bestiis
1391 1592 1566 1643 pessimis

244 1651 443 1702 quicquam
481 1649 667 1688 ascendet
699 1651 734 1688 in
767 1663 869 1696 eam,
913 1662 984 1687 nec
1017 1649 1232 1687 invenietur
1268 1649 1411 1698 illic.⁶)
1472 1648 1565 1687 Cum

242 1709 303 1745 via
329 1707 441 1746 iidem
468 1707 717 1754 demonstret,
744 1720 814 1759 per
840 1719 949 1758 quam
974 1705 1022 1744 ad
1050 1705 1159 1744 deum
1185 1707 1465 1758 perveniemus,
1491 1707 1566 1744 iam

243 1772 333 1804 tunc
360 1764 486 1804 eidem
511 1766 616 1812 viae,
649 1764 688 1803 id
714 1771 773 1803 est
798 1763 907 1810 fidei,
934 1764 1032 1802 hanc
1059 1764 1348 1802 evacuationem
1375 1770 1415 1802 et
1439 1763 1566 1802 subie-

243 1823 410 1862 ctionem
436 1823 643 1861 bestiarum
670 1822 887 1874 pollicetur.
943 1820 1115 1872 Denique
1142 1828 1182 1859 et
1206 1828 1380 1873 tempora
1404 1822 1566 1873 promis-

243 1881 361 1918 sionis
387 1893 605 1931 congruere
631 1881 815 1926 invenias,
842 1880 877 1917 si·
900 1892 996 1930 quae
1023 1878 1268 1926 antecedunt,
1296 1879 1422 1930 legas:
1459 1879 1566 1917 inva-

243 1937 378 1975 lescite
411 1951 540 1975 manus
579 1937 756 1977 dimissae
795 1945 835 1975 et
866 1950 988 1987 genua
1030 1937 1217 1984 resoluta3
1255 1943 1344 1975 tunc
1381 1935 1567 1987 patefient

243 1995 345 2032 oculi
373 2007 597 2041 caecorum,
637 2001 676 2033 et
700 2008 814 2032 aures
839 1993 1046 2033 exaudient
1070 1993 1289 2040 surdorum,
1333 2000 1422 2032 tunc
1454 1993 1567 2032 saliet

243 2047 412 2097 claudus,
441 2059 481 2089 ut
506 2061 654 2098 cervus,
688 2059 726 2089 et
752 2052 857 2089 clara
883 2052 958 2090 erit
982 2052 1111 2102 lingua
1135 2051 1382 2100 mutorum.⁷)
1444 2049 1567 2102 Igitur

243 2109 305 2147 ubi
331 2107 605 2147 medicinarum
632 2107 754 2147 edidit
779 2109 992 2156 benelicia,
1030 2116 1120 2147 tune
1153 2115 1192 2147 et
1217 2109 1393 2160 scorpios
1419 2115 1458 2147 et
1483 2121 1565 2147 ser-

242 2173 379 2218 pentes
404 2167 547 2205 sanctis
574 2169 650 2205 suis
675 2165 862 2212 subdidit,
895 2167 960 2204 ille
987 2166 1155 2212 scilicet,
1183 2167 1245 2217 qui
1271 2165 1369 2205 hanc
1395 2173 1565 2218 potesta-

242 2231 337 2270 tem,
376 2231 417 2262 ut
441 2231 482 2262 et
505 2224 590 2262 aliis
609 2227 849 2276 praestaret,
888 2225 996 2275 prior
1020 2230 1230 2274 acceperat
1254 2237 1276 2262 a
1305 2231 1412 2264 uatre
1439 2231 1478 2263 et
1503 2237 1564 2263 se-

243 2280 404 2319 cundum
431 2280 602 2320 ordinem
629 2280 929 2333 praedicationis
955 2280 1139 2319 exhibuit.

357 2343 424 2381 25.
477 2338 568 2386 Quis
605 2338 778 2377 dominus
817 2339 916 2376 coeli
948 2338 1214 2386 invocabitur,
1253 2340 1315 2392 qui
1352 2353 1428 2378 non
1460 2340 1563 2391 prius

242 2397 369 2435 factor
394 2395 632 2435 ostenditur?
682 2395 834 2434 Gratias
862 2396 980 2443 enim,
1008 2397 1140 2448 inquit,
1173 2409 1267 2447 ago,
1295 2404 1334 2436 et
1359 2397 1561 2443 confiteor,

239 2558 245 2562 κ
336 2539 370 2576 1)
398 2539 497 2568 Num.
514 2538 566 2575 14,
582 2537 635 2569 27.
732 2534 768 2578 2)
797 2536 877 2566 Luc.
893 2537 947 2575 10,
965 2537 1018 2568 19.
1113 2535 1149 2579 3)
1176 2538 1238 2566 les.
1253 2535 1307 2574 11,
1323 2537 1353 2565 8.
1449 2533 1486 2578 4)
1507 2535 1560 2567 Ps.

243 2584 296 2621 91,
315 2585 367 2613 13.
460 2583 495 2620 5)
521 2585 583 2615 les.
598 2584 651 2620 27,
669 2584 698 2612 1.
795 2583 830 2622 6)
854 2581 919 2614 tes.
935 2583 988 2622 35,
1004 2583 1024 2611 8
1039 2590 1088 2620 sq.
1183 2580 1217 2621 7)
1241 2583 1303 2612 leS.
1320 2582 1373 2621 35,
1390 2582 1421 2613 3.
1437 2584 1454 2612 5
1467 2591 1515 2620 sq.
