1604 2800
657 181 732 213 nr.
770 181 965 212 Axima.
1375 178 1473 216 ιιι

145 276 323 328 pristino.
383 273 519 312 Omnia
542 273 617 311 iam
641 273 790 325 pervia,
819 271 946 310 omnia
970 277 1075 318 nota,
1102 272 1229 312 omnia
1254 272 1472 322 negotiosa,

142 330 372 372 solitudines
401 331 568 370 famosas
598 337 704 369 retro
737 328 844 367 fundi
875 328 1132 367 amoenissimi
1157 327 1473 378 obliteraverunt,

143 391 259 430 silvas
282 402 376 429 arva
397 388 639 434 domuerunt,
670 388 775 426 feras
800 399 945 438 pecora
970 386 1212 437 fugaverunt,
1244 398 1387 426 arenae
1411 399 1474 426 se-

144 455 292 494 runtur,
311 459 405 487 saxa
425 452 653 498 panguntur,
674 443 834 497 paludes
851 444 1081 495 eliquantur,
1101 450 1232 482 tantae
1250 443 1323 482 iam
1342 443 1472 491 urbes,

141 512 308 558 quantae
334 517 411 543 non
436 515 550 542 casae
575 501 778 555 quondam.
828 501 906 540 Iam
933 514 1004 539 nec
1030 501 1175 540 insulae
1201 500 1374 548 horrent,
1399 514 1472 540 nee

142 562 293 615 scopuli
317 568 484 609 terrent3
514 560 655 612 ubique
679 559 824 606 domus,
856 559 995 611 ubique
1021 558 1195 610 populus,
1226 557 1365 610 ubique
1390 571 1475 597 res·-

145 620 320 673 publica,
355 619 496 671 ubique
533 618 623 656 vita.
696 615 888 655 Summum
930 616 1188 655 testimonium
1231 616 1472 667 frequentiae

142 677 344 716 humanae.
405 675 570 715 Onerosi
594 688 719 713 sumus
743 673 903 721 mundo,
933 674 998 712 vix
1022 673 1133 711 nobis
1157 673 1349 711 elementa
1372 672 1474 711 suffi-

144 735 270 780 ciunt,
301 740 342 773 et
371 734 625 772 necessitates
654 733 864 778 arctiores,
901 738 942 769 et
978 730 1160 782 querelae
1191 728 1292 781 apud
1324 742 1471 775 omnes,

142 789 234 830 dum
255 792 330 829 iam
356 803 427 828 nos
452 797 586 828 natura
612 802 687 826 non
712 790 886 826 sustinet.
941 787 1093 826 Revera
1118 787 1200 824 lues
1224 793 1265 824 et
1290 786 1409 825 fames
1433 793 1475 825 et

142 847 247 887 bella
257 854 300 886 et
309 847 517 898 voragines
537 847 732 884 civitatum
752 858 823 896 pro
843 843 1017 882 remedio
1036 842 1268 896 deputanda,
1294 850 1473 895 tanquam

142 911 303 944 tonsura
326 904 595 943 insolescentis
620 903 775 954 generis
799 901 972 948 humani;
1003 908 1045 940 et
1070 908 1208 947 tamen,
1235 914 1346 952 quum
1372 902 1474 939 eius-

143 961 248 1002 modi
272 974 432 1001 secures
456 962 657 999 maximam
683 960 897 998 mortalium
922 960 995 997 vim
1022 958 1142 997 semel
1167 956 1345 1004 caedant,
1377 971 1473 996 nun-

124 1033 254 1072 qnam
277 1019 560 1058 restitutionem
591 1019 673 1056 eius
702 1018 809 1055 vivos
841 1029 891 1054 ex
921 1016 1080 1053 mortuis
1111 1013 1359 1053 reducentem
1385 1021 1474 1066 post

142 1077 248 1116 mille
272 1088 395 1114 annos
419 1075 538 1113 semel
563 1075 666 1112 orbis
692 1074 858 1125 expavit.
875 1074 911 1119 ¹)
980 1071 1029 1110 Et
1059 1072 1134 1110 boc
1164 1072 1264 1110 enim
1290 1071 1471 1110 sensibile

142 1133 305 1172 fecisset
327 1145 451 1184 aequa
474 1133 532 1170 vis
556 1131 771 1169 amissionis
796 1137 836 1168 et
860 1129 1127 1175 restitutionis,
1153 1129 1184 1166 si
1205 1129 1279 1165 vivi
1300 1140 1349 1166 ex
1368 1140 1471 1166 mor-

142 1191 218 1229 tuis
243 1190 392 1228 fierent.
454 1188 534 1226 Cur
556 1195 683 1226 autem
708 1187 811 1224 mille
835 1187 944 1224 annis
969 1192 1068 1237 post,
1100 1192 1141 1224 et
1170 1198 1246 1222 non
1271 1185 1396 1222 statim
1422 1197 1472 1223 ex

142 1248 303 1286 mortuis
320 1246 409 1292 vivi,
435 1259 559 1297 quum,
586 1246 615 1283 si
643 1258 719 1282 non
739 1244 865 1282 statim
884 1249 1126 1294 supparetur,
1153 1240 1253 1293 quod
1273 1248 1470 1292 erogatur,

145 1305 185 1343 in
210 1311 330 1342 totum
356 1302 502 1341 absumi
526 1302 768 1354 periclitetur
791 1300 1066 1352 praeveniente
1097 1299 1378 1338 restitutionem
1403 1297 1472 1337 de-

143 1361 335 1407 fectione,
367 1360 455 1411 quia
479 1371 552 1398 nec
579 1359 768 1410 pariasset
800 1364 1034 1395 commeatus
1063 1356 1126 1394 bic
1156 1357 1258 1393 vitae
1290 1355 1469 1393 milliario

144 1419 309 1470 tempori
339 1417 455 1467 longe
485 1416 638 1454 scilicet
666 1415 824 1453 brevior
851 1420 893 1452 et
922 1413 1071 1451 idcirco
1104 1412 1257 1450 facilior
1287 1419 1378 1451 ante
1403 1425 1471 1450 ex-

144 1475 288 1526 stingui
318 1487 428 1526 quam
459 1470 719 1511 redaccendi?
777 1470 900 1521 Igitur
930 1483 1027 1522 quac
1059 1470 1134 1508 boc
1167 1468 1279 1506 modo
1312 1469 1471 1507 interci-

143 1531 277 1578 disset,
303 1532 335 1569 si
359 1531 434 1569 vivi
459 1542 509 1568 ex
532 1529 692 1568 mortuis
711 1528 861 1574 fierent,
888 1526 1040 1579 quando
1060 1540 1136 1565 non
1157 1525 1368 1573 intercidit,
1394 1539 1471 1564 non

143 1589 221 1628 erit
237 1586 479 1635 ,credendum
502 1587 612 1625 vivos
637 1599 687 1625 ex
710 1586 869 1624 mortuis
895 1585 992 1623 fieri.

226 1672 231 1675 -
259 1649 328 1687 31.
389 1644 467 1682 Iam
497 1656 591 1682 vero
623 1645 654 1682 si
686 1656 735 1681 ex
765 1643 924 1680 mortuis
953 1642 1047 1686 vivi,
1085 1641 1214 1691 utique
1252 1640 1392 1690 singuli
1422 1652 1472 1678 ex

143 1702 317 1753 singulis.
379 1699 626 1750 Singulorum
651 1712 748 1749 ergo
774 1710 979 1748 corporum
1004 1698 1143 1742 anima,
1173 1703 1215 1734 ut
1239 1696 1407 1746 singulas
1432 1697 1471 1733 in

145 1759 297 1809 singula
327 1769 495 1807 corpora
525 1756 670 1794 reverti
700 1761 938 1805 oportuerat.
1004 1752 1128 1790 Porro
1159 1753 1191 1790 si
1223 1759 1263 1790 et
1292 1752 1405 1790 binae
1431 1758 1473 1790 et

146 1816 273 1854 trinae
298 1820 339 1852 et
363 1814 499 1864 quinae
525 1824 644 1863 usque
672 1822 746 1848 uno
770 1817 883 1848 utero
908 1816 1163 1855 resumuntur,
1189 1822 1265 1846 non
1291 1815 1404 1846 erunt
1421 1821 1472 1846 ex

146 1872 307 1910 mortuis
340 1871 435 1915 vivi,
469 1870 556 1920 quia
587 1881 663 1905 non
694 1867 832 1917 singuli
858 1879 908 1904 ex
932 1866 1104 1917 singulis.
1168 1864 1220 1903 Et
1245 1865 1318 1904 hoc
1343 1872 1472 1904 autem

147 1927 262 1967 modo
298 1924 498 1979 primordii
535 1926 657 1962 forma
694 1925 938 1974 signatur,²)
983 1937 1094 1975 quum
1130 1929 1170 1960 et
1206 1935 1305 1960 nunc
1342 1922 1471 1974 plures

147 1986 296 2024 animae
329 1983 376 2021 de
408 1995 483 2020 una
512 1982 772 2033 proferuntur.
837 1980 931 2019 Item
963 1993 1074 2032 quum
1104 1980 1211 2017 varia
1242 1986 1371 2017 aetate
1402 1978 1471 2017 de-

148 2041 291 2081 cedant
314 2042 483 2085 animae,
516 2051 585 2077 cur
614 2051 688 2076 una
718 2039 987 2080 revertuntur?
1045 2036 1185 2075 Omnes
1215 2037 1314 2074 enim
1341 2036 1472 2079 abin-

148 2099 269 2138 l'antia
293 2098 522 2142 imbuuntur,
549 2109 623 2147 qua
646 2096 770 2133 infans
794 2095 1082 2142 revertam-3³)
1115 2093 1226 2145 quale
1251 2100 1311 2132 est
1330 2101 1471 2140 autem,

146 2163 190 2193 ut
202 2167 321 2193 senex
342 2153 544 2192 defunctus
563 2153 687 2190 infans
705 2153 945 2190 revertatur?
969 2152 1001 2189 si
1020 2150 1215 2190 decrescit
1234 2151 1328 2187 foris
1346 2152 1472 2187 anima

147 2210 377 2262 retrograda
402 2217 542 2255 aetate,
574 2216 714 2261 quanto
738 2209 860 2259 magis
883 2215 981 2253 erat,
1007 2214 1048 2245 ut
1071 2207 1317 2259 progressior
1339 2218 1472 2244 rever-

149 2275 298 2307 teretur
321 2267 422 2306 mille
448 2273 535 2318 pust
558 2267 691 2303 annis?
744 2265 860 2303 Certe
883 2265 944 2303 vel
971 2271 1183 2303 coaetanea
1207 2275 1298 2300 suae
1323 2263 1470 2309 mortis,

148 2333 191 2364 ut
215 2338 367 2371 aevum,
408 2322 509 2375 quod
545 2323 781 2374 reliquisset,
819 2322 955 2359 iterum
991 2321 1216 2372 recepisset.
1288 2316 1367 2357 Sed
1398 2319 1473 2358 etsi

245 2474 282 2512 1)
301 2474 352 2503 Cf.
370 2473 458 2502 Plat.
475 2471 618 2502 Phaeur.
637 2480 666 2500 c.
685 2471 742 2502 29.
762 2480 792 2509 p.
807 2470 872 2499 248
886 2469 916 2499 E
928 2478 978 2508 aq.
1073 2468 1110 2508 2)
1135 2467 1208 2507 Rig.
1221 2477 1240 2498 e
1259 2466 1335 2498 cod.
1349 2467 1473 2508 Agoha

151 2519 408 2559 singulatur.
525 2515 563 2559 3)
589 2517 651 2548 Vv.
676 2525 754 2555 qua
785 2515 929 2546 infans
960 2515 1210 2546 revertatur
1231 2521 1302 2544 non
1328 2514 1410 2544 sunt
1434 2512 1472 2543 in

151 2565 205 2597 ed.
230 2565 305 2605 Rig.

1103 2602 1180 2645 14*
