1604 2800
465 170 591 201 ADV.
626 169 1142 203 VALEN'rtNtANos.
1405 170 1472 209 52

137 262 310 310 scilicet3
336 263 448 302 ambo
475 264 694 315 coniugium
721 278 856 302 novum
885 265 989 304 fient.
1003 265 1039 314 ¹)
1070 264 1143 303 Hic
1163 264 1290 303 eritin
1304 265 1470 317 scriptu-

138 321 192 358 ris
216 333 398 373 sponsus,
429 327 469 360 et
493 322 672 374 sponsale
692 323 729 368 2)
745 322 949 360 Pleroma.
1011 321 1159 361 Credas
1184 323 1304 368 enim,
1332 321 1396 360 ubi
1411 321 1469 368 ,de

139 377 227 416 loco
253 379 292 417 in
318 378 445 418 locum
476 381 787 431 transmigratur,
828 381 935 431 leges
967 393 1119 432 quoque
1152 379 1268 418 Iulias
1300 381 1470 419 interve-

138 436 244 483 nire,
282 436 382 475 sicut
405 443 447 475 et
471 450 646 476 coenam.
667 439 705 485 3)
767 437 816 475 Et
842 437 1091 489 Demiurgus,
1130 445 1220 476 tunc
1246 437 1294 476 de
1322 437 1469 476 bebdo-

138 492 249 533 made
280 495 444 534 coelesti
474 497 512 534 in
543 497 746 547 superiora
778 496 939 534 mutabit
969 497 1006 534 in
1039 509 1199 534 vacuum
1226 496 1298 533 iam
1326 509 1469 534 coena-

138 551 263 590 culum
300 553 451 600 matris,
488 554 617 592 sciens
654 555 747 600 iam,
787 566 859 592 nec
889 553 1025 593 videns
1054 554 1172 592 illam.
1234 552 1332 592 Nam
1358 554 1390 592 si
1415 554 1470 592 ita

136 616 236 656 erat,
261 622 416 663 semper
440 612 623 662 ignorare
650 612 857 650 maluisset.
1366 621 1369 623 ’

251 671 322 710 32.
374 668 546 707 Humana
571 682 664 708 vero
691 682 787 720 gens
813 670 850 707 in
876 669 946 708 hos
972 670 1097 708 exitus
1123 669 1212 715 ibit,
1240 668 1403 707 choicae
1429 676 1470 707 et

134 726 346 764 materialis
382 733 498 765 notae
537 733 657 765 totum
696 727 915 773 interitum,
965 728 1054 778 quia
1092 726 1214 763 omnis
1251 738 1344 763 caro
1383 726 1469 764 foe-

135 783 294 831 num-⁴)
355 782 406 820 Et
423 785 556 821 anima
588 785 763 821 mortalis
792 783 891 835 apud
925 784 1030 829 illos,
1070 784 1142 821 nisi
1174 795 1271 834 quae
1304 783 1466 821 salutem

134 839 211 878 fide
235 841 440 879 invenerit.
502 839 691 879 Iustorum
717 841 887 887 animae,
913 840 953 878 id
979 847 1039 879 est
1063 847 1234 886 nostrae,
1262 839 1310 878 ad
1336 839 1468 879 Demi-

133 910 268 949 urgum
306 899 342 936 in
381 897 600 937 medietatis
638 899 888 950 receptacula
922 899 1244 936 transmittentur.
1304 897 1466 949 Agimus

133 955 298 1007 gratim,
348 957 522 994 contenti
565 957 707 994 erimus
745 969 829 994 eum
868 955 942 994 ileo
981 963 1113 994 nostro
1152 954 1349 1007 deputari,
1389 970 1463 1007 quo

134 1026 328 1053 ascensuS.
349 1015 387 1062 5)
447 1013 555 1052 Nihil
581 1014 746 1052 animale
772 1015 810 1051 in
836 1013 1063 1052 Pleromatis
1089 1014 1270 1064 palatium
1296 1012 1465 1051 admitti-

134 1078 206 1118 tur,
232 1072 306 1110 nisi
330 1072 502 1123 spiritale
529 1084 691 1110 examen
716 1071 925 1109 Valentini.
982 1071 1065 1109 [llic
1091 1071 1221 1122 itaque
1247 1071 1370 1121 primo
1397 1070 1465 1109 de-

131 1129 346 1180 spoliantur
369 1129 544 1168 homines
574 1130 665 1180 ipsi,
708 1127 747 1166 id
779 1135 839 1167 est
868 1129 1090 1167 interiores.
1152 1127 1370 1179 Despoliari
1396 1141 1464 1166 au-

132 1192 208 1224 tem
240 1192 302 1224 est
325 1185 523 1238 deponere
549 1187 712 1232 animas,
739 1186 875 1237 quibus
900 1185 1023 1228 induti
1048 1184 1292 1237 videbantur,
1319 1198 1463 1237 easque

132 1242 343 1294 Demiurgo
368 1257 438 1282 suo
469 1243 654 1289 reddent,
692 1257 785 1295 quas
816 1243 863 1281 ab
895 1256 943 1282 eo
975 1250 1166 1283 avertant.
1227 1242 1304 1295 Ipsi
1335 1250 1462 1282 autem

131 1301 288 1353 spiritus
312 1302 351 1339 in
377 1308 496 1340 totum
524 1302 616 1340 fient
646 1301 949 1346 intellectuales,
987 1313 1112 1353 neque
1139 1299 1312 1339 detentui
1338 1313 1462 1352 neque

131 1360 357 1411 conspectui
389 1359 565 1405 obnoxii,
604 1366 718 1410 atque
745 1360 799 1397 ita
824 1358 1068 1397 invisibiliter
1091 1359 1130 1395 in
1157 1356 1334 1396 Pleroma
1361 1359 1463 1396 reci—

130 1417 295 1468 pientur.
356 1415 525 1455 Furtim?
572 1415 616 1455 Si
641 1418 694 1454 ita
719 1423 791 1463 est,
818 1415 907 1468 quid
931 1415 1099 1454 deinde?
1143 1414 1307 1465 Angelis
1332 1414 1463 1453 distri-

127 1474 311 1521 buentur,
343 1474 572 1513 satellitibus
598 1473 763 1513 Soteris.
825 1474 868 1512 In
894 1473 994 1512 lilios
1019 1475 1156 1525 putas?
1212 1471 1318 1511 Nou.
1382 1471 1462 1511 Sed

127 1533 166 1570 in
190 1534 471 1584 apparatores?
517 1531 579 1571 Ne
604 1530 704 1570 istud
731 1530 896 1584 quidem.
947 1530 1027 1570 Sed
1052 1532 1091 1569 in
1122 1531 1334 1582 imagines?
1379 1529 1462 1569 Uti—

127 1602 214 1628 nam
244 1590 306 1628 vel
337 1590 431 1636 hoc,
469 1591 602 1642 inquit.
664 1589 784 1636 Erro,
822 1592 854 1628 si
886 1602 962 1627 non
987 1595 1097 1641 putet
1122 1587 1255 1627 dicere
1281 1590 1319 1626 in
1345 1601 1461 1639 spon-

126 1660 202 1686 sas.
262 1647 371 1686 Tunc
396 1648 452 1686 illi
478 1647 642 1686 Sabinas
668 1655 798 1699 raptas
824 1648 927 1685 inter
951 1659 993 1685 se
1020 1645 1068 1684 de
1094 1646 1347 1684 matrimoniis
1379 1646 1460 1684 lau-

127 1703 233 1743 dent.
252 1704 291 1750 6)
354 1704 462 1743 Haec
487 1706 563 1742 erit
586 1705 812 1756 spiritalium
840 1716 1009 1748 merces,
1035 1704 1110 1742 hoc
1137 1704 1345 1754 praemium
1373 1715 1460 1740 cre-

126 1759 256 1800 dendi.
318 1760 485 1799 Fabulae
523 1762 621 1799 tales
657 1762 789 1805 utiles,
829 1768 869 1798 ut
899 1760 1053 1798 Marcus
1084 1767 1150 1798 aut
1176 1759 1291 1797 Caius
1322 1760 1360 1796 in
1387 1759 1459 1798 bae

127 1831 247 1857 earne
296 1817 478 1865 barbatus
522 1825 562 1856 et
599 1818 672 1855 hac
709 1818 835 1855 anima
866 1830 1025 1855 severus
1044 1818 1083 1866 ²)
1116 1818 1293 1863 maritus,
1332 1822 1458 1867 pater,

125 1889 232 1924 avus,
257 1889 438 1928 proavus,
465 1882 573 1914 certe
601 1873 700 1927 quod
727 1874 866 1913 sufficit
890 1875 1092 1921 masculus,
1120 1875 1158 1912 in
1184 1874 1403 1926 nymphone
1418 1875 1456 1919 ⁸)

126 1933 358 1972 Pleromatis
382 1933 430 1971 ab
456 1933 616 1984 angelo,
655 1931 822 1971 tacendo
848 1933 923 1971 iam
949 1932 1048 1978 dixi,
1075 1939 1115 1971 et
1141 1932 1303 1969 forsitan
1328 1932 1459 1982 parias

124 1992 289 2043 aliquem
332 1990 550 2030 Onesimum
586 1990 775 2029 Aeonem.
850 1990 917 2029 His
949 1991 1089 2043 nuptiis
1120 1996 1229 2028 recte
1261 1987 1457 2028 deducen-

123 2168 391 2205 compactus,
419 2165 645 2204 respicientes
658 2165 701 2196 ad
715 2166 803 2197 hen.
819 2168 853 2205 2,
867 2167 900 2204 ἵ,
916 2163 1014 2197 §.ror
1023 2164 1177 2207 Σωτῆρα
1190 2160 1254 2196 τόν
1266 2161 1301 2195 ἐκ
1313 2160 1455 2195 πάντων

123 2209 310 2252 γεγονότα.
414 2212 451 2250 1)
477 2211 583 2242 Rhen.
600 2211 690 2241 fiet.
738 2212 811 2252 Rig.
826 2221 987 2244 novum.
1022 2212 1074 2241 Et
1094 2212 1160 2242 hie
1181 2214 1246 2242 etc.
1342 2210 1379 2248 2)
1396 2210 1455 2240 Sic

124 2257 197 2298 mg.
223 2259 258 2288 et
283 2258 436 2295 Scmler;
461 2257 584 2288 ceteri:
609 2258 841 2299 sponsalis.
970 2257 1006 2296 3)
1034 2254 1083 2288 lta
1110 2266 1199 2287 corr.
1227 2255 1319 2294 Rig.;
1346 2254 1455 2286 Rhen.

122 2304 313 2340 cainam,
341 2303 477 2334 Iunius:
504 2303 763 2334 Canuleiam.
868 2303 904 2345 4)
930 2306 993 2336 les.
1012 2303 1068 2340 40,
1084 2305 1117 2333 6.
1228 2302 1264 2339 5)
1291 2303 1342 2331 lta
1362 2310 1454 2332 corr.

121 2349 346 2389 RigJCeten-i:
373 2359 455 2388 qua
481 2358 659 2389 cen-un,
683 2350 795 2381 nihil
813 2354 880 2383 etc.
975 2351 1013 2390 6)
1038 2350 1096 2379 Sic
1110 2348 1218 2385 ed.1.;
1243 2346 1454 2386 Rig.plau-

121 2396 233 2427 dent·
280 2396 389 2428 aben.
411 2406 499 2427 corr.
521 2399 669 2434 raptas
692 2396 787 2427 iure
811 2396 1080 2428 matrimonii
1106 2394 1323 2434 plaudent.
1418 2390 1454 2431 7)

119 2441 344 2474 Probavimus
370 2443 606 2473 coniecturam
632 2442 687 2472 Fr.
712 2442 811 2473 lunii.
865 2443 972 2473 Rhen.
997 2443 1050 2473 ed.
1073 2443 1098 2471 1.
1124 2439 1254 2470 Gaius
1279 2439 1319 2470 in
1345 2438 1452 2469 hanc

121 2497 295 2520 earnem
321 2490 429 2520 barb.
451 2491 491 2519 et
515 2489 619 2519 haee
644 2488 783 2518 anima
808 2497 910 2527 sev.;
936 2488 1058 2519 deinde
1072 2484 1452 2525 scriptitRhen.haec

120 2535 282 2575 omnia,
307 2544 489 2566 severus
508 2538 576 2567 etc.
689 2533 726 2575 8)
752 2536 804 2566 lta
829 2535 962 2566 emend.
986 2533 1180 2571 pamelium
1206 2531 1312 2563 Rhen.
1338 2540 1452 2570 sym·

121 2579 268 2619 phone.
