1566 2808
348 201 473 233 ADV.
508 201 868 233 MARCIONEM
905 198 1080 230 [ABER
1109 199 1166 230 111.
1323 193 1419 232 132

100 293 238 333 semini
262 294 364 341 eins,
388 292 491 346 quod
516 295 609 340 erit,
642 294 783 345 inquit,
810 305 860 331 ex
883 298 1018 329 ventre
1043 291 1162 342 ipsius
1175 291 1227 338 ¹).
1277 287 1362 327 Hoc
1386 290 1418 327 si

99 347 410 390 inSalomonem
446 351 675 403 simpliciter
709 349 922 395 edisseres,
960 349 1075 386 risum
1107 347 1197 385 mihi
1234 347 1417 393 incuties,

99 406 296 466 videbitur
328 409 428 448 enim
465 407 588 446 David
625 408 823 459 peperisse
861 405 1119 444 Salomonem.
1180 402 1242 442 An
1279 410 1320 442 et
1355 403 1418 442 hic

101 463 278 504 Christus
308 465 550 517 significatur
574 478 623 504 ex
654 478 702 503 eo
733 471 869 503 ventre
895 476 1026 502 semen
1051 460 1193 507 David,
1227 462 1289 513 qui
1315 467 1420 499 esset

99 533 151 561 ex
174 521 316 570 David,
341 521 382 561 id
413 529 473 561 est
498 522 670 561 Mariae?
708 522 804 569 Quia
834 528 873 560 et
904 520 1039 559 aedem
1071 519 1135 558 dei
1160 520 1281 570 magis
1307 518 1419 556 Chri—

99 585 180 618 stus
202 578 476 621 aedificaturus
501 587 622 626 esset,
656 579 846 617 hominem
878 579 1029 617 scilicet
1053 583 1244 622 sanctum,
1276 577 1315 614 in
1342 589 1417 628 quo

98 637 252 688 potiore
277 637 420 688 templo
446 637 680 675 inhabitaret
705 636 767 675 dei
792 637 965 687 spiritus,
1002 635 1040 672 in
1067 633 1129 672 dei
1156 634 1271 671 filium
1297 634 1418 684 magis

100 692 276 732 Christus
300 693 498 732 habendus
523 701 644 740 esset,
678 707 789 745 quam
816 692 998 731 Salomon
1024 692 1122 729 filius
1148 689 1283 728 David.
1339 688 1416 727 De-

98 750 214 802 nique
249 757 291 802 et
328 751 487 789 thronus
523 751 562 788 in
598 763 732 789 aevum
775 756 815 788 et
851 761 1011 799 regnum
1048 749 1085 785 in
1123 760 1256 785 aevum
1294 748 1416 797 magis

97 805 253 846 Christo
279 802 480 859 competit,
514 802 623 859 quam
656 805 873 853 Salomoni,
905 805 1108 856 temporali
1133 805 1286 842 scilicet
1316 805 1413 854 regi.

98 861 178 902 Sed
213 877 239 902 a
269 863 422 903 Christo
454 863 723 903 misericordia
760 862 824 902 dei
862 873 938 900 non
976 862 1183 907 abscessit,
1217 860 1415 899 Salomoni

93 933 191 964 vero
221 922 336 960 etiam
366 922 426 960 ira
456 920 520 960 dei
550 922 718 960 accessit
741 927 828 972 post
854 920 1039 958 luxuriam
1071 926 1111 957 et
1141 917 1414 957 idololatriam.

97 976 306 1024 Suscitavit
341 979 442 1026 enim
478 979 533 1017 illi
566 977 684 1017 Satan
720 978 869 1016 hostem
907 976 1137 1015 Idumaeam.
1193 976 1287 1014 Cum
1317 987 1414 1026 ergo

94 1035 189 1075 nihil
214 1035 349 1074 horum
373 1043 569 1088 competat
593 1037 631 1074 in
658 1035 916 1080 Salomonem,
943 1034 1011 1072 sed
1036 1035 1075 1072 in
1096 1028 1300 1080 Christuni,
1329 1046 1414 1071 cer-

93 1098 136 1131 ta
159 1094 235 1132 erit
263 1094 364 1132 ratio
396 1094 754 1145 interpretationum
780 1099 1014 1138 nostrarum,
1046 1093 1129 1143 ipso
1161 1092 1275 1129 etiam
1308 1091 1414 1128 exitu

95 1161 225 1188 rerum
249 1150 456 1202 probante,
489 1164 582 1202 quas
611 1152 650 1188 in
676 1150 867 1188 Christum
893 1147 1341 1203 apparetvpraedicatas,
1376 1154 1415 1184 et

94 1207 150 1246 ita
173 1207 212 1245 in
236 1206 312 1245 hoc
337 1214 450 1246 erunt
473 1211 607 1246 sancta
631 1214 672 1245 et
696 1205 825 1245 fidelia
849 1205 986 1244 David.
1050 1203 1159 1243 Hunc
1186 1203 1279 1243 deus
1304 1204 1414 1242 testi—

95 1264 262 1302 monium
293 1263 511 1303 nationibus
534 1266 681 1316 posuit,
714 1277 791 1302 non
817 1262 958 1310 David,
990 1263 1203 1314 principem
1230 1269 1270 1300 et
1293 1262 1413 1313 impe-

76 1322 253 1360 'rantem'
273 1322 509 1367 nationibus,
547 1335 623 1359 non
653 1320 797 1367 David,
835 1321 898 1372 qui
929 1320 1001 1358 soli
1032 1319 1167 1357 Israeli
1198 1320 1412 1370 imperavit.

95 1377 287 1416 Christum
311 1378 428 1417 hodie
454 1379 634 1416 invocant
659 1379 854 1423 nationes,
888 1390 985 1428 quae
1011 1389 1095 1414 eum
1121 1389 1197 1413 non
1223 1376 1411 1421 sciebant,

93 1435 289 1487 et·populi
319 1434 367 1473 ad
383 1429 584 1473 ¹Christum
610 1434 726 1473 hodie
753 1434 991 1484 confugiunt,
1025 1446 1136 1484 quem
1160 1439 1268 1471 retro
1299 1433 1412 1482 igno-

90 1491 242 1530 rabant.
291 1491 380 1530 Non
405 1499 534 1544 potest
558 1493 723 1531 futurum
749 1490 840 1538 dici,
867 1490 967 1542 quod
991 1490 1101 1528 vides
1127 1490 1224 1528 fieti.

157 1568 171 1578 ν
206 1553 276 1591 21.
312 1548 393 1588 'Sic
424 1563 497 1588 nec
527 1551 629 1588 illam
656 1550 903 1587 iniectionem
929 1555 1030 1586 tuam
1055 1554 1167 1599 potes
1198 1548 1336 1586 sistere
1362 1546 1411 1584 ad

92 1604 347 1655 differentiam
390 1606 550 1646 duorum
588 1604 845 1653 C'hristorum,
890 1607 996 1658 q'uasi
1039 1604 1217 1643 Iudaicus
1259 1604 1408 1656 quidem

92 1659 266 1702 Christus
289 1665 431 1717 populo
457 1665 530 1703 soli
561 1678 611 1703 ex
636 1664 876 1715 dispersione
907 1661 1122 1714 redigendo
1149 1661 1363 1700 destinetur
1388 1676 1410 1699 a

92 1727 290 1768 creatore,
319 1729 451 1760 vester
479 1735 572 1760 vero
605 1723 707 1772 omuj
739 1722 901 1759 humano
934 1721 1069 1771 generi
1101 1718 1302 1758 liberando
1329 1720 1410 1757 col-

90 1778 190 1816 latus
219 1778 271 1816 sit
293 1790 317 1815 a
340 1777 416 1816 deo
448 1781 611 1829 optimo,
650 1791 733 1816 cum
765 1785 960 1829 postremo
986 1778 1136 1827 priores
1168 1777 1411 1814 inveniantur

91 1834 301 1874 Christiani
332 1837 520 1874 creatoris
546 1846 655 1887 quam
680 1834 910 1880 Marcionis,
943 1832 1082 1872 exinde
1106 1834 1258 1873 vocatis
1287 1835 1409 1871 omni—

87 1892 160 1931 bns
183 1892 334 1944 populis
364 1893 403 1930 in
434 1905 556 1943 regno
589 1893 689 1938 eius,
723 1904 782 1930 ex·
803 1904 877 1943 quo
910 1890 1004 1929 deus
1034 1891 1211 1942 regnavit
1240 1903 1263 1928 a
1288 1890 1406 1941 ligno,

89 1949 194 1988 nullo
225 1949 350 1988 adhuc
383 1949 580 1996 Cerdone,
613 1948 750 1988 nedum
780 1948 995 1987 Marcione.
1058 1947 1135 1986 Sed
1168 1954 1209 1986 et
1238 1949 1407 1986 revictus

88 2006 139 2046 de
151 2008 346 2046 nationum
370 2009 588 2054 vocatione,
616 2014 844 2046 convertere
863 2009 936 2045 iam
959 2007 996 2043 in
1017 2006 1247 2057 proselytos.
1282 2004 1407 2052 Quae-

85 2065 155 2112 ris,
188 2064 331 2117 qni-de
362 2065 579 2103 nationibus
610 2071 806 2103 transeant
836 2063 883 2102 ad
915 2070 1151 2110 creatorem,
1190 2062 1341 2114 quando
1367 2070 1408 2101 et

86 2123 276 2175 proselyti
307 2121 482 2161 diversae
515 2129 555 2161 et
584 2124 764 2174 propriae
795 2121 1029 2159 conditionis
1059 2133 1230 2171 seorsum
1262 2133 1286 2158 a
1316 2133 1406 2172 pro—

86 2179 207 2232 pheta
235 2181 503 2226 nominentur?
538 2176 662 2226 Ecce,
694 2180 816 2231 inquit
846 2179 999 2225 Esaias,
1032 2178 1220 2229 proselyti
1244 2191 1317 2229 per
1345 2190 1405 2215 me

87 2235 279 2275 accedent
302 2236 351 2275 ad
383 2244 422 2276 te
435 2239 494 2285 ²),
529 2236 734 2275 ostendens
765 2238 869 2289 ipsos
901 2248 1051 2288 quoque
1083 2236 1304 2287 proselytos
1335 2247 1407 2285 per

87 2291 278 2333 Christum
316 2306 543 2333 accessuros
578 2293 627 2334 ad
663 2293 793 2341 deum,
830 2301 872 2332 ut
908 2293 1102 2338 nationes,
1142 2290 1243 2343 quod
1279 2304 1405 2329 sumus

86 2364 169 2398 nos,
195 2350 357 2403 proinde
384 2364 487 2390 suam
501 2351 668 2390 habeant
692 2352 989 2390 nominationem
1015 2356 1214 2401 sperantes
1233 2349 1271 2386 in
1293 2347 1405 2386 Chri-

86 2415 196 2447 stum.
257 2407 309 2446 Et
339 2409 377 2446 in
408 2410 580 2455 nomine,
618 2410 758 2460 inquit,
798 2409 881 2447 eius
917 2409 1094 2446 nationes
1131 2405 1402 2457 sperabuntss).

84 2464 278 2518 Proselyti
303 2472 442 2513 antem,
471 2480 565 2519 quos
589 2467 627 2505 in
653 2467 848 2504 nationum
872 2464 1165 2518 praedicatione
1191 2463 1400 2508 substituis,

178 2594 485 2633 1)2sam.·1‚12.
582 2572 827 2633 2)⁷1es.1e,4.
922 2591 1161 2632 3)1es.42,4.
