1604 2800
99 158 203 196 180
609 156 680 187 DE
716 157 918 190 ANIMA.

100 254 211 292 terim
237 248 434 304 primordii
463 250 736 302 contemplatio
763 250 931 290 inducat.
987 249 1176 302 Recogita
1203 252 1315 299 enim,
1342 266 1426 292 cum

102 311 196 350 deus
222 310 352 346 flasset
376 309 412 346 in
438 307 576 346 faciem
609 308 771 346 hominis
803 309 931 347 flatum
955 309 1077 355 vitae,
1111 315 1151 347 et
1175 309 1301 348 factus
1325 317 1429 350 esset

101 369 214 406 homo
247 366 284 403 in
316 366 477 403 animam
515 366 657 412 vivam,
696 372 815 404 totum
853 366 983 418 utique
1021 378 1092 418 per
1127 366 1267 405 faciem
1303 368 1430 406 statim

101 426 229 464 flatum
263 423 365 461 illum
393 423 429 460 in
456 423 643 461 interiora
673 423 932 462 transmissum
965 429 1005 461 et
1034 436 1105 475 per
1135 424 1312 463 universa
1344 436 1432 463 cor-

101 483 207 534 poris
237 481 359 532 spatia
391 478 565 518 diffusum
596 480 781 532 simulque
814 479 939 519 divina
972 481 1207 532 aspiratione
1234 480 1431 520 densatum

104 539 203 576 omni
225 538 323 576 intus
345 538 444 575 linea
466 550 686 589 expressum
707 550 806 584 esse,
834 551 943 590 quam
969 536 1167 576 densatum
1193 539 1432 590 impleverat,

103 603 142 634 et
160 596 264 634 velut
283 596 322 633 in
341 595 463 633 forma
490 596 655 645 gelasse.
697 593 790 633 Inde
816 595 934 645 igitur
958 602 998 633 et
1024 596 1266 647 corpulentia
1285 596 1432 634 animae

104 666 153 691 ex
178 652 404 691 densatione
437 651 603 690 solidata
635 658 695 690 est
725 659 764 690 et
795 651 942 703 effigies
974 653 1223 704 expressione
1258 653 1435 691 formata.

104 710 175 747 llic
191 710 266 748 erit
279 710 582 755 homointerior,
609 709 705 746 alius
724 710 909 756 exterior,
938 708 1144 762 dupliciter
1157 723 1264 756 unus,
1290 709 1436 749 habens

105 774 145 804 et
170 767 234 804 ille
262 766 395 804 oculos
421 772 461 803 et
485 778 597 803 aures
630 778 736 812 suaS,
770 766 903 817 quibus
930 766 1067 810 Paulus
1083 768 1119 816 ¹)
1153 766 1344 806 dominum
1370 780 1438 806 au-

107 822 190 860 dire
217 829 258 860 et
280 821 414 859 videre
441 820 641 867 debuerat,
674 821 820 859 habens
846 829 886 860 et
911 830 1065 861 ceteros
1091 831 1215 870 artus,
1248 837 1319 876 per
1344 836 1439 876 quos

107 886 146 918 et
171 880 209 917 in
236 878 469 929 cogitatibus
496 879 615 915 utitur
640 883 679 915 et
703 878 742 914 in
768 879 925 916 somniis
951 879 1133 929 fungitur.
1173 879 1239 918 Sic
1266 888 1306 918 et
1331 880 1439 919 diviti

108 935 208 987 apud
240 936 387 974 inferos
413 935 542 986 lingua
568 941 645 981 est,
677 941 717 972 et
740 935 901 986 pauperi
927 933 1087 986 digitus,
1120 943 1161 974 et
1185 937 1288 975 sinus
1312 936 1440 976 Ahrae

107 994 247 1042 hae.²)
309 991 385 1030 Per
415 991 483 1029 has
515 992 635 1029 lineas
661 997 700 1029 et
725 992 873 1030 animae
905 999 1112 1043 martyrum
1144 992 1212 1031 sub
1245 994 1356 1032 altari
1382 995 1441 1031 in-

108 1049 396 1100 telliguntur.3)
434 1047 470 1086 A
494 1046 705 1100 primordio
732 1048 832 1086 enim
858 1049 895 1086 in
920 1046 1044 1086 Adam
1072 1056 1256 1087 concreta
1283 1057 1322 1088 et
1347 1063 1441 1089 con-

107 1108 273 1157 figurata
304 1106 460 1157 corpori
491 1106 634 1151 anima,
667 1111 709 1142 ut
733 1105 850 1143 totius
875 1104 1130 1154 substantiae,
1162 1107 1217 1145 ita
1242 1113 1282 1146 et
1307 1106 1442 1146 condi-

106 1164 224 1201 tionis
249 1163 357 1201 istius
383 1174 513 1200 semen
539 1161 668 1201 efficit.

228 1223 292 1261 10.
306 1221 344 1269 4)
395 1219 569 1258 Pertinet
594 1218 643 1258 ad
667 1225 804 1258 statum
831 1219 920 1258 fidei
947 1220 1158 1273 simplicem
1184 1222 1346 1261 animam
1373 1220 1442 1262 de-

111 1278 320 1317 terminare
341 1276 548 1315 seeundum
562 1276 773 1324 Platonem,
790 1278 828 1328 ⁵)
855 1276 893 1315 id
914 1285 984 1324 est,
1011 1278 1238 1318 uniformem
1257 1278 1444 1318 duntaxat

110 1335 346 1373 substantiae
372 1335 539 1372 nomine.
599 1333 782 1393 Viderint
807 1342 912 1374 artes
938 1342 978 1373 et
1003 1333 1244 1388 disciplinae,
1275 1335 1444 1375 viderint

112 1399 152 1430 et
176 1391 423 1438 haereses.⁶)
494 1390 654 1438 Quidam
685 1392 784 1429 enim
816 1392 949 1430 volunt
973 1392 1085 1431 aliam
1112 1394 1167 1432 illi
1193 1394 1443 1432 substantiam

111 1448 324 1485 naturalem
349 1448 475 1485 inesse
502 1448 686 1498 spiritum,
715 1449 820 1498 quasi
846 1448 948 1486 aliud
974 1450 1024 1487 sit
1046 1451 1192 1498 vivere,
1219 1450 1320 1503 quod
1338 1449 1445 1490 venit

113 1504 160 1541 ab
187 1504 330 1549 anima,
363 1502 466 1540 aliud
493 1505 659 1554 spirare,
693 1502 794 1554 quod
822 1504 886 1543 fiat
911 1518 933 1542 a
958 1507 1107 1556 spiritu.
1174 1507 1273 1546 Nam
1299 1515 1339 1547 et
1363 1509 1446 1553 anj-

112 1560 273 1598 malibus
293 1573 368 1597 non
389 1560 561 1598 omnibus
586 1567 785 1611 utrumque
812 1559 968 1607 adesse3
995 1562 1178 1614 pleraque
1198 1566 1298 1602 enim
1312 1566 1444 1603 vivere

114 1615 365 1662 solummodo,
393 1630 469 1654 non
484 1618 597 1656 etiam
612 1618 774 1668 spirare,
801 1630 849 1656 eo
876 1616 978 1669 quod
1004 1631 1079 1656 non
1105 1619 1274 1658 habeant
1299 1633 1445 1671 organa

114 1675 288 1725 spiritus,
321 1674 519 1725 pulmones
545 1681 585 1712 et
609 1674 785 1712 arterias.
855 1674 975 1722 Quale
1001 1683 1060 1713 est
1085 1683 1211 1715 autem
1237 1678 1276 1715 in
1301 1678 1445 1716 exami

113 1731 269 1769 natione
301 1731 487 1769 humanae
520 1732 668 1769 animae
701 1731 835 1769 culicis
867 1738 981 1783 atque
1007 1732 1194 1771 formicae
1220 1741 1444 1785 argumenta

113 1789 323 1840 respicere,
347 1787 497 1840 quando
519 1795 558 1827 et
575 1788 706 1826 vitalia
726 1801 796 1840 pro
818 1789 999 1840 cuiusque
1019 1791 1174 1840 generis
1196 1789 1445 1843 dispositione
1468 1824 1474 1831 s

115 1845 287 1884 omnibus
319 1847 477 1897 propria
507 1845 733 1884 animalibus
770 1847 1045 1898 temperaverit
1080 1848 1223 1886 artifex
1254 1847 1366 1896 deus,
1405 1856 1446 1887 ut

114 1903 217 1940 nulla
248 1902 337 1941 inde
370 1903 597 1942 coniectura
630 1901 821 1954 captanda
852 1904 925 1941 sit?
983 1903 1082 1943 Nam
1108 1917 1232 1957 neque
1257 1905 1385 1952 homo,
1413 1907 1446 1944 si

114 1960 356 2011 pulmonibus
381 1967 422 1999 et
446 1962 601 1999 arteriis
626 1967 793 1999 structus
819 1967 890 2007 est,
917 1958 1066 2000 idcirco
1092 1962 1247 2002 aliunde
1267 1962 1442 2015 spirabit,

115 2016 266 2056 aliunde
299 2018 419 2064 vivet,
452 2030 576 2070 neque
609 2018 789 2064 formica,
822 2018 854 2056 si
878 2018 1057 2057 membris
1083 2019 1296 2058 huiusmodi
1323 2027 1443 2066 caret,

115 2073 264 2113 idcirco
296 2074 502 2126 negabitur
531 2076 696 2127 spirare,
736 2075 843 2127 quasi
880 2075 1118 2114 solummodo
1155 2077 1299 2116 vivens.
1374 2077 1445 2115 Cui

114 2143 207 2168 vero
228 2138 371 2170 tantum
392 2133 514 2183 patuit
538 2133 576 2170 in
602 2131 665 2171 dei
691 2145 823 2184 opera,
848 2139 890 2170 ut
914 2132 1029 2171 alicui
1054 2133 1151 2172 haec
1177 2132 1312 2174 deesse
1331 2146 1445 2190 prae-

117 2190 342 2239 sumpserit?
401 2189 630 2241 Herophilus
655 2190 720 2228 ille
748 2188 917 2228 medicus
942 2197 1007 2228 aut
1032 2190 1165 2239 lanius,
1193 2192 1256 2243 qui
1281 2204 1444 2230 sexcen-

209 2315 244 2352 1)
270 2315 354 2345 Edd.
369 2325 502 2347 omnes:
527 2316 709 2355 populus
730 2316 936 2348 dominum
963 2316 1069 2355 aud,
1096 2317 1289 2356 cod.Agob.
1312 2326 1443 2357 popu-

118 2358 182 2388 lus
210 2360 375 2392 domino
401 2360 605 2400 aud.}³c0d.
622 2362 717 2393 Urs.:
743 2363 902 2393 Paulus
918 2362 1126 2393 dominum
1154 2364 1242 2393 aud.
1269 2363 1442 2395 cr.2cor.

120 2405 172 2441 12,
189 2406 286 2436 2—4.
381 2409 417 2446 2)
440 2411 524 2439 Luc.
541 2409 595 2446 16,
610 2408 652 2437 23
662 2417 711 2446 sq.
812 2406 850 2450 3)
876 2411 984 2447 Apoe.
1001 2410 1032 2446 6,
1049 2411 1080 2438 9.
1181 2410 1217 2448 4)
1243 2409 1325 2448 Cap.
1340 2410 1394 2439 10.
1408 2410 1444 2439 et

121 2449 371 2482 11.ined.Ge1.
393 2452 559 2491 inscripta
579 2456 674 2484 sunt:
702 2455 827 2484 Unum
855 2463 947 2484 esse
973 2454 1149 2484 animam
1172 2456 1211 2484 et
1231 2455 1442 2493 spiritum.

121 2493 260 2567 &frisse-t.
286 2496 409 2529 Phaed.
443 2508 474 2537 p.
501 2500 554 2528 80.
648 2501 684 2538 6)
711 2500 852 2530 Praeter
884 2500 1019 2531 VVouw.
1045 2502 1079 2530 et
1104 2499 1176 2541 Rig.
1206 2500 1280 2533 edd.
1306 2507 1442 2531 omnes:

121 2548 138 2567 e
189 2548 309 2577 igies.
