1604 2800
184 206 253 243 1⁴¹-
566 206 688 237 ADv.
728 205 1166 238 HERMOGENEM.

185 297 503 340 introducendae.
569 298 826 337 Nihilominus
863 299 962 338 enim
1001 305 1041 337 et
1076 310 1146 350 per
1182 296 1381 336 materiam
1419 295 1514 335 deus

185 365 323 397 auctor
347 357 436 396 mali
462 355 697 403 ostenditur,
731 357 763 395 si
789 355 879 395 ideo
905 357 1065 395 materia
1091 361 1335 408 praesumpta
1361 361 1438 401 est,
1465 366 1514 393 ne

184 415 278 454 deus
304 415 391 453 mali
418 421 556 453 auctor
580 413 792 452 videretur.
852 413 1021 453 Exclusa
1046 414 1173 466 itaque
1206 413 1386 459 materia,
1425 410 1513 450 dum

185 472 405 512 excluditur
431 485 566 511 caussa
592 473 693 519 eius,
720 478 917 523 superest,
949 473 1003 511 uti
1028 470 1140 510 deum
1167 471 1294 509 omnia
1319 482 1368 509 ex
1394 469 1514 508 nihilo

184 532 325 570 fecisse
353 537 518 569 constet.
580 529 824 575 Videbimus,
863 543 911 567 an
944 536 984 568 et
1010 529 1126 575 mala,
1167 542 1250 567 cum
1277 527 1513 581 apparuerit,

185 601 281 640 quae
315 588 431 634 mala,
470 594 510 626 et
541 600 589 625 an
622 587 720 626 mala
751 588 903 626 interim
936 600 1007 634 ea,
1046 599 1143 638 quae
1170 593 1292 638 putas.
1353 585 1515 637 Dignius

185 647 283 684 enim
310 644 358 684 de
384 659 453 684 suo
479 645 641 684 arbitrio
667 643 850 696 produxit
882 645 978 684 haec
1006 657 1155 696 quoque
1188 641 1439 699 producendo
1466 641 1515 681 de

184 703 316 749 nihilo,
345 716 454 754 quam
481 701 529 741 de
554 701 796 754 praeiudicio
822 703 964 750 alieno,
992 703 1023 740 si
1050 701 1098 740 de
1124 702 1286 740 materia
1310 699 1515 754 produxis-

184 766 257 798 set.
322 759 511 806 Libertas,
539 773 615 797 non
641 761 864 806 necessitas,
893 758 966 798 deo
994 760 1196 811 competit3
1225 759 1324 797 malo
1350 758 1516 797 voluerit

185 817 283 854 mala
308 830 329 855 a
356 824 477 855 semet
495 817 579 868 ipso
607 815 845 863 condidisse,
874 830 982 868 quam
1010 829 1084 854 non
1118 817 1287 868 potuerit
1318 829 1394 854 non
1421 828 1514 854 con·

185 873 341 912 didisse.

302 935 366 972 17.
418 930 529 970 Unici
555 930 617 970 dei
642 937 762 970 status
787 931 885 970 hanc
908 931 1079 983 regulam
1099 929 1282 977 vindicat,
1309 943 1384 968 non
1399 930 1514 968 aliter

185 989 300 1036 unici,
328 990 399 1027 nisi
426 990 513 1040 quia
539 989 669 1035 solius,
697 1002 772 1027 non
799 989 913 1027 aliter
937 989 1069 1036 solius,
1095 989 1168 1028 ni'si
1194 989 1280 1040 quia
1307 987 1401 1025 nihil
1428 999 1511 1026 cum

183 1047 263 1085 illo.
326 1045 392 1084 Sic
419 1053 459 1085 et
483 1047 625 1098 primus
651 1047 743 1093 erit,
771 1047 858 1097 quia
885 1048 1011 1085 omnia
1036 1053 1123 1098 post
1147 1046 1271 1093 illum3
1303 1046 1359 1083 sic
1387 1045 1512 1083 omnia

183 1111 270 1156 post
295 1104 418 1150 illum,
458 1105 544 1155 quia
571 1104 696 1141 omnia
722 1102 768 1141 ab
796 1104 882 1151 illo;
909 1105 964 1142 sic
991 1103 1038 1142 ab
1064 1104 1150 1150 illo,
1190 1103 1278 1155 quia
1303 1115 1352 1141 ex
1377 1101 1511 1149 nihilo,

182 1168 223 1199 ut
247 1161 301 1199 illi
328 1174 476 1213 quoque
504 1162 717 1213 scripturae
743 1162 843 1200 ratio
871 1168 1035 1200 constet.
1099 1161 1190 1209 Quis
1216 1161 1400 1213 cognovit
1424 1172 1511 1199 sen·-

184 1232 263 1257 sum
290 1217 457 1257 domini?
491 1225 558 1257 aut
589 1220 671 1271 quis
703 1218 758 1257 illi
791 1219 1033 1258 consiliarius
1059 1219 1154 1257 suit?
1189 1225 1256 1257 aut
1281 1230 1390 1271 quem
1418 1230 1512 1257 con-

183 1277 342 1314 saltatus
374 1278 457 1315 est?
492 1283 558 1314 aut
587 1277 685 1315 viam
723 1277 1004 1328 intelligentiae
1043 1283 1083 1315 et
1113 1276 1301 1316 scientiae
1334 1276 1417 1328 quis
1442 1273 1511 1314 de-

183 1334 408 1371 monstravit
444 1333 525 1371 illi?
561 1335 644 1384 quis
675 1333 836 1372 tradidit
873 1341 912 1372 et
942 1334 1180 1373 retribuetur
1215 1334 1327 1382 ei?¹)
1383 1331 1509 1372 Nemo

183 1391 334 1440 utique,
368 1390 454 1440 quia
480 1390 582 1427 nulla
607 1392 676 1436 vis,
703 1391 806 1428 nulla
832 1392 1011 1437 materia,
1045 1392 1147 1430 nulla
1174 1398 1309 1430 natura
1334 1390 1511 1429 substan-

184 1446 260 1484 tiae
291 1447 450 1484 alterius
487 1446 623 1484 aderat
652 1447 721 1484 illi.
784 1446 906 1484 Porro
938 1449 968 1485 si
1001 1447 1048 1486 de
1075 1449 1203 1499 aliquo
1231 1454 1412 1501 operatus
1437 1454 1509 1495 est,

184 1515 344 1541 necesse
376 1510 435 1541 est
459 1503 506 1541 ab
539 1516 585 1541 ea
611 1504 693 1555 ipsa
719 1505 918 1555 acceperit
948 1511 988 1542 et
1014 1506 1213 1543 consilium
1240 1512 1280 1543 et
1303 1512 1509 1544 tractatum

183 1559 457 1612 dispositionis,
483 1567 526 1598 ut
549 1561 648 1598 viam
674 1560 954 1612 intelligentiae
981 1568 1021 1600 et
1045 1562 1245 1600 scientiae.
1308 1561 1384 1600 Pro
1417 1574 1509 1613 qua-

184 1617 292 1656 litate
319 1618 418 1656 enim
444 1618 503 1656 rei
529 1618 684 1669 operari
710 1618 854 1664 habuit,
882 1625 922 1657 et
947 1617 1154 1657 secundum
1174 1619 1368 1670 ingenium
1389 1625 1509 1658 mate-

181 1675 283 1721 riae,
322 1688 397 1713 non
428 1674 636 1714 secundum
668 1688 775 1713 suum
800 1675 1020 1723 arbitrium,
1057 1675 1158 1715 adeo
1183 1683 1225 1715 ut
1249 1682 1289 1714 et
1314 1676 1412 1714 mala
1437 1689 1508 1728 pro

180 1738 316 1770 natura
341 1745 417 1770 non
442 1745 522 1780 sua,
550 1731 618 1771 sed
643 1732 878 1771 substantiae
903 1733 1056 1772 fecerit.

299 1793 363 1830 18.
415 1787 457 1828 Si
488 1790 709 1828 necessaria
742 1797 802 1828 est
833 1789 907 1828 deo
939 1791 1099 1829 materia
1131 1789 1179 1829 ad
1212 1803 1333 1843 opera
1366 1789 1508 1838 mundi,

179 1852 220 1884 ut
256 1845 521 1898 Hermogenes
557 1848 806 1894 existimavit,
856 1847 990 1886 habuit
1026 1847 1120 1887 deus
1156 1849 1354 1887 materiam
1392 1848 1509 1900 longe

180 1902 394 1954 digniorem
427 1911 467 1943 et
491 1904 751 1952 idoneiorem,
790 1918 867 1943 non
897 1905 998 1957 apud
1024 1905 1276 1958 philosophos
1301 1906 1508 1944 aestiman-

180 1959 284 2007 dam,
312 1960 380 1999 sed
405 1961 505 2013 apud
530 1963 739 2015 prophetas
765 1962 1075 2014 intelligendam,
1101 1963 1272 2015 sophiam
1299 1976 1405 2001 suam
1431 1964 1508 2002 sei-

180 2018 289 2066 licet3
329 2018 425 2057 haec
463 2018 628 2072 denique
666 2021 749 2058 sola
787 2022 970 2072 cognovit
1006 2033 1157 2060 sensum
1195 2018 1351 2059 domini.
1414 2019 1510 2068 Quis

180 2076 280 2113 enim
306 2077 397 2122 scit,
426 2090 523 2128 quae
549 2085 636 2116 sunt
661 2076 745 2124 dei,
773 2084 814 2116 et
838 2091 935 2130 quae
962 2079 999 2116 in
1025 2079 1122 2130 ipso,
1149 2078 1221 2116 nisi
1246 2077 1414 2129 spiritus,
1442 2077 1506 2129 qui

178 2134 215 2170 in
252 2133 362 2185 ipso?
378 2134 415 2179 2)
467 2133 612 2186 Sophia
648 2142 774 2174 autem
812 2136 987 2187 spiritus3
1037 2136 1133 2175 haec
1170 2135 1226 2174 illi
1263 2134 1509 2174 consiliarius

177 2190 260 2237 fuit,
285 2191 346 2229 via
372 2191 652 2243 intelligentiae
679 2199 719 2231 et
743 2194 931 2232 scientiae
957 2195 1040 2245 ipsa
1065 2193 1194 2245 est33)
1220 2205 1269 2231 ex
1295 2191 1368 2231 hac
1393 2192 1504 2239 fecit,

176 2247 356 2286 faciendo
394 2261 465 2300 per
499 2250 621 2296 illam,
661 2256 702 2288 et
738 2249 919 2289 faciendo
959 2264 1042 2290 cum
1081 2251 1159 2289 illa.
1221 2250 1316 2289 Cum
1347 2256 1504 2302 pararet

177 2305 345 2351 coelum,
383 2307 523 2358 inquit,
561 2306 718 2346 aderam
749 2307 824 2355 illi,
861 2315 903 2347 et
934 2320 1017 2346 cum
1050 2309 1167 2347 fortia
1191 2307 1363 2347 faciebat
1386 2319 1506 2359 super

176 2369 328 2409 ventos,
366 2376 464 2414 quae
494 2377 641 2403 sursum
671 2364 820 2412 nubila,
852 2373 892 2404 et
917 2379 1001 2404 cum
1034 2366 1162 2405 firmos
1191 2365 1362 2418 ponebat
1392 2377 1502 2402 mou-

177 2420 280 2468 tes⁴)
308 2420 402 2467 eius,
430 2434 527 2472 quae
553 2421 621 2460 sub
648 2422 761 2461 coelo
787 2429 865 2471 est3
904 2435 979 2474 ego
1006 2435 1111 2462 eram
1137 2423 1388 2475 compingens
1414 2434 1501 2459 cum

270 2554 310 2594 1)
344 2556 440 2587 nom.
466 2559 519 2598 11,
545 2559 589 2589 24
602 2569 653 2599 sq.
759 2561 796 2602 2)
822 2562 843 2592 1
869 2562 947 2594 cor.
976 2563 1008 2603 2,
1035 2562 1091 2593 11.
1196 2557 1235 2602 3)
1272 2560 1336 2591 le·-
1360 2559 1423 2598 4⁰,=
1443 2559 1498 2589 1⁴·

120 2644 129 2650 .
176 2596 215 2640 4)
235 2599 341 2630 Rhen.
360 2601 486 2640 aliique
500 2613 587 2636 corr.
607 2607 759 2639 fontes.
