1604 2800
147 210 255 248 ΞΜ
592 208 719 239 ADV.
756 209 1047 240 PRAXEAN.

148 312 187 345 et
206 301 352 343 radium
373 299 494 340 solem
514 299 730 353 appellabo.
770 299 868 339 Nam
895 302 967 340 etsi
994 300 1097 340 soles
1117 299 1213 338 duos
1233 313 1308 338 non
1329 297 1480 347 faciam,

147 371 275 401 tamen
295 366 335 399 et
353 359 472 398 solem
494 365 535 398 et
559 357 704 397 radium
732 359 814 397 eius
839 365 914 397 tam
942 357 1034 396 duas
1059 371 1123 399 res
1148 364 1189 396 et
1213 356 1307 396 duas
1332 357 1484 409 species

147 421 257 459 unius
283 425 322 457 et
346 415 532 456 indivisae
559 416 793 456 substantiae
820 415 1043 463 numerabo,
1072 427 1182 468 quam
1208 413 1320 454 deum
1341 421 1382 454 et
1400 427 1484 454 ser·-

147 490 299 516 monem
325 476 420 522 eius,
449 488 558 527 quam
585 481 733 526 patrem
759 481 799 513 et
824 474 954 513 filium.

267 538 333 576 14.
376 530 534 573 Adhuc
567 540 607 571 et
638 532 704 571 illa
735 532 845 570 uobis
877 532 1012 583 regula
1044 530 1194 570 adsistit
1231 530 1327 570 duos
1362 527 1486 569 vindi-

151 591 345 639 cantibus,
364 598 525 643 ,patrem
551 598 591 630 et
617 591 751 637 filium,
784 603 880 642 quae
913 589 1140 628 invisibilem
1167 587 1278 628 deum
1305 587 1489 627 determi-

149 651 266 690 navit.
329 649 422 688 Cum
455 650 554 687 enim
579 647 738 701 Moyses
770 649 807 686 in
838 646 1021 700 Aegypto
1054 646 1318 686 desiderasset
1347 644 1491 684 domini

152 714 413 760 conspectum,
441 705 592 745 dicens:
620 707 652 744 si
677 719 773 757 ergo
799 707 926 744 inveni
954 706 1117 757 gratiam
1139 718 1271 744 coram
1292 711 1343 751 te,
1370 702 1492 742 mani·

151 766 251 804 festa
271 765 360 802 mibi
383 771 433 810 te,
460 771 502 802 ut
528 770 816 814 cognoscenter
839 762 990 802 videam
1016 770 1076 802 te:
1103 776 1180 801 non
1205 769 1318 815 potes
1342 759 1490 807 videre,

152 822 287 873 inquit,
314 822 453 858 faciem
480 833 620 867 meam3
654 834 730 858 non
763 822 863 858 enim
888 820 1036 859 videbit
1060 821 1174 859 homo
1202 821 1342 859 faciem
1368 831 1492 857 meam

154 886 195 918 et
218 879 333 924 vivet,
361 876 399 915 id
425 883 484 915 est
509 878 696 915 morietur
722 878 782 927 qui
809 876 963 915 viderit.
982 878 1017 925 ¹)
1078 875 1298 916 Invenimus
1324 877 1436 929 enim·
1453 881 1495 913 et

154 950 177 975 a
201 935 328 974 multis
355 933 465 973 deum
489 935 628 981 visum,
661 940 701 972 et
733 934 922 972 neminem
956 941 1083 973 tamen
1115 947 1267 981 eorum,
1306 934 1370 985 qui
1407 945 1494 971 eum

154 992 344 1039 viderant,
372 998 581 1039 mortuum3
606 992 726 1029 visum
748 990 898 1042 quidem
920 990 1045 1037 deum,
1072 991 1281 1029 secundum
1302 991 1496 1029 hominum

156 1051 414 1102 capacitates,
453 1061 529 1086 non
561 1046 769 1086 secundum
803 1047 1077 1099 plenitudinem
1112 1047 1335 1086 divinitatis.
1395 1045 1496 1086 Nam

155 1107 402 1160 patriarchae
429 1105 541 1144 deum
566 1104 708 1144 vidisse
734 1106 973 1152 referuntur,
1006 1111 1049 1143 ut
1071 1103 1267 1148 Abraham
1295 1112 1335 1144 et
1359 1100 1496 1151 laceb,

157 1173 197 1205 et
223 1164 456 1217 prophetae,
489 1170 531 1202 ut
556 1163 703 1210 Esaias,
738 1170 778 1201 ut
803 1162 1002 1210 Ezechiel,
1035 1167 1076 1202 et
1100 1170 1228 1202 tamen
1255 1163 1394 1202 mortui
1420 1174 1498 1200 non

158 1230 255 1262 sunt.
319 1222 441 1273 Igitur
471 1228 537 1259 aut
567 1222 664 1260 mori
697 1219 930 1268 debuerant,
970 1222 1002 1260 si
1034 1234 1120 1260 eum
1149 1218 1498 1269 viderant;·'deum

158 1282 258 1320 enim
284 1293 395 1318 nemo
421 1277 568 1318 videbit
592 1286 633 1318 et
655 1280 776 1317 vivet:
809 1286 876 1317 aut
901 1280 934 1317 si
959 1277 1071 1317 deum
1095 1278 1292 1325 viderunt,
1325 1284 1366 1317 et
1397 1290 1500 1316 mor-

158 1340 215 1378 tui
237 1351 312 1377 non
332 1343 430 1383 sunt,
458 1338 649 1389 scriptura
675 1338 857 1375 mentitur
882 1336 993 1376 deum
1020 1336 1183 1376 dixisse:
1209 1337 1350 1376 faciem
1375 1347 1500 1374 meam

158 1396 275 1435 homo
302 1396 333 1433 si
357 1393 510 1440 viderit,
538 1408 615 1432 non
639 1395 761 1432 vivet:
788 1401 854 1432 aut
878 1395 1071 1447 scriptura
1095 1396 1296 1441 mentitur,
1330 1406 1416 1432 eum
1441 1393 1501 1432 in-

159 1455 299 1499 visum,
332 1458 398 1490 aut
429 1464 513 1489 cum
543 1452 664 1490 visum
696 1452 859 1502 profert.
934 1451 1012 1492 Iam
1045 1466 1141 1504 ergo
1173 1453 1271 1492 alius
1303 1452 1396 1498 erit,
1436 1450 1501 1502 qui

160 1509 376 1555 videbatur,
404 1509 491 1560 quia
517 1521 591 1546 non
617 1515 747 1560 potest
772 1507 872 1547 idem
897 1510 1098 1549 invisibilis
1119 1509 1284 1556 definiri,
1311 1510 1374 1561 qui
1394 1507 1503 1547 vidc-

161 1569 287 1613 batur,
315 1573 355 1605 et
381 1578 621 1617 consequens
647 1566 734 1612 erit,
761 1572 802 1604 ut
827 1566 1055 1605 invisibilem
1077 1574 1225 1618 patrem
1245 1567 1503 1618 intelligamus

162 1639 236 1679 pro
256 1621 494 1676 plenitudine
521 1624 744 1670 maiestatis,
769 1623 958 1662 visibilem
983 1637 1078 1663 vero
1105 1624 1222 1662 filium
1247 1635 1503 1675 agnoscamus

163 1696 235 1736 pro
262 1680 415 1720 modulo
443 1679 709 1728 derivationis,
740 1682 841 1719 sicut
866 1694 938 1720 nec
965 1682 1086 1721 solem
1111 1681 1224 1720 nobis
1250 1680 1505 1732 contemplari

163 1741 279 1787 licet,
313 1746 490 1791 quantum
518 1738 566 1777 ad
591 1739 710 1790 ipsam
743 1738 978 1777 substantiae
1010 1751 1212 1786 summam,
1245 1750 1343 1790 quae
1375 1744 1435 1776 est
1466 1737 1506 1776 iu

166 1798 300 1843 coelis,
332 1796 479 1836 radium
505 1804 631 1836 autem
658 1796 740 1835 eius
766 1796 973 1835 toleramus
999 1797 1122 1835 oculis
1147 1809 1218 1849 pro
1243 1802 1505 1848 temperatura

165 1855 374 1908 portionis,
408 1867 504 1907 quae
531 1855 569 1892 in
596 1861 738 1893 terram
764 1853 853 1892 inde
879 1855 1104 1906 porrigitur.
1177 1853 1249 1893 Hie
1275 1866 1327 1892 ex
1349 1851 1504 1892 diverso

165 1914 272 1952 volet
296 1913 432 1964 aliquis
459 1913 572 1951 etiam
599 1912 715 1951 filium
742 1911 970 1951 invisibilem
1004 1910 1273 1958 contendere,
1293 1917 1335 1950 nt
1359 1922 1506 1963 sermo-

167 1984 274 2016 nem,
307 1977 349 2008 ut
380 1971 571 2022 spiritum,
604 1977 645 2009 et
676 1969 762 2008 dum
793 1983 905 2008 unam
939 1968 1200 2008 conditionem
1225 1969 1346 2021 patris
1371 1974 1413 2007 et
1436 1966 1507 2007 filii

168 2027 358 2074 vindicat,
392 2041 506 2065 unum
538 2029 663 2080 potius
694 2035 809 2080 atque
841 2026 1004 2066 eundem
1038 2027 1268 2066 confirmare
1293 2032 1443 2079 patrem
1465 2030 1509 2063 et

169 2086 300 2125 filium.
375 2083 454 2123 Sed
491 2084 677 2132 diximus,
722 2085 951 2138 scripturam
988 2083 1232 2124 differentiae
1269 2081 1509 2136 patrocinari

170 2157 243 2196 per
265 2142 428 2182 visibilis
454 2149 494 2180 et
519 2143 718 2182 invisibilis
744 2141 1065 2182 distinctionem..
1101 2141 1201 2181 Nam
1227 2148 1267 2180 et
1290 2138 1388 2180 illud·v
1409 2138 1508 2178 adii·

173 2203 278 2240 ciunt
309 2199 358 2239 ad
389 2202 772 2251 argumentationem.
841 2199 987 2249 Quodsi
1018 2200 1117 2239 filius
1148 2206 1239 2238 tunc
1271 2197 1321 2238 ad
1343 2196 1509 2249 Moysen

171 2258 414 2310 loquebatur,
441 2258 523 2309 ipse
551 2258 689 2297 faeiem
714 2271 819 2297 suam
845 2258 987 2297 nemini
1012 2257 1202 2297 visibilem
1227 2255 1508 2308 pronuntiaret,

175 2317 263 2366 quia
288 2316 441 2355 seilicet
472 2316 555 2366 ipse
581 2316 782 2354 invisibilis
806 2323 919 2368 pater
943 2316 1062 2355 fuerit
1086 2316 1125 2354 in
1150 2314 1219 2354 filii
1243 2314 1411 2352 nomine.
1447 2309 1509 2350 Ac

174 2385 245 2423 per
265 2373 338 2410 hoe
359 2373 415 2411 sic
435 2371 597 2411 eundem
622 2374 755 2412 volunt
781 2374 909 2425 accipi
934 2380 975 2412 et
997 2373 1186 2412 visibilem
1207 2378 1248 2411 et
1265 2369 1507 2414 invisibilem,

177 2428 366 2479 quomodo
393 2429 556 2469 eundem
581 2438 729 2482 patrem
755 2437 796 2469 et
820 2431 950 2478 filium,
966 2431 1156 2483 ‘quoniam
1181 2436 1220 2468 et
1240 2428 1355 2481 paulo
1379 2437 1507 2477 supra,

177 2492 378 2537 antequam
403 2488 543 2527 faciem
567 2488 695 2541 Moysi
722 2495 915 2539 negasset,
941 2490 1127 2541 scriptum
1152 2488 1214 2534 sit,
1241 2485 1434 2534 dominum
1459 2479 1508 2520 ad

271 2610 307 2649 1)
333 2611 442 2644 Exod.
467 2614 520 2655 33,
549 2615 600 2644 13.
627 2616 680 2646 18.
705 2616 758 2644 20.
