1624 2826
376 193 500 223 ADv.
533 191 901 223 ΜΑιιοιοΝΕΜ
939 192 1115 223 [ABER
1145 192 1184 224 ν.
1359 191 1461 228 292

134 285 323 325 cabuntur
347 292 388 324 et
412 285 591 325 mortalia
616 297 783 336 corpora
809 291 961 331 nostra,
990 283 1306 337 quemadmodum
1332 286 1463 324 et‘illc

134 344 385 384 resuscitatus
410 349 487 390 est,
527 356 603 380 non
634 343 730 381 alias
762 342 948 394 proinde,
988 343 1060 381 nisi
1098 343 1184 394 quia
1218 343 1255 380 in
1283 356 1464 395 corpore.

137 400 244 440 Salio
282 408 324 439 et
358 401 422 440 hic
452 401 721 453 amplissimum
753 400 954 452 abruptum
988 401 1195 439 intercisae
1234 401 1464 452 scripturae,

135 458 204 498 sed
229 457 478 512 apprehendo
507 458 764 497 testimonium
790 458 1055 510 perhibentem
1075 458 1290 510 apostolum
1318 457 1465 504 Israeli,

137 515 246 568 quod,
263 517 388 555 zelum
413 515 477 555 dei
503 515 690 563 habeant,
729 517 786 555 sui
812 517 955 568 utique,
984 529 1059 553 nou
1087 523 1212 554 tamen
1238 529 1310 568 per
1340 516 1468 554 scien-

137 576 249 622 tiam3
276 573 389 613 deum
402 575 517 620 enim,
544 575 678 625 inquit,
705 575 943 624 ignorantes,
959 580 999 612 et
1012 587 1116 612 suam
1131 574 1314 612 iustitiam
1329 574 1468 612 sistere

138 639 393 684 quaerentes,
432 645 508 670 non
547 632 796 670 subiecerunt
832 644 874 670 se
912 632 1080 670 iustitiae
1118 629 1202 678 dei;
1246 631 1331 669 finis
1368 632 1469 669 enim

138 690 236 741 legis
262 689 435 728 Christus
466 690 505 728 in
539 690 719 728 iustitiam
746 690 848 727 omni
874 687 1112 740 credenti.¹)
1156 688 1229 726 Hic
1254 689 1331 726 erit
1355 702 1471 739 argu-

138 749 321 786 mentatio
347 747 549 793 haeretici,
577 748 682 798 quasi
710 746 821 784 deum
847 747 1085 798 superiorem
1118 746 1384 796 ignoraverint
1411 745 1471 783 lu-

138 803 253 851 daei,
291 804 356 856 qui
379 803 564 843 adversus
596 816 682 842 eum
713 804 894 841 iustitiam
920 815 1051 849 snam,
1090 801 1130 840 id
1155 808 1215 841 est
1239 802 1339 854 legis
1363 815 1469 848 suae,

132 862 427 908 constituerint,
465 874 543 899 non
568 861 803 913 recipientes
829 860 1040 907 Christum,
1081 859 1193 898 finem
1221 859 1331 911 legis.
1394 859 1473 898 Cur

138 932 236 971 ergo
260 926 304 958 et
324 919 412 958 zelo
438 915 572 958 eorum
604 931 700 970 erga
731 917 842 957 deum
876 918 1070 970 proprium
1098 918 1472 970 testimoniumper-

138 977 265 1029 hibet,
301 978 335 1015 si
360 990 437 1015 non
462 983 503 1015 et
527 977 768 1015 inscientiam
794 989 888 1027 erga
921 974 1084 1014 eundem
1111 974 1224 1014 deum
1249 977 1307 1014 eis
1332 988 1474 1028 expro-

141 1035 253 1075 brat?
288 1034 390 1087 quod
414 1035 503 1073 zelo
535 1033 687 1086 quidem
713 1033 776 1072 dei
802 1038 1025 1086 agerentur,
1053 1032 1121 1072 sed
1149 1046 1224 1071 non
1250 1046 1321 1085 per
1345 1034 1473 1072 scien-

141 1088 260 1139 tiam,
294 1093 521 1144 ignorantes
552 1093 706 1131 scilicet
735 1105 846 1138 eum,
885 1090 972 1130 dum
1003 1089 1278 1142 dispositiones
1315 1092 1398 1129 eius
1436 1092 1474 1127 in

143 1149 299 1188 Christo
324 1151 507 1201 ignorant
532 1151 898 1188 consummationem
925 1149 1003 1199 legi
1029 1154 1240 1194 statutum,
1280 1154 1395 1199 atque
1421 1148 1476 1184 ita

143 1219 250 1246 suam
286 1208 467 1245 iustitiam
506 1214 661 1245 tuentur
697 1205 881 1244 adversus
917 1205 1036 1243 illum.
1097 1203 1224 1256 Atque
1262 1203 1362 1243 adeo
1394 1205 1475 1256 ipse

145 1271 303 1304 creator
333 1271 375 1302 ct
403 1258 669 1315 ignorantiam
694 1277 789 1315 erga
813 1275 855 1301 se
882 1275 1014 1301 eorum
1042 1269 1304 1300 contestatur:
1355 1261 1477 1300 Israel

146 1334 206 1360 me
232 1335 308 1360 non
338 1322 497 1373 agnovit
522 1329 563 1360 et
586 1322 750 1374 populus
781 1334 886 1359 meus
918 1333 977 1358 me
1010 1319 1364 1368 non-intellexit.²)
1427 1319 1478 1357 Et

146 1378 248 1432 quod
285 1380 468 1418 iustitiam
505 1392 608 1417 suam
647 1380 768 1430 magis
805 1379 1012 1423 sisterent,
1052 1376 1240 1415 docentes
1278 1375 1477 1414 doctrinas

148 1444 357 1489 praecepta
388 1437 639 1484 hominum,-³)
667 1449 741 1474 nec
768 1449 843 1474 non
868 1442 909 1473 et
934 1435 1164 1485 congregati
1190 1440 1321 1472 essent
1339 1433 1478 1473 adver-

146 1493 429 1534 susdominum
455 1501 495 1533 et
519 1493 705 1532 adversus
737 1493 929 1532 Christum
961 1492 1147 1544 ipsiuS,⁴)
1185 1504 1236 1530 ex
1272 1492 1480 1530 inscientia

147 1552 314 1591 scilicet.
374 1551 480 1591 Nihil
511 1553 631 1603 igitur
660 1558 790 1604 potest
821 1551 860 1588 in
885 1550 1000 1588 alium
1032 1548 1143 1587 deum
1176 1550 1336 1601 exponi,
1376 1548 1479 1601 quod

149 1611 335 1662 competit
370 1611 410 1648 in
448 1617 692 1656 creatorem,
733 1610 821 1661 quia
858 1614 898 1646 et
934 1608 1031 1648 alias
1062 1607 1255 1645 immerito
1281 1607 1480 1658 apostolus

148 1666 315 1707 ludaeos
357 1667 406 1707 de
450 1669 671 1718 ignorantia
714 1666 961 1718 suggillasset
1005 1676 1100 1716 erga
1143 1663 1254 1702 deum
1292 1665 1478 1714 ignotum.

151 1724 248 1772 Quid
280 1726 383 1765 enim
413 1724 681 1776 deliquerant,
718 1725 751 1762 si
782 1723 963 1761 iustitiam
995 1721 1058 1759 dei
1090 1722 1147 1759 sni
1179 1721 1363 1759 adversus
1395 1733 1482 1759 eum

150 1781 352 1827 sistebant,
378 1794 489 1832 quem
514 1781 771 1832 ignorabant?
794 1779 939 1830 Atquin
966 1778 1175 1816 exclamat:
1203 1791 1226 1815 o
1251 1776 1482 1828 profundum

152 1838 370 1878 divitiarum
396 1845 437 1876 et
460 1838 675 1888 sapientiae
707 1835 795 1881 dei,
834 1842 875 1873 et
899 1834 1190 1885 investigabiles
1220 1835 1306 1873 viae
1332 1835 1481 1881 eius!⁵)

154 1895 264 1936 Unde
289 1896 354 1934 illa
386 1896 565 1946 eruptio?
612 1893 673 1931 Ex
703 1892 978 1932 recordatione
1010 1892 1162 1930 scilicet
1191 1893 1481 1944 scripturarum,

154 1961 248 2007 quas
277 1960 384 1992 retro
416 1953 660 1998 revolverat,
699 1963 750 1989 ex
778 1950 1106 2001 contemplatione
1139 1956 1481 1995 sacramentorum,

154 2025 252 2064 quae
277 2024 393 2064 supra
418 2010 654 2049 disseruerat
678 2010 721 2047 in
742 2007 856 2047 fidem
882 2006 1025 2046 Christi
1057 2019 1107 2045 ex
1137 2007 1226 2059 lege
1250 2009 1481 2046 venientem.

155 2069 263 2109 Haec
288 2070 320 2108 si
345 2068 521 2107 Marcion
547 2066 596 2105 de
621 2065 807 2105 industria
833 2064 1017 2113 erasit,⁶)
1058 2063 1148 2117 quid
1177 2062 1376 2117 apostolus
1401 2066 1484 2103 eius

155 2127 360 2172 exclamat,
387 2126 509 2164 nullas
535 2126 687 2163 intuens
711 2123 864 2162 divitias
889 2121 968 2170 dei,
999 2129 1072 2160 tam
1098 2124 1280 2175 pauperis
1299 2130 1340 2162 et
1353 2124 1482 2174 egeni,

157 2197 267 2236 quam
305 2185 368 2236 qui
406 2183 498 2221 nihil
538 2181 737 2229 condidit,
775 2181 869 2219 nihil
899 2179 1159 2232 praedicavit,
1199 2181 1291 2218 nihil
1318 2179 1483 2231 denique

156 2242 313 2287 hahuit,
351 2248 392 2279 ut
423 2241 486 2292 qui
518 2242 556 2278 in
587 2241 714 2278 aliena
745 2238 971 2278 descendit?
1019 2236 1096 2276 Sed
1130 2239 1229 2276 enim
1262 2244 1302 2275 et
1327 2231 1422 2289 opes
1447 2243 1487 2274 et

158 2298 315 2338 divitiae
349 2298 539 2336 creatoris
572 2298 662 2336 olim
693 2295 966 2342 absconditae,
1006 2305 1104 2334 nunc
1142 2301 1355 2334 reseratae.
1419 2291 1485 2331 Sic

158 2357 257 2396 enim
284 2356 579 2408 repromiserat:
613 2362 654 2394 et
683 2354 784 2394 dabo
810 2355 886 2394 illis
909 2354 1114 2392 thesauros
1140 2351 1329 2397 occultos,
1355 2351 1486 2408 i'nvisi-

252 2506 291 2546 1)
317 2506 600 2546 Rom.1o,2-4.
695 2504 732 2547 2)
757 2507 822 2537 les.
836 2507 869 2543 1,
885 2506 916 2536 ³.
1011 2504 1049 2542 a)
1075 2503 1279 2542 les.29‚13.
1373 2499 1411 2539 4)
1434 2500 1488 2531 rs.
1519 2474 1530 2484 ’

161 2554 236 2591 202-
377 2553 414 2592 5)
447 2554 543 2585 Rom.
572 2554 633 2594 11,
662 2553 718 2584 33.
858 2552 896 2591 6)
940 2551 1022 2581 cod.
1057 2550 1194 2580 ss'ouw.
1230 2551 1266 2578 et
1298 2547 1373 2588 Rig.
1406 2556 1486 2578 non

161 2599 308 2631 eruit.
