1604 2800
657 151 729 183 nn
760 152 962 183 amma,
1370 154 1469 194 125

136 244 260 300 primo
292 241 527 282 definitionis
557 245 806 295 provocantis
837 243 888 283 ad
918 257 984 291 ea,
1017 257 1114 296 quae
1139 258 1179 283 in
1202 247 1365 286 animam
1390 262 1471 288 non

137 301 384 342 conveniunt.
451 299 542 347 Non
572 301 674 340 enim
703 308 837 354 potest
864 303 990 341 anima
1021 303 1187 342 animale
1218 317 1360 356 corpus
1382 305 1471 347 dici

136 366 205 399 aut
217 358 435 406 inanimale,
461 371 546 398 cum
571 359 655 411 ipsa
678 360 741 407 sit,
769 373 865 412 quae
890 367 957 399 aut
979 360 1100 399 faciat
1125 374 1274 414 corpus·
1289 364 1468 411 animale,

135 418 170 456 si
194 415 308 464 adsit,
340 423 407 456 ant
431 411 655 465 inanimale,
686 418 720 456 si
745 417 845 456 absit
869 417 917 457 ab
942 418 1024 458 illo.
1073 418 1207 471 Itaque
1234 419 1336 473 quod
1360 421 1469 468 facit,

135 488 215 514 non
251 481 382 527 potest
417 487 503 513 esse
539 475 643 527 ipsa,
686 482 728 513 ut
763 474 915 514 dicatur
950 476 1114 515 animale
1150 477 1212 516 vel
1248 478 1468 518 inanimale.

135 530 276 572 Anima
300 533 402 571 enim
426 530 570 571 dicitur
599 532 837 572 substantiae
868 546 961 573 suae
992 535 1161 574 nomine.
1218 534 1363 582 Quodsi
1392 550 1471 575 non

136 590 244 642 capit
273 589 438 628 animale
474 603 617 641 corpus
653 589 731 629 dici
762 598 827 630 aut
857 591 1081 638 inanimale,
1113 590 1216 643 quod
1247 596 1307 631 est
1330 594 1470 639 anima,

136 645 330 700 quomodo
368 647 645 699 provocabitur
680 646 740 686 ad·
766 649 983 688 animalium
1014 655 1055 687 et
1084 649 1345 688 inanimalium
1382 663 1472 689 cor-

135 717 273 757 porum
298 704 485 744 formam?
536 703 687 743 Dehinc
713 705 746 743 si
771 707 948 757 corporis
973 712 1034 745 est
1057 707 1204 745 moveri
1229 708 1472 746 extrinsecus

133 761 185 801 ab
217 762 366 813 aliquo,
404 760 641 800 ostendimus
675 768 803 800 autem
833 775 950 813 supra
981 763 1128 801 moveri
1157 763 1321 801 animam
1352 771 1394 802 et
1422 764 1472 803 ab

132 819 235 865 alio,
273 831 359 858 cum
384 818 636 865 vaticinatur,
675 830 759 857 cum
785 819 897 865 furit,
935 819 1065 870 utique
1091 820 1354 867 extrinsecus,
1387 832 1473 859 cum

133 875 184 915 ab
210 875 302 922 alio,
328 877 480 922 merito,
507 874 610 926 qnod
634 874 852 914 movebitur
875 876 1119 915 extrinsecus
1142 876 1191 915 ab
1216 877 1307 923 alio,
1333 890 1474 916 secuu-

134 931 225 987 dum
254 933 423 985 exempli
453 933 759 985 propositionem
796 946 937 985 corpus
973 946 1196 984 agnoscam.
1263 933 1472 974 Enimvero

133 990 170 1031 si
193 990 243 1030 ab
267 991 346 1030 alio
372 991 519 1030 moveri
545 991 723 1042 corporis
748 997 821 1038 est,
849 997 991 1042 quanto
1015 991 1139 1041 magis
1162 1003 1319 1030 movere
1345 992 1475 1030 aliud?

133 1047 277 1089 Anima
312 1055 440 1086 autem
477 1054 607 1085 movet
643 1060 803 1099 corpus,
842 1054 883 1085 et
918 1054 1080 1085 conatus
1116 1048 1200 1086 eius
1230 1049 1474 1088 extrinsecus

134 1105 233 1146 toris
250 1112 405 1157 parent.
441 1103 503 1143 Ab
524 1105 591 1142 illa
616 1110 676 1143 est
700 1105 800 1142 enim
825 1104 985 1155 impingi
1010 1110 1050 1142 et
1073 1102 1194 1155 pedes
1217 1106 1257 1143 in
1281 1106 1475 1144 incessum

134 1170 179 1202 et
207 1175 341 1200 manus
364 1163 404 1200 in
429 1168 651 1200 contactum
677 1167 717 1199 et
740 1161 877 1199 oculos
900 1162 939 1198 in
964 1167 1214 1216 conspectum
1240 1168 1281 1199 et
1304 1162 1474 1213 linguam

72 1268 79 1274 ῃ
136 1221 179 1259 in
202 1218 376 1265 effatum,
407 1219 514 1257 velut
542 1218 730 1269 sigillario
762 1225 867 1256 motu
889 1218 1134 1270 superficiem
1159 1219 1261 1256 intus
1285 1222 1472 1269 agitante.

137 1275 249 1316 Unde
264 1276 363 1315 haec
374 1276 432 1314 vis
446 1277 483 1322 1)
510 1275 749 1327 incorporali
772 1276 950 1314 animae?
979 1274 1079 1314 uude
1104 1288 1251 1314 vacuae
1270 1277 1330 1314 rei
1347 1275 1476 1315 solida

137 1333 386 1388 propellere?
428 1331 509 1371 Sed
540 1331 732 1384 quomodo
758 1331 871 1371 divisi
894 1330 1074 1371 videntur
1097 1333 1136 1370 in
1161 1332 1315 1371 homine
1340 1346 1475 1372 sensus

138 1391 369 1444 corporales
391 1397 433 1430 et
456 1390 766 1429 intellectuales?
801 1389 1071 1441 Corporalium
1097 1391 1204 1427 aiunt
1227 1402 1355 1428 rerum
1381 1404 1476 1442 qua—

138 1449 282 1495 litates,
307 1455 350 1487 ut
374 1455 519 1494 terrae,
547 1453 590 1485 ut
613 1448 728 1498 igniS,
755 1446 1023 1499 corporalibus
1045 1447 1222 1485 sensibus
1247 1448 1475 1494 renuntiari,

136 1513 181 1550 ιιι
215 1506 349 1553 tactui,
386 1512 429 1544 ut
462 1505 638 1554 visui‚‘-‘)
685 1503 985 1556 incorporalium
1020 1516 1115 1542 vero
1150 1503 1477 1554 intellectualibus

138 1564 358 1613 conveniri,
390 1570 433 1601 ut
459 1562 729 1613 benignitatis,
767 1568 811 1600 ιιι
840 1561 1103 1612 malignitatis.
1173 1559 1308 1613 Itaque
1345 1563 1478 1601 incor-

138 1621 313 1674 poralem
350 1633 436 1659 esse
471 1620 637 1658 animam
675 1625 845 1666 constat,
885 1619 994 1657 cuius
1031 1618 1236 1669 qualitates
1272 1632 1350 1656 non
1386 1631 1478 1658 cor·

136 1677 360 1731 poralibus,
409 1675 478 1714 sed
514 1675 840 1713 intellectualibus
875 1674 1049 1712 sensibus
1086 1674 1476 1726 comprehendantur.

137 1734 279 1780 Plane,
308 1733 342 1771 si
373 1746 450 1786 non
481 1732 592 1770 huius
623 1730 859 1769 definitionis
888 1729 1051 1781 gradum
1080 1731 1300 1770 exclusero.
1366 1731 1476 1771 Ecce

139 1792 243 1831 enim
262 1788 527 1840 incorporalia
552 1786 715 1825 ostendo
741 1786 1010 1838 corporalibus
1034 1787 1209 1826 sensibus
1234 1787 1386 1835 subiici,
1412 1801 1478 1827 so-

140 1861 230 1888 num
254 1845 415 1892 auditui,
442 1844 615 1884 colorem
640 1844 880 1894 conspectui,
908 1843 1068 1883 odorem
1094 1842 1288 1891 odoratui,
1315 1858 1477 1897 quorum

140 1905 320 1958 exemplo
352 1904 469 1942 etiam
500 1901 627 1939 anima
657 1901 815 1952 corpori
839 1900 1013 1949 accedit,
1044 1914 1094 1940 ne
1119 1899 1402 1955 dicasxidcirco
1429 1916 1478 1942 ea

140 1976 213 2016 per
232 1960 460 2013 corporales
479 1959 691 1998 renuntiari
709 1971 856 2006 sensuS,
878 1959 965 2011 quia
985 1959 1254 2011 corporalibus
1271 1958 1475 1999 accedant.

142 2021 268 2073 {gitur
296 2019 330 2058 si
359 2023 514 2057 constat
549 2016 810 2068 incorporalia
843 2029 993 2068 quoque
1018 2030 1043 2055 a
1067 2016 1334 2068 corporalibus
1372 2030 1477 2056 com-

141 2075 346 2130 prehendi,
372 2088 443 2114 cur
466 2087 543 2112 non
567 2080 608 2111 et
630 2074 770 2121 anima,
796 2086 893 2125 quae
919 2074 1149 2126 corporalis,
1173 2074 1222 2112 ab
1248 2075 1477 2126 incorpora-

143 2134 244 2174 libus
256 2127 522 2173 renuntietur?
552 2129 670 2170 Certe
694 2130 868 2170 deflnitio
893 2132 1051 2170 exclusa
1075 2133 1138 2170 sit.
1177 2131 1235 2170 De
1254 2132 1477 2182 insigniori—

143 2191 215 2231 bus
241 2187 637 2241 argumentationibus
668 2189 744 2227 erit
772 2189 889 2227 etiani
924 2187 1150 2241 illa,'quod
1186 2201 1298 2226 omne
1336 2201 1477 2239 corpus

144 2247 415 2301 corporalibus
439 2245 492 2284 ali
516 2244 707 2293 iudicant,
739 2246 902 2284 animam
925 2259 1020 2285 vero
1046 2254 1087 2284 ut
1111 2244 1393 2296 incorporalem
1419 2245 1477 2283 in-

147 2304 433 2358 corporalibus,
461 2303 676 2355 sapientiae
699 2303 861 2342 scilicet.
876 2302 1025 2342 studiis.
1094 2301 1174 2340 Sed
1200 2314 1273 2340 nec
1297 2301 1362 2339 hic
1386 2314 1477 2352 gra-

146 2362 217 2402 dus
231 2362 359 2408 stabit,
386 2362 502 2400 etiam
519 2358 670 2399 Sorano
689 2359 933 2400 methodicae
953 2359 1167 2399 medicinae
1180 2358 1475 2397 instructissimo

243 2502 279 2541 1)
305 2500 362 2533 Sic
387 2500 462 2531 Lat.
489 2501 523 2530 et
548 2498 642 2538 Rig.;
667 2497 791 2529 ceteri:
819 2497 939 2528 visio.
1035 2495 1070 2534 2)
1094 2495 1170 2536 Rig.
1197 2499 1239 2527 ut
1262 2497 1401 2533 tactu,
1435 2498 1479 2527 ut

149 2557 252 2578 risu.
