1604 2800
163 233 268 270 ιη
390 231 462 261 DE
496 228 1012 261 RESURREc‘rioNE
1049 227 1280 260 canms.

164 326 401 378 reposcitur,
441 322 533 361 nihil
559 322 797 374 reposcitur,
831 322 903 360 nisi
930 319 1032 373 quod
1058 327 1099 360 et
1122 319 1328 369 reddetur,
1361 327 1403 360 et
1427 323 1500 361 uti-

165 396 236 435 quc
263 381 468 428 reddetur,
508 378 609 432 quod
635 379 793 418 ultionis
818 380 971 418 nomine
998 374 1229 431 reposcetur
1253 386 1294 418 et
1319 379 1502 432 exquire-

164 449 238 479 tur.
300 439 439 492 Neque
465 440 566 477 enim
591 436 782 476 vindicari
807 438 969 490 poterit,
1005 435 1106 489 quod
1133 437 1288 476 omnino
1311 450 1391 483 non
1416 437 1503 476 fue·
1536 468 1540 471 >

164 500 226 537 rit.
289 497 374 536 Erit
399 503 546 543 autem,
585 494 672 534 dum
698 496 933 543 restituitur,
972 496 1028 534 uti
1052 493 1285 534 vindicetur.
1346 494 1389 534 ln
1415 507 1504 534 car-

164 569 251 595 nem
284 556 413 607 itaque
446 553 645 605 dirigitur,
684 551 863 605 quicquid
902 554 940 592 in
977 554 1202 605 sanguinem
1240 551 1502 606 praedicatur,

164 614 246 653 sine
282 627 355 665 qua
385 625 462 663 non
495 613 571 650 erit
601 611 771 662 sanguis.
835 610 937 650 Caro
970 610 1238 657 suscitabitur,
1276 617 1319 650 ut
1348 611 1505 663 sangnis

162 670 394 710 vindicetur.
453 669 550 708 Sunt
575 675 615 708 et
641 668 829 721 quaedam
854 670 909 708 ita
934 669 1196 721 pronuntiata,
1222 675 1265 707 ut
1286 668 1504 720 allegoriae

166 728 318 781 quidem
345 727 475 766 nubilo
504 734 681 773 careant,
709 727 956 766 nihilominus
982 734 1108 766 tamen
1135 727 1254 779 ipsius
1279 726 1507 779 simplicita-

165 787 214 824 tis
247 798 339 824 suae
377 786 508 823 sitiant
539 785 921 835 interpretationem,
961 785 1074 836 quale
1107 791 1167 823 est
1197 783 1299 837 apud
1330 784 1504 824 Esaiam:

166 856 243 894 ego
271 840 447 880 occidam
474 848 514 879 et
537 841 755 879 vivificabo.
772 842 808 888 ¹)
872 841 990 880 Certe
1017 849 1268 893 posteaquam
1299 841 1505 889 occiderit,

165 899 391 939 vivificabit.
455 898 559 950 Ergo
599 911 669 950 per
704 905 867 936 mortem
901 897 1106 946 occidens,
1144 911 1216 950 per
1246 899 1507 938 resurrectio-

166 971 254 996 nem
279 956 504 996 vivificabit.
568 955 670 994 Caro
697 963 758 994 est
782 963 929 1003 autem,
964 969 1062 1008 quae
1089 955 1284 995 occiditur
1308 969 1380 1008 per
1404 969 1508 995 mor-

167 1024 258 1062 tem,
287 1027 380 1053 caro
407 1015 542 1065 itaque
563 1021 603 1052 et
627 1013 886 1052 vivificabitur
910 1026 982 1065 per
1005 1014 1349 1052 resurrectionem.
1389 1013 1508 1052 Certe

168 1074 201 1111 si
233 1071 418 1111 occidere
451 1072 559 1109 carni
590 1072 753 1109 animam
786 1072 941 1123 eripere
974 1077 1052 1115 est,
1091 1070 1310 1117 vivificare,
1350 1066 1509 1110 contr‘a-

166 1131 265 1168 rium
292 1131 388 1176 eius,
417 1130 525 1167 carni
551 1129 713 1166 animam
740 1129 891 1166 referre
918 1135 997 1175 θεῖς
1025 1141 1119 1166 caro
1140 1134 1321 1179 resurgat
1345 1141 1508 1168 necesse

168 1194 247 1234 est,
275 1188 338 1226 cui
363 1187 490 1226 anima
515 1199 587 1238 per
611 1186 851 1225 occisionem
878 1192 1014 1238 erepta
1039 1184 1248 1225 referenda
1273 1193 1332 1225 est
1356 1199 1428 1239 per
1452 1187 1510 1226 vi-

167 1245 442 1283 vilicationem.

286 1306 354 1344 29.
406 1301 529 1353 Igitur
559 1303 591 1341 si
623 1308 664 1341 et
694 1302 934 1354 allegoricae
967 1303 1184 1354 scripturae
1217 1309 1258 1341 et
1281 1308 1511 1355 argumenta

170 1373 300 1399 rerum
325 1367 366 1398 et
390 1360 584 1411 simplices
609 1373 728 1399 voces
754 1361 1081 1399 resurrectionem
1109 1361 1255 1408 carnis,
1283 1372 1509 1413 quamquam

170 1419 254 1455 sine
280 1417 542 1455 nominatione
569 1417 687 1467 ipsius
713 1417 964 1464 substantiae,
991 1417 1234 1465 subradiant,
1262 1424 1403 1470 quanto
1429 1431 1511 1456 ma·

172 1474 245 1524 gis,
273 1485 371 1525 quae
399 1473 497 1511 hanc
523 1486 629 1524 spem
654 1474 693 1511 in
718 1474 820 1525 ipsas
846 1474 1079 1513 substantias
1100 1476 1327 1527 corporales
1347 1475 1511 1528 speciali

172 1531 369 1571 mentione
396 1529 673 1577 determinant,
711 1543 788 1569 non
821 1539 934 1570 erunt
964 1530 1217 1570 deducendae
1249 1534 1289 1571 in
1314 1534 1511 1585 quaestio-

172 1590 286 1626 nem?
343 1586 494 1638 Accipe
519 1586 781 1626 Ezechielem.
842 1586 894 1626 Et
917 1589 1023 1626 facta
1047 1595 1120 1635 est,
1147 1590 1281 1640 inquit,
1308 1603 1426 1642 super
1449 1603 1510 1629 me

170 1657 306 1684 manus
338 1643 501 1691 domini,
540 1652 581 1683 et
611 1645 750 1683 extulit
780 1658 841 1684 me
872 1646 911 1684 in
943 1646 1078 1698 spiritu
1110 1645 1285 1685 dominus
1317 1653 1358 1685 et
1382 1649 1512 1698 posuit

173 1716 234 1741 me
261 1704 299 1741 in
325 1700 453 1741 medio
481 1702 618 1754 campi.
680 1701 718 1741 Is
750 1710 836 1741 erat
868 1703 1017 1742 ossibus
1048 1703 1236 1750 refertus,
1275 1711 1316 1742 et
1347 1705 1512 1743 circum-

174 1759 284 1799 duxit
308 1772 368 1798 me
394 1772 510 1812 super
535 1772 583 1798 ea
606 1772 678 1812 per
703 1760 925 1807 circuitum,
964 1768 1004 1799 et
1036 1773 1131 1799 ecce
1163 1761 1282 1799 multa
1313 1769 1430 1814 super
1453 1762 1513 1801 fa-

176 1819 274 1857 ciem
301 1818 439 1869 campi.
501 1816 552 1855 Et
576 1830 672 1856 ecce
698 1816 808 1856 arida
833 1819 940 1857 satis.
1003 1817 1054 1856 Et
1077 1819 1132 1856 ait
1156 1816 1206 1857 ad
1236 1830 1316 1857 me:
1356 1819 1410 1858 fili
1440 1819 1513 1859 ho-

175 1876 305 1922 minis,
344 1876 376 1913 si
406 1875 538 1913 vivent
569 1888 657 1914 ossa
689 1876 788 1913 ista?
848 1875 898 1914 Et
929 1874 1029 1914 dixi:
1069 1875 1230 1923 adonai,
1257 1874 1433 1924 domine,
1471 1884 1513 1916 tu

177 1934 265 1971 scis.
325 1931 376 1970 Et
401 1933 454 1970 ait
479 1931 528 1971 ad
560 1946 639 1972 me:
677 1933 868 1986 propheta
893 1935 931 1972 in
958 1946 1046 1973 ossa
1071 1934 1168 1972 haec
1195 1940 1235 1973 et
1259 1932 1384 1973 dices:
1425 1947 1514 1974 ossa

178 1988 305 2035 arida,
344 1989 474 2028 audite
501 2003 716 2030 sermonem
744 1990 900 2030 domini.
963 1990 1071 2030 Haec
1097 1990 1192 2030 dicit
1217 1990 1392 2034 dominus
1417 1990 1513 2031 ado-

114 2077 117 2081 .
177 2047 242 2084 nai
268 2046 416 2084 ossibus
442 2047 543 2086 istis:
571 2061 686 2095 ecce,
713 2061 788 2100 ego
814 2048 938 2088 affero
963 2049 1002 2087 in
1027 2062 1096 2088 vos
1121 2040 1384 2100 spiritumssset
1406 2050 1513 2089 vive-

178 2105 247 2150 tis,
286 2110 327 2142 et
351 2102 450 2142 dabo
477 2105 515 2142 in
540 2118 608 2145 vos
633 2106 827 2158 spiritum,
859 2113 900 2145 et
920 2105 1106 2146 reducam
1131 2107 1170 2144 in
1195 2119 1263 2146 vos
1289 2118 1446 2154 carnes,
1473 2114 1514 2146 et

180 2159 428 2199 circumdabo
455 2161 563 2200 vobis
589 2171 734 2212 cutem,
772 2171 813 2203 et
837 2163 937 2204 dabo
963 2166 1002 2203 in
1029 2177 1096 2202 vos
1121 2164 1315 2216 spiritum,
1341 2170 1382 2203 et
1404 2164 1512 2204 vive-

178 2219 295 2267 tis,²)
329 2225 369 2256 et
406 2222 671 2269 cognoscetis,
711 2221 813 2274 quod
845 2235 921 2274 ego
947 2221 1135 2261 dominus.
1204 2220 1254 2260 Et
1282 2221 1512 2274 prophetavi

178 2274 388 2315 secundum
414 2284 676 2330 praeceptum,
705 2287 744 2318 et
769 2293 864 2319 ecce
890 2293 978 2327 vox,
1006 2279 1092 2318 dum
1118 2279 1324 2332 propheto,
1350 2286 1392 2318 et
1413 2275 1512 2319 ecce

275 2448 312 2488 1)
338 2451 468 2490 les.38,
486 2452 540 2484 16.
591 2453 715 2485 1Sam.
733 2455 764 2495 2,
780 2456 812 2486 6.
906 2451 945 2498 2)
971 2455 1034 2485 Vv.
1061 2455 1101 2485 et
1128 2453 1233 2484 dabo
1258 2452 1300 2484 in
1325 2461 1396 2484 von
1422 2452 1512 2492 spi-

183 2494 325 2535 ritum,
352 2497 392 2526 et
416 2497 618 2528 reducam
644 2499 684 2529 in
710 2509 783 2531 vos
810 2509 982 2538 carnes,
1009 2497 1134 2542 (Rhen.
1160 2508 1233 2530 von
1258 2499 1301 2530 in
1326 2498 1511 2537 carnes)

184 2541 226 2569 et
250 2541 523 2574 circumdabo
549 2544 670 2575 vobis
697 2542 827 2587 (Rhen.
852 2546 895 2577 in
919 2545 1061 2586 vobis)
1087 2547 1246 2584 cutem,
1272 2546 1314 2576 et
1336 2543 1443 2575 dabo
1469 2543 1513 2574 in

182 2586 425 2661 ἷῖρὶημὶὴεη.
457 2588 497 2619 in
530 2590 674 2631 vobin)
699 2591 916 2632 spiritum,
957 2595 997 2622 et
1029 2591 1188 2622 vivetis
1218 2597 1289 2621 non
1314 2591 1396 2621 sunt
1421 2589 1513 2629 apud

216 2639 248 2668 ig
300 2651 308 2661 .
