1604 2800
132 153 239 193 293
585 148 1021 182 Anv.1U1>AE0s.

134 249 198 287 fac
225 245 335 284 nobis
362 242 476 290 deos,
510 244 572 295 qui
599 255 668 281 nos
693 240 949 295 praecedant3
981 239 1139 293 Moyses
1165 240 1265 279 enim
1290 239 1370 286 ille,
1403 239 1467 291 qui

135 317 206 343 nos
243 302 362 341 eiecit
393 299 441 340 de
473 307 579 339 terra
609 298 799 352 Aegypti,
838 297 1045 351 dereliquit
1081 311 1170 346 nos,
1209 305 1248 336 et
1285 294 1374 349 quid
1411 296 1468 335 illi

135 358 343 405 acciderit,
383 358 639 408 nescimus.¹)
701 357 752 396 Et
775 355 865 396 ideo
891 369 981 403 nos,
1021 356 1084 407 qui
1117 368 1192 394 non
1217 354 1381 407 populus
1406 351 1470 392 dei

137 425 263 464 retro,
301 416 396 455 facti
433 429 559 455 sumus
590 414 754 468 populus
785 415 866 453 eius
903 411 1133 466 accipiendo
1172 425 1308 452 novam
1344 411 1470 463 legem

138 487 253 528 supra
279 472 421 512 dictam
448 480 488 512 et
511 486 649 512 novam
677 472 1008 512 circumcisionem
1035 478 1124 510 ante
1150 467 1404 523 praedictam.

251 533 293 570 4.
333 529 516 583 Sequitur
535 532 677 582 itaque,
701 537 756 577 ut,
779 537 964 582 quatenus
985 527 1289 582 circumcisionis
1309 524 1476 566 carnalis

140 597 180 628 et
210 589 309 640 legis
338 589 483 628 veteris
520 588 681 626 abolitio
719 594 911 640 expuncta
942 587 1019 626 suis
1050 585 1287 638 temporibus
1319 582 1478 622 demon-

141 653 302 693 stratur,
335 647 388 684 ita
415 644 567 684 sabbati
593 658 744 697 quoque
771 644 990 683 observatio
1017 643 1240 696 temporalis
1266 642 1382 681 fuisse
1410 638 1479 679 de-

141 709 388 742 monstretur.
451 702 593 741 Dicunt
618 703 718 740 enim
744 700 890 748 Iudaei,
924 700 1026 754 quod
1051 714 1074 739 a
1099 697 1310 753 primordio
1336 697 1480 737 sancti-

143 761 320 799 ficaverit
345 758 438 798 deus
465 758 566 798 diem
585 760 785 811 septimum
806 757 1088 811 requiescendo
1109 759 1147 796 in
1168 770 1215 796 eo
1237 755 1284 795 ab
1306 754 1482 795 omnibus

146 816 330 867 operibus,
354 817 451 861 suis,
485 829 581 867 quae
607 816 720 862 fecit,
754 823 794 854 et
818 815 907 854 inde
934 817 1048 854 etiam
1074 814 1238 867 Moysen
1265 812 1408 852 dixisse
1434 807 1484 850 ad

144 872 346 925 populum:
384 878 618 909 mementote
657 870 756 908 diem
794 872 1060 918 sabbatorum,
1099 870 1345 909 sanctificare
1377 881 1483 914 eum3

149 941 260 968 omne
294 941 389 978 opus
420 927 561 967 servile
592 940 667 965 non
694 927 847 965 facietis
873 928 910 965 iu
936 928 1054 978 e0‚2)
1086 934 1356 979 praeterquam
1383 921 1486 976 quod

149 984 196 1024 ad
219 984 382 1022 animam
408 985 589 1035 pertinet.
652 982 760 1021 Unde
788 997 857 1021 nos
882 984 1130 1033 intelligimus
1155 983 1290 1034 magis,
1317 981 1487 1020 sabbati-

147 1053 240 1081 zare
268 1052 338 1077 nos
363 1039 410 1077 ab
439 1041 541 1077 omni
568 1051 687 1090 opere
714 1040 845 1077 servili
871 1051 1024 1090 semper
1049 1038 1208 1086 debere,
1237 1045 1277 1077 et
1301 1050 1378 1076 non
1403 1043 1490 1076 tan-

149 1105 228 1136 tum
255 1096 417 1147 septimo
444 1108 595 1147 quoque
628 1094 710 1142 die,
750 1094 819 1134 sed
855 1109 926 1147 per
963 1109 1073 1134 omne
1111 1102 1273 1148 tempus.
1333 1093 1393 1134 Ac
1419 1106 1490 1147 per

153 1155 229 1193 hoc
250 1151 510 1205 quaerendum
531 1152 655 1199 nobis,
683 1151 784 1204 quod
806 1153 1003 1192 sabbatum
1025 1166 1095 1192 nos
1115 1152 1209 1193 deus
1228 1152 1347 1192 vellet
1361 1158 1492 1192 custo-

154 1211 263 1250 dire?
287 1209 384 1248 Nam
412 1209 611 1248 sabbatum
637 1217 849 1257 aeternum,
876 1217 916 1250 et
940 1210 1140 1250 sabbatum
1160 1209 1374 1263 temporale
1395 1209 1492 1248 scri-

154 1275 290 1320 pturae
330 1266 547 1318 designant.
626 1266 730 1306 Dicit
767 1268 867 1306 enim
904 1266 1040 1307 Esaias
1076 1268 1286 1320 propheta:
1331 1266 1494 1306 s'abbata

155 1332 284 1363 vestra
318 1323 400 1362 0d1t
431 1325 558 1363 anima
590 1325 747 1374 mea;³)
782 1332 822 1364 et
846 1325 922 1363 alio
951 1325 1038 1364 loco
1065 1325 1178 1364 dicit:
1218 1324 1378 1364 sabbata
1409 1334 1495 1362 mea

156 1381 454 1435 profanastis.4)
517 1379 627 1419 Unde
654 1380 913 1433 dignoscimus
945 1382 1142 1421 sabbatum
1169 1381 1382 1434 temporale
1408 1391 1495 1420 esse

156 1440 380 1484 humanum,
414 1444 455 1476 et
479 1437 677 1476 sabbatum
708 1446 907 1478 aeternum
940 1441 1093 1479 censeri
1124 1438 1311 1486 divinum,
1346 1436 1394 1477 de
1421 1449 1496 1490 quo

158 1508 231 1549 per
255 1494 410 1532 Esaiam
441 1493 660 1545 praedicat:
694 1503 734 1533 et
759 1497 850 1542 erit,
884 1497 1022 1547 inquit,
1055 1497 1196 1535 mensis
1227 1509 1277 1535 ex
1302 1506 1432 1535 mense
1458 1499 1499 1533 et

161 1552 246 1590 dies
272 1549 319 1588 de
347 1549 409 1588 die
435 1557 476 1588 et
500 1550 698 1589 sabbatum
725 1550 772 1589 de
804 1551 986 1598 sabbato,
1020 1559 1060 1591 et
1090 1554 1219 1592 veniet
1251 1553 1372 1590 omnis
1404 1563 1498 1590 caro

163 1607 330 1647 adorare
355 1607 394 1645 in
420 1605 673 1654 Hierusalem,
701 1606 796 1646 dicit
820 1607 1062 1658 dominus.'⁵)
1115 1608 1226 1657 Quod
1251 1606 1500 1659 intelligimus

163 1664 411 1716 adimpletum
437 1664 674 1715 temporibus
700 1663 861 1711 Christi,
894 1663 1045 1716 quando
1078 1667 1200 1704 omnis
1232 1678 1345 1712 caro,
1377 1662 1416 1702 id
1441 1669 1502 1703 est

166 1722 288 1760 omnis
314 1734 421 1772 gens,
449 1719 615 1759 adorare
637 1722 675 1759 in
696 1720 936 1760 Hierusalem
961 1723 1079 1770 veuit,
1107 1721 1218 1761 deum
1244 1729 1405 1775 patrem,
1431 1732 1503 1773 per

166 1778 291 1817 Iesum
314 1777 503 1817 Christum
526 1778 641 1816 filium
668 1779 763 1826 eius,
789 1779 890 1817 sicut
913 1792 984 1831 per
1007 1780 1236 1832 prophetam
1261 1777 1500 1831 praedictum

169 1842 246 1875 est:
280 1847 375 1874 ecce
407 1836 596 1887 proselyti
621 1848 692 1888 per
717 1848 776 1875 me
802 1833 851 1874 ad
876 1843 915 1875 te
941 1837 1114 1886 ib.unt.⁶)
1177 1835 1243 1875 Sic
1270 1837 1388 1887 igitur
1412 1841 1502 1873 ante

167 1893 243 1932 hoc
270 1892 468 1931 sabbatum
500 1893 712 1944 temporale
745 1900 831 1932 erat
861 1900 901 1932 et
931 1894 1129 1932 sabbatum
1161 1900 1357 1932 aeternum
1388 1903 1503 1944 prae-

171 1956 366 1989 ostensum
391 1956 431 1988 et
462 1948 720 2001 praedictum,
754 1949 946 2002 quomodo
978 1958 1018 1990 et
1049 1957 1137 1989 ante
1170 1950 1505 1989 circumcisionem

173 2007 367 2045 carnalem
400 2006 473 2044 fuit
497 2013 538 2045 et
561 2007 744 2058 spiritalis
776 2008 1020 2046 circumcisio
1058 2014 1323 2060 praeostensa.
1385 2005 1506 2044 Deni-

175 2075 246 2114 que
273 2061 458 2110 doceant,
497 2064 610 2102 sicuti
641 2064 715 2102 iam
745 2065 961 2116 praelocuti
992 2078 1137 2111 sumus,
1174 2063 1300 2103 Adam
1336 2061 1506 2102 sabbati-

173 2132 303 2166 zasse,
341 2127 407 2159 aut
436 2118 538 2159 Abel
573 2120 736 2159 hostiam
773 2120 847 2160 deo
885 2129 1056 2161 sanctam
1093 2121 1321 2160 offerentem
1357 2118 1509 2159 sabbati

175 2177 366 2227 religione
398 2178 610 2228 placuisse,
641 2185 708 2217 aut
731 2177 868 2217 Enoch
896 2179 1117 2218 translatum
1142 2178 1293 2218 sabbati
1319 2177 1508 2217 cultorem

176 2234 313 2280 fuisse,
346 2241 411 2272 aut
436 2233 542 2282 Noe,
574 2248 690 2274 arcae
715 2235 1009 2283 fabricatorem,
1041 2243 1203 2288 propter
1233 2234 1414 2275 diluvium
1438 2235 1509 2272 im·

180 2302 347 2328 mensum
375 2291 572 2331 sabbatum
599 2292 839 2340 observasse,
866 2300 931 2332 aut
950 2292 1146 2332 Abraham
1171 2294 1209 2332 in
1236 2291 1508 2332 observatione

181 2346 330 2385 sabbati
354 2347 464 2387 Isaac
491 2349 606 2390 filium
632 2363 737 2389 suum
763 2351 961 2399 obtulisse,
987 2357 1052 2390 aut
1069 2348 1361 2390 Melchisedech
1380 2349 1419 2388 in
1439 2359 1508 2387 suo

280 2482 315 2521 1)
328 2482 440 2514 Exod.
455 2486 508 2523 32,
524 2487 555 2517 1.
629 2485 665 2530 2)
679 2487 791 2519 Exod.
808 2489 861 2525 20,
877 2490 896 2520 8
911 2497 982 2527 sqq.
1043 2486 1080 2531 3)
1097 2491 1159 2520 ies.
1173 2490 1206 2528 1,
1221 2489 1277 2519 14.
1334 2486 1371 2526 4)
1384 2482 1510 2516 Ezech·

187 2526 240 2565 22,
257 2528 287 2556 8.
358 2528 391 2568 5)
403 2533 467 2561 les.
482 2532 535 2572 66,
550 2533 603 2562 23.
675 2531 713 2574 6)
728 2535 790 2565 len.
804 2534 859 2564 49.
873 2534 933 2574 (3)
1408 2543 1411 2545 ’
