1604 2800
151 220 217 256 28
528 214 1115 247 anwussnmoossxum.

154 312 467 366 praescribentes
500 310 774 348 obtineremus.
838 307 878 346 ln
912 308 1010 346 hunc
1043 319 1162 359 usque
1194 307 1397 346 articulum
1429 307 1486 346 lo·

154 385 220 410 eus
247 378 306 409 cst
330 369 578 413 retractatui,
613 366 738 405 donec
770 365 816 404 ad
850 367 1060 418 scripturas
1094 364 1489 417 provocatadeficiat

154 429 342 468 exhibitio
382 428 581 466 materiae.
656 423 848 476 Expedita
886 436 1028 462 summa
1066 430 1143 462 est:
1195 423 1288 462 nihil
1331 423 1488 462 invenio

155 489 315 529 factum,
351 486 442 524 nihil
475 498 525 522 ex
557 483 694 528 nihilo,
720 485 755 530 ¹)
783 483 871 535 quia
903 481 1002 533 quod
1032 482 1174 520 factum
1201 481 1377 528 invenio,
1413 494 1489 520 non

155 547 271 583 fuisse
305 556 518 595 cognosco.
582 540 740 579 Etiamsi
774 539 864 592 quid
896 553 945 578 cx
976 540 1104 591 aliquo
1137 539 1279 578 fuctum
1317 546 1397 587 est,
1442 551 1492 578 ex

157 604 260 641 facto
287 601 406 641 habet
432 613 607 645 censum,
641 606 683 637 ut
714 612 763 637 ex
790 605 894 637 terra
920 597 1038 636 herba
1068 604 1108 636 ct
1134 597 1280 636 fructus
1307 604 1347 636 et
1373 610 1492 649 pecu-

157 660 225 700 dcs
251 667 291 698 et
317 660 497 710 figuratio
525 658 690 696 hominis
717 657 849 708 ipsius,
878 663 918 694 ut
943 668 992 694 ex
1017 656 1127 707 aquis
1153 655 1333 694 natatiles
1360 661 1400 694 ct
1425 667 1493 694 vo-

158 719 285 756 latiles
311 719 474 754 animae.
539 713 763 753 Huiusmodi
791 715 964 764 origines
990 726 1117 752 rerum
1150 726 1200 752 ex
1231 713 1290 752 his
1323 712 1494 765 prolata-

158 789 239 813 rum
266 781 404 826 potero
433 774 613 811 materias
639 772 851 823 appellare,
880 770 947 809 sed
975 771 1099 809 saetas
1124 784 1146 808 a
1173 770 1248 810 deo
1276 777 1317 810 et
1341 771 1458 823 ipsas.

275 835 342 872 34.
383 831 564 869 Ceterum
593 842 704 866 omne
732 842 781 868 ex
807 828 926 867 nihilo
954 829 1179 867 constitisse
1206 828 1269 866 illa
1296 835 1494 880 postremo

159 890 289 928 divina
327 889 529 940 dispositio
574 886 769 932 suadebit,
815 899 913 938 quae
946 887 1073 924 omnia
1108 886 1145 923 in
1177 886 1335 924 nihilum
1360 887 1400 933 2)
1433 898 1496 924 re-

159 948 320 986 dactura
349 953 419 985 cst.
484 943 679 997 Siquidem
707 952 747 983 ct
780 944 929 983 coelum
964 944 1216 982 convolvetur
1245 950 1288 982 ut
1318 943 1436 989 liber,
1455 943 1495 990 ³)

160 1008 235 1044 imo
263 1018 445 1056 nusquam
473 1003 540 1041 fiet
566 1016 647 1041 cum
676 1003 757 1054 ipsa
780 1010 896 1048 terra,
925 1015 1008 1039 cum
1031 1014 1103 1053 qua
1124 999 1337 1053 primordio
1353 1000 1496 1039 sactum
1523 1035 1527 1038 ,

160 1064 289 1109 est.⁴)
360 1062 518 1100 Coelum
558 1068 597 1098 ct
635 1068 738 1098 terra
779 1060 1064 1111 praeteribunt,
1104 1060 1243 1111 inquit,
1266 1060 1306 1100 5)
1346 1059 1496 1098 coelum

161 1122 323 1173 primum
355 1127 395 1158 et
427 1126 530 1157 terra
564 1119 682 1170 prima
709 1119 904 1163 abierunt,
933 1125 973 1156 et
999 1117 1107 1155 locus
1133 1130 1208 1155 non
1236 1123 1296 1155 est
1321 1117 1497 1156 inventus

160 1179 247 1223 illis,
268 1179 305 1225 6)
335 1179 422 1230 quia
448 1177 612 1222 scilicet,
640 1175 741 1228 quod
767 1183 806 1214 et
833 1175 976 1214 finitum
1004 1175 1128 1213 locum
1156 1175 1309 1213 amittit.
1326 1175 1366 1223 ⁷)
1430 1172 1497 1213 Sic

161 1244 202 1275 et
231 1235 374 1275 David:
414 1247 534 1287 opera
565 1247 739 1273 manuum
774 1238 920 1273 tuarum
959 1233 1080 1280 coeli,
1119 1239 1159 1272 et
1195 1233 1268 1285 ipsi
1305 1232 1497 1284 peribunt.

162 1293 260 1332 'Nam
288 1301 327 1332 et
353 1295 384 1331 si
410 1292 570 1330 mutabit
594 1293 683 1330 illos
706 1293 811 1330 velut
837 1292 1089 1343 opertorium,
1116 1298 1156 1330 et
1186 1290 1444 1329 mutabuntur.
1459 1291 1496 1337 ⁸)

164 1350 245 1389 Sed
270 1358 310 1388 et
336 1351 472 1388 mutari
498 1351 627 1401 perire
653 1357 713 1388 est
737 1350 898 1401 pristino
925 1350 1053 1395 statui,
1081 1362 1210 1400 quem,
1238 1347 1329 1387 dum'
1353 1355 1501 1387 mutan-

165 1415 246 1453 tur,
272 1409 462 1445 amittunt.
522 1407 573 1444 Et
597 1407 733 1444 stellae
761 1405 910 1457 quidem
938 1405 986 1443 de
1014 1407 1126 1444 coelo
1152 1413 1284 1454 ruent,
1311 1407 1412 1445 sicut
1434 1405 1500 1444 fici

166 1465 381 1504 arboreum
404 1462 530 1501 valido
558 1470 750 1501 commota
776 1470 889 1500 vento
917 1463 1059 1500 acerba
1086 1477 1153 1501 sua
1179 1464 1377 1512 amittit,⁹-)
1393 1477 1503 1502 mon-

167 1531 226 1562 tes
255 1535 350 1560 vero
382 1528 560 1572 tanquam
593 1533 685 1558 cera
723 1521 936 1571 liquescent
962 1533 983 1557 a
1011 1527 1223 1571 conspectu
1254 1519 1411 1566 domini,
1430 1522 1502 1572 ⁸¹⁰)

168 1594 252 1619 cum
280 1579 493 1618 surrexerit
519 1578 672 1616 scilicet
698 1578 945 1628 confringere
972 1583 1127 1616 terram.
1151 1578 1164 1604 ¹
1180 1579 1217 1628 ¹)
1264 1576 1343 1617 Sed
1369 1584 1410 1616 et
1434 1590 1503 1629 pa·-

168 1637 295 1683 tudes,
345 1637 485 1688 inquit,
535 1635 762 1682 arefaciam,
808 1642 847 1673 et
888 1641 1075 1687 quaerent
1111 1648 1246 1688 aquam
1285 1648 1358 1674 nec
1396 1635 1504 1673 iuve-

167 1697 293 1741 nient3
315 1697 381 1743 12)
409 1695 523 1733 etiam
550 1706 655 1732 mare
681 1693 883 1732 hactenus.
907 1693 972 1741 ¹³)
1036 1692 1143 1740 Quae
1176 1694 1302 1731 omnia
1334 1693 1407 1731 etsi
1433 1692 1504 1731 ali·-

168 1760 230 1793 ter
260 1753 453 1805 putaverit
484 1751 711 1803 spiritaliter
741 1749 1052 1802 interpretanda,
1090 1763 1168 1788 non
1199 1757 1327 1789 tamen
1359 1750 1505 1803 poterit

169 1812 323 1850 auferre
349 1811 550 1849 veritatem
577 1810 630 1847 ita
655 1809 883 1855 futurorum,
911 1806 1102 1861 quomodo
1129 1809 1274 1860 scripta
1298 1815 1396 1847 sunt.
1462 1806 1505 1846 Si

171 1882 267 1921 quae
299 1869 398 1907 enim
431 1867 578 1918 figurae
610 1874 715 1914 sunt,
753 1880 802 1905 ex
833 1866 949 1905 rebus
981 1866 1280 1905 consistentibus
1313 1866 1406 1904 fiant
1437 1878 1506 1905 ne—

174 1939 283 1965 cesse
309 1933 386 1972 est,
413 1939 489 1963 non
515 1938 565 1964 ex
588 1924 834 1971 vacantibus,
869 1925 957 1976 quia
982 1924 1075 1962 nihil
1100 1931 1230 1976 potest
1255 1922 1302 1963 ad
1329 1923 1504 1962 similitu-

173 1984 300 2022 dinem
325 1982 374 2022 de
400 1996 468 2020 suo
494 1990 713 2035 praestare,
753 1983 825 2021 nisi
858 1983 906 2020 sit
931 1983 1071 2034 ipsum,
1110 1979 1210 2034 quod
1238 1982 1305 2020 tali
1331 1981 1505 2020 similitu·

174 2041 262 2079 dine
299 2047 485 2093 praestet..
561 2041 752 2079 Revertor
793 2041 911 2091 igitur
947 2040 994 2078 ad
1034 2053 1206 2078 caussam
1244 2038 1503 2084 definientem,

175 2100 301 2137 omnia
327 2112 377 2137 ex
402 2098 520 2136 nihilo
552 2098 656 2137 edita
688 2099 725 2136 in
757 2098 913 2136 nihilum
946 2104 1191 2150 perventura.
1252 2095 1505 2136 Ex.aetern0

174 2158 294 2204 enim,
320 2155 358 2194 id
385 2163 442 2194 est
469 2169 517 2194 ex
544 2156 723 2202 materia,
757 2155 848 2194 nihil
875 2154 974 2195 deus
995 2155 1191 2194 interibile
1215 2155 1394 2201 fecisset,
1434 2166 1506 2194 nec

175 2228 224 2253 cx
250 2214 457 2252 maioribus
483 2215 629 2252 minora
662 2212 918 2260 condidisset,
959 2214 1019 2253 cui
1051 2214 1172 2264 magis
1205 2219 1414 2265 congruat,
1458 2224 1507 2252 ex

177 2272 386 2311 minoribus
412 2273 557 2311 maiora
583 2271 822 2324 producere,
861 2270 898 2310 id
926 2278 985 2310 est
1009 2284 1059 2310 ex
1084 2270 1268 2310 interibili
1292 2265 1504 2310 aeternum.

270 2400 306 2438 1)
331 2400 456 2430 Nescio
478 2409 519 2429 an
542 2400 585 2429 sit
600 2400 835 2431 scribendum:
862 2399 972 2430 nihil
992 2410 1072 2430 non
1094 2410 1136 2430 ex
1160 2399 1307 2430 nihilo.
1355 2398 1406 2428 Cf.
1433 2406 1507 2435 cap.

181 2448 235 2476 34.
332 2447 368 2485 2)
395 2447 445 2475 lta
471 2446 604 2477 emend.
632 2446 755 2483 Rheu.;
788 2447 838 2477 ed.
855 2447 878 2476 Ι.
905 2456 952 2476 ex
980 2446 1130 2477 nihilo.
1238 2444 1274 2487 3)
1301 2445 1362 2473 le!-
1391 2443 1450 2478 34,
1475 2443 1507 2473 4-

180 2493 218 2527 4)
246 2492 368 2523 Matth.
391 2492 445 2530 24,
469 2493 521 2521 21.
617 2490 654 2534 5)
683 2493 724 2523 ih.
747 2502 776 2523 v.
797 2494 850 2523 35.
946 2495 982 2530 6)
1009 2493 1114 2530 Apoc.
1136 2493 1190 2531 21,
1212 2492 1245 2523 1.
1308 2511 1310 2514 .
1339 2488 1376 2528 7)
1401 2488 1508 2519 Rhen.

181 2537 233 2568 ed.
258 2537 410 2575 Lquod
437 2542 476 2567 et
502 2537 651 2568 finitio
678 2547 766 2569 cum
793 2539 977 2576 amittit;
1004 2537 1125 2568 deiude
1144 2537 1217 2568 edd.
1238 2544 1373 2567 omnes:
1400 2533 1508 2572 quod

182 2585 220 2611 et
236 2583 354 2619 finit,
380 2583 518 2612 locum
534 2584 708 2614 amittit.
805 2585 841 2624 8)
867 2584 1138 2621 Ρ9.102,26ιιᾳ.
1223 2583 1259 2617 9)
1286 2580 1509 2620 Apoc.6,1a.

183 2628 241 2664 10)
271 2628 439 2667 Ps.97,5.
536 2627 789 2668 11)1eu.2‚19.
862 2628 919 2668 12)
946 2630 1146 2668 les.4t‚¹17.
1220 2629 1278 2667 13)
1305 2627 1508 2667 1es.42‚15.
