1624 2826
204 195 312 233 26ss
464 195 589 226 ADV.
625 193 988 225 MARCIONEM
1024 193 1201 224 LIBER
1238 192 1278 224 V.

203 289 274 338 Qui
299 295 425 327 autem
450 286 579 325 turbat
602 299 695 332 VOS,
739 285 917 324 iudicium
945 286 1056 324 feret.
1077 286 1115 334 1)
1177 283 1209 323 A
1238 297 1311 336 quo
1338 281 1438 322 deo?
1478 283 1527 322 ab

202 347 371 398 optimo?
418 343 487 383 sed
518 344 581 382 ille
613 357 688 381 non
721 342 877 381 iudicat.
938 342 974 381 A
1006 344 1211 382 creatore?
1259 340 1324 380 sed
1359 353 1431 379 nee
1462 341 1527 380 ille

203 403 398 443 damnabit
422 401 660 440 adsertorem
688 401 1006 439 circumcisionis.
1059 399 1202 448 Quodsi
1229 412 1305 437 non
1331 399 1407 438 erit
1432 398 1528 436 alius

203 462 265 513 qui
297 459 441 498 iudicet
473 460 544 497 nisi
576 465 749 505 creator,
788 460 862 497 iam
894 472 988 510 crgo
1016 472 1091 496 non
1118 455 1312 495 damnabit
1339 455 1436 507 legis
1461 454 1546 494 ‹le-s

202 520 396 562 fensores,
430 517 501 555 nisi
528 517 589 568 qui
615 517 696 568 ipse
723 530 806 554 eam
834 529 988 555 cessare
1016 516 1225 554 constituit.
1289 512 1388 562 Quid
1414 525 1527 559 nunc,

202 578 233 613 si
259 582 299 614 et
324 575 523 613 confirmat
550 575 650 612 illam
677 587 725 612 ex
750 581 873 626 parte,
903 588 974 625 qua
1001 573 1142 611 debet?
1199 571 1299 610 Tota
1331 571 1444 617 enim,
1471 571 1529 609 ia-

204 633 300 684 quit,
339 633 402 670 lex
438 633 474 669 in
511 631 619 669 vobis
651 631 857 683 adimpleta
883 639 959 670 est:
1011 630 1150 681 diliges
1183 630 1394 681 proximum
1427 635 1530 666 tuum

204 697 378 741 tanquam
417 689 528 741 te.‘-')
588 688 667 726 Aut
703 690 734 727 si
772 690 827 727 sic
865 690 945 726 vult
982 689 1171 738 intelligi,
1210 686 1418 738 adimpleta
1455 692 1528 732 est,

204 747 310 799 quasi
335 748 408 784 iam
435 760 510 783 non
536 745 795 797 adimplenda,
835 759 931 796 ergo
959 759 1033 783 non
1059 746 1157 791 vult,
1186 751 1224 782 ut
1251 743 1406 795 diligam
1438 755 1531 795 pro-

202 805 341 842 ximum
379 810 552 854 tanquam
580 816 658 849 me,
696 810 737 840 ut
762 810 801 841 et
828 803 900 840 hoc
934 816 1016 840 cum
1050 802 1137 852 lege
1165 801 1387 839 cessaverit.
1449 798 1530 838 S‘ed

203 859 524 913 perseverandum
540 861 614 898 erit
636 873 787 911 semper
807 861 843 898 in
864 861 936 897 isto
959 866 1181 911 praecepm.
1208 858 1314 908 Ergo
1336 858 1399 896 lex
1419 869 1531 895 crea-

203 919 298 956 toris
324 919 437 956 etiam
464 917 510 955 ab
537 916 760 955 adversario
786 917 949 969 probata
976 924 1046 962 est,
1074 929 1146 954 nee
1173 914 1426 968 dispendium,
1461 913 1530 953 sed

204 975 468 1027 compendium
494 974 541 1012 ab
569 988 615 1013 eo
643 982 852 1013 consecuta
878 981 954 1021 est,
993 973 1152 1012 redacta
1184 986 1326 1011 summa
1352 973 1389 1010 in
1414 985 1530 1010 unum

203 1035 276 1071 iam
307 1040 566 1084 praeceptum.
629 1030 707 1070 Sed
740 1045 811 1070 nee
846 1032 918 1070 hoc
950 1032 1016 1069 alii
1049 1031 1169 1081 magis
1202 1029 1387 1081 competit
1419 1041 1531 1082 quam

203 1091 365 1128 auctori.
437 1090 564 1140 Atque
603 1088 700 1127 adeo
740 1103 823 1127 cum
862 1089 974 1127 dicit:
1034 1101 1154 1126 onera
1197 1094 1326 1125 vestra
1364 1087 1529 1125 invicem

203 1148 407 1193 sustinete,
447 1154 486 1185 et
510 1147 566 1184 sie
592 1145 850 1198 adimplebitis
882 1147 1006 1196 legem
1034 1145 1195 1192 Christi3
1217 1145 1256 1194 ³)
1293 1145 1325 1183 si
1352 1144 1426 1183 hoc
1453 1157 1531 1182 nou

202 1212 330 1256 potest
363 1205 465 1250 fieri,
510 1205 581 1241 nisi
620 1205 701 1255 quis
736 1203 872 1254 diligat
904 1204 1114 1255 proximum
1152 1202 1224 1240 sibi
1256 1209 1434 1253 tanquam
1472 1214 1532 1248 se)

203 1269 380 1314 apparet:
421 1261 559 1312 diliges
590 1262 800 1312 proximum
833 1261 900 1299 tibi
935 1268 1109 1312 tanquam
1138 1267 1194 1306 te,
1233 1273 1304 1312 per
1335 1258 1435 1311 quod
1461 1272 1530 1298 au-

203 1319 327 1365 ditur,
366 1320 528 1357 invieem
561 1332 680 1359 onera
715 1326 843 1357 vestra
877 1325 1049 1370 portate,
1090 1317 1232 1357 Christi
1270 1329 1356 1356 esse
1389 1317 1528 1368 legem,

205 1389 300 1427 quae
332 1378 380 1414 sit
406 1376 613 1422 creatoris,
653 1383 767 1427 atque
794 1377 845 1414 ita
874 1376 1064 1413 Christum
1092 1375 1282 1413 creatoris
1308 1387 1414 1421 esse,
1441 1373 1530 1413 dum

205 1434 346 1472 Christi
383 1440 441 1471 est
473 1434 535 1470 lex
572 1434 773 1470 creatoris.
835 1433 1003 1478 Erratis,
1043 1431 1136 1470 deus
1168 1445 1243 1470 non
1270 1431 1529 1481 derideturst)

203 1491 345 1542 Atquin
372 1489 542 1528 derideri
568 1497 695 1541 potest
721 1489 813 1528 deus
838 1489 1061 1535 Marcionis,
1096 1490 1157 1540 qui
1184 1502 1256 1527 nec
1282 1490 1398 1528 irasci
1425 1490 1532 1528 novit

204 1561 274 1587 nec
312 1548 461 1586 ulcisci.
521 1546 631 1594 Quod
669 1548 767 1585 enim
806 1547 949 1585 severit
985 1547 1116 1592 homo,
1155 1546 1230 1584 hoc
1269 1553 1309 1584 et
1345 1548 1528 1595 metet-⁵)

202 1606 308 1656 Ergo
335 1605 600 1643 retributionis
631 1612 670 1642 et
702 1604 832 1642 iudicii
865 1603 958 1642 deus
989 1605 1167 1641 intentat.
1228 1602 1376 1641 Bonum
1402 1611 1530 1642 autem

202 1664 390 1712 facientes
415 1675 491 1699 non
516 1662 732 1712 fatigemur,
760 1668 800 1700 et
825 1660 910 1706 dum
936 1656 1118 1699 habemus
1139 1668 1299 1712 tempus,
1328 1673 1533 1712 operemur

200 1720 405 1767 lionunn'.⁶)
467 1718 581 1769 Nega
613 1726 829 1757 creatorem
855 1719 993 1757 bonum
1026 1719 1158 1757 facere
1185 1718 1454 1769 praecepisse,
1492 1725 1533 1757 et

202 1776 354 1815 diversa
380 1775 557 1814 doctrina
588 1777 637 1815 sit
669 1776 845 1815 diversae
879 1775 1102 1814 divinitatis.
1156 1775 1278 1813 Porro
1305 1775 1336 1813 si
1363 1775 1531 1814 retribu-

203 1836 345 1872 tionem
371 1833 596 1885 praedicat‚
623 1833 670 1872 ab
697 1833 835 1872 eodem
862 1834 936 1871 erit
961 1840 1002 1871 et
1034 1832 1293 1885 corruptionis
1324 1833 1460 1872 messis
1490 1839 1533 1872 et

201 1892 316 1929 vitae.
376 1891 566 1942 Tempore
593 1898 718 1929 autem
749 1905 817 1929 suo
845 1891 1094 1938 metemus‚⁷)
1141 1891 1229 1942 quia
1261 1897 1301 1928 et
1333 1889 1534 1928 Ecclesia-

204 1949 338 1986 sticus:
366 1955 525 1998 tempus,
551 1949 684 1999 inquit,
711 1950 787 1986 erit
812 1949 913 1986 omni
939 1949 1056 1997 rei.⁸)
1090 1946 1169 1987 Sed
1195 1954 1234 1986 et
1259 1947 1362 1994 mihi,
1390 1947 1531 1986 famulo

206 2005 411 2050 creatoris,
451 2004 609 2043 mundus
649 2006 854 2044 crucifixus
885 2013 961 2053 est,
1001 2019 1076 2044 non
1110 2013 1235 2044 tamen
1267 2004 1362 2044 deus
1386 2004 1529 2051 mundi,

205 2068 244 2099 et
269 2074 343 2111 ego
370 2061 527 2107 mundo,
548 2063 587 2112 9)
626 2076 702 2100 non
734 2070 860 2102 tamen
892 2063 965 2102 deo
999 2062 1139 2102 mundi.
1200 2061 1382 2112 Mundum
1413 2062 1528 2108 enim,

206 2125 383 2170 quantum
415 2118 463 2156 ad
497 2121 827 2159 conversationem
859 2122 959 2167 eius,
998 2122 1143 2173 posuit,
1183 2121 1244 2159 cui
1274 2118 1537 2158 renuntiando.

205 2183 332 2214 mutuo
360 2176 616 2226 transfigimur
641 2185 680 2215 et
705 2178 864 2217 invicem
891 2180 1091 2226 morimurg
1118 2184 1391 2230 persecutores
1416 2182 1533 2216 vocat

206 2233 360 2272 Christi.
422 2233 516 2272 Cum
541 2247 633 2272 vero
660 2234 804 2282 adiicit,
831 2238 1008 2287 stigmata
1035 2236 1178 2274 Christi
1203 2236 1241 2273 in
1268 2246 1435 2287 corpore
1460 2247 1531 2272 suo

206 2298 359 2340 gestare
386 2292 517 2336 se‚¹⁰l
543 2292 673 2343 utique
700 2295 918 2344 corporalia
945 2300 1179 2346 competunt,
1212 2293 1285 2331 iam
1312 2305 1388 2330 non
1419 2298 1529 2343 puta·
1584 2306 1588 2307 ⁷

206 2349 338 2395 livam,
377 2347 445 2386 sed
469 2361 598 2388 veram
631 2357 670 2388 et
694 2350 852 2389 solidam
881 2365 1034 2390 carnem
1062 2351 1256 2404 professus
1281 2357 1343 2388 est
1367 2347 1525 2394 Christi,

208 2405 313 2443 cuius
338 2406 516 2457 stigmata
543 2409 761 2459 corporalia
787 2408 966 2448 ostendit.

298 2495 334 2536 1)
356 2499 430 2528 eal.
449 2501 479 2538 5,
496 2501 549 2529 «ο.
645 2498 681 2542 2)
709 2501 751 2532 ib.
771 2512 802 2534 v.
824 2503 877 2532 14.
974 2502 1010 2541 3)
1042 2499 1118 2532 Gal.
1143 2502 1175 2536 6,
1195 2501 1226 2530 2·
1319 2498 1358 2538 4)
1383 2497 1427 2530 ib·
1440 2506 1474 2530 v.
1496 2499 1517 2527 ⁷

210 2539 243 2579 5)
261 2541 338 2572 ibid.
432 2543 468 2587 e)
496 2545 537 2575 ib.
558 2555 588 2578 v.
610 2548 640 2578 9.
663 2545 717 2578 10.
812 2548 848 2588 τ)
877 2547 955 2578 inid.
1064 2547 1101 2586 s)
1127 2545 1262 2577 Euclea.
1284 2545 1314 2586 a,
1342 2545 1396 2574 1⁷·
1490 2544 1527 2583 ⁹)

209 2587 282 2617 Gal.
297 2589 328 2627 6,
342 2589 393 2617 14.
488 2589 548 2633 10)
564 2592 607 2623 ib.
623 2602 652 2624 v.
666 2594 722 2624 17.
