1624 2826
0 2619 33 2826 ἱ

353 201 476 233 Λυν.
511 201 876 243 ΜΑΒειοΝΕΜ
912 200 1087 231 LIBER
1117 201 1156 233 v.
1321 197 1423 236 ὀἵ

240 306 302 331 ΒΕ
339 305 600 331 nrls'rOLA
634 306 696 331 At)
734 306 1062 331 CORINTHIOS
1098 306 1270 332 PRIMA.

212 410 255 450 5.
306 407 569 447 Praestructio
602 409 813 460 superioris
845 408 1033 460 epistolae
1058 408 1112 447 ita
1138 407 1263 455 duxit,
1305 413 1346 446 ut
1376 405 1423 446 de

97 465 210 504 titulo
235 465 317 504 eius
342 478 419 503 non
443 467 749 512 retractaverim,
777 472 906 504 certus
932 473 971 504 et
995 465 1086 504 alibi
1107 463 1312 505 retractari
1339 477 1425 504 eum

97 535 231 576 posse,
275 535 513 562 communem
539 523 693 562 scilicet
718 530 757 562 et
783 521 944 562 eundem
971 524 1008 562 in
1036 524 1209 575 epistolis
1236 522 1424 567 omnibus,

99 579 200 633 quod
225 593 301 619 non
325 581 456 632 utique
483 581 642 619 salutem
669 580 899 633 praescribit
924 582 993 626 eis,
1022 581 1156 633 quibus
1181 580 1329 626 scribit,
1356 577 1426 617 sed

98 639 261 690 gratiam
292 644 333 676 et
362 637 560 691 pacem.¹)
620 638 709 676 Non
735 637 838 685 dico,
866 637 954 690 quid
981 638 1036 676 illi
1063 651 1146 676 cum
1173 637 1331 676 Iudaico
1358 635 1427 674 ad·-

97 696 181 734 huc-
204 707 332 742 more,
370 694 606 734 destructori
638 695 838 743 1udaismi3
877 709 962 733 nam
994 702 1034 733 et
1065 695 1180 733 hodie
1213 693 1347 732 Iudaei
1387 694 1426 730 in

97 754 205 804 pacis
230 753 382 790 nomine
409 752 616 803 appellant,
644 759 684 790 et
708 759 814 790 retro
841 753 878 789 in
905 752 1105 803 scripturis
1124 752 1180 789 sic
1194 749 1425 788 salutabant.

98 808 179 848 Sed
214 809 390 859 intelligo
425 809 532 847 illum
570 808 789 848 defendisse
828 808 952 847 officio
991 822 1059 847 suo
1097 807 1426 860 praedicationem

51 901 58 908 .
99 867 309 906 creatoris:
337 878 446 918 quam
479 866 616 904 maturi
644 865 761 917 pedes
788 865 1135 917 evangelizantium
1160 866 1281 911 bona,
1309 877 1427 904 evan-

98 923 346 976 gelizantium
371 924 572 975 pacem.²)
622 923 925 974 Evangelizator
949 925 1048 962 enim
1074 923 1275 970 bonorum,
1303 921 1342 960 id
1369 922 1438 960 est‘

98 981 248 1033 gratiae
274 979 356 1027 dei,
394 981 481 1032 paci
507 993 590 1019 eam
623 980 917 1032 praeferendam
949 981 1110 1019 sciebat.
1161 980 1267 1019 Haec
1295 993 1378 1018 cum
1406 992 1429 1017 a

98 1037 174 1077 deo
199 1044 310 1091 patre
326 1045 469 1076 *nostro
496 1045 536 1076 et
562 1037 719 1076 domino
745 1038 830 1076 lesu
844 1039 882 1087 ³)
910 1037 1139 1077 adnuntians
1166 1036 1429 1076 communibus

100 1096 314 1134 nominibus
339 1102 468 1134 utatur
493 1096 799 1147 competentibus
826 1103 959 1134 nostro
992 1108 1143 1147 quoque
1169 1100 1428 1137 sacramento,

100 1165 178 1191 non
202 1160 294 1204 puto
320 1151 456 1204 dispici
490 1165 622 1204 posse,
662 1154 744 1204 quis
776 1152 873 1191 deus
903 1160 1016 1204 pater
1047 1159 1087 1190 et
1118 1151 1291 1189 dominus
1323 1150 1429 1188 Iesus

101 1210 370 1265 praedicetur,
409 1210 480 1247 nisi
519 1222 568 1247 ex
604 1209 903 1256 accedentibus,
943 1210 1004 1247 cui
1036 1209 1157 1259 magis
1195 1213 1428 1259 competant.

101 1267 228 1305 Primo
279 1264 430 1317 quidem
484 1273 633 1318 patrem
682 1265 874 1304 dominum
922 1266 1147 1318 praescribo
1197 1278 1272 1303 non
1316 1264 1430 1302 alium

101 1322 401 1375 agnoscendum,
429 1336 538 1375 quam
565 1330 604 1361 et
628 1323 792 1362 hominis
818 1330 858 1362 et
879 1324 1137 1362 universitatis
1153 1329 1370 1360 creatorem
1392 1327 1432 1359 et

101 1382 377 1428 institutorem3
411 1394 528 1433 porro
555 1382 654 1432 patri
680 1382 794 1419 etiam
822 1380 964 1418 domini
990 1393 1128 1418 nomen
1154 1378 1347 1417 accedere
1368 1377 1429 1415 .0b

101 1433 354 1491 potestatem,
391 1436 493 1489 quod
519 1444 559 1476 et
590 1438 687 1476 filius
713 1451 784 1489 per
808 1444 956 1489 patrem
989 1437 1135 1488 capiat3
1175 1435 1314 1474 dehinc
1342 1447 1431 1486 gra-

101 1497 193 1534 tiam
217 1502 257 1534 et
280 1502 416 1547 p'acem
442 1508 519 1532 non
544 1496 665 1533 solum
691 1497 773 1533 eius
799 1508 904 1541 esse,
942 1508 964 1533 a
990 1508 1064 1546 quo
1091 1493 1430 1546 praedicabantur,

101 1551 170 1592 sed
206 1553 314 1599 eius,
359 1553 421 1604 qui
458 1553 575 1590 fuerit
613 1552 794 1591 offensus.
856 1551 941 1591 Nec
979 1553 1106 1604 gratia
1142 1552 1243 1590 enim
1280 1551 1322 1589 fit
1359 1550 1432 1587 nisi

103 1609 295 1657 offensae,
332 1622 406 1648 nec
432 1623 508 1662 pax
533 1611 606 1648 nisi
630 1610 735 1648 belli.
798 1609 848 1648 Et
878 1611 1040 1662 populus
1067 1615 1194 1648 autem
1219 1621 1290 1660 per
1315 1606 1431 1645 disci-

102 1668 229 1720 plinae
256 1668 602 1718 transgressionem
628 1675 669 1706 et
695 1680 806 1706 omne
826 1668 1017 1705 hominum
1039 1680 1160 1718 genus
1181 1675 1252 1718 per
1270 1673 1431 1703 naturae

104 1725 444 1764 dissimulationem
470 1731 510 1763 et
535 1724 753 1775 deliquerat
778 1732 817 1762 et
842 1718 1102 1763 rebellaverat
1121 1722 1306 1761 adversus
1321 1733 1431 1760 crea-

105 1789 242 1820 torem.
291 1780 396 1818 Deus
420 1788 548 1818 autem
573 1781 797 1827 Marcionis,
830 1787 871 1818 et
897 1781 983 1831 quia
1009 1782 1176 1831 ignotus,
1205 1792 1280 1816 non
1305 1778 1433 1830 potuit

107 1836 270 1884 offendi,
310 1844 352 1876 et
376 1838 463 1888 quia
488 1838 613 1875 nescit
638 1838 766 1876 irasci.
818 1836 923 1884 Quae
950 1849 1046 1887 ergo
1073 1837 1199 1887 gratia
1223 1848 1246 1873 a
1272 1849 1347 1874 non
1374 1835 1433 1872 of-

106 1897 245 1935 senso?
269 1907 366 1947 quae
391 1907 469 1946 pax
493 1907 516 1932 a
541 1907 616 1932 non
642 1894 860 1932 rebellato?
889 1893 957 1932 Ait
983 1906 1137 1932 crucem
1170 1892 1313 1931 Christi
1339 1892 1432 1930 stul-

108 1953 228 1992 ‘titiam
254 1965 340 1991 esse
365 1952 566 2004 perituris,
603 1952 782 1990 virtutem
814 1955 940 1989 autem
967 1958 1006 1989 et
1031 1951 1257 2002 sapientiam
1283 1948 1346 1988 dei
1371 1961 1434 1987 sa-

107 2011 222 2050 lutem
255 2010 544 2055 consecuturis,
584 2015 624 2047 et
653 2015 695 2046 ut
726 2008 973 2056 ostenderet,
1010 2007 1111 2047 unde
1143 2007 1218 2046 hoc
1245 2007 1432 2052 eveniret,

107 2067 258 2107 adiicit:
297 2068 479 2119 scriptum
513 2073 573 2104 est
603 2067 722 2104 enim:
759 2065 917 2118 perdam
949 2067 1173 2119 sapientiam
1205 2065 1433 2117 sapientium

108 2133 148 2165 et
173 2123 412 2177 prudentiam
438 2123 679 2176 prudentium
705 2125 849 2164 irritam
875 2125 1073 2173 faciam.⁴)
1125 2122 1166 2162 Si
1192 2123 1289 2161 haec
1323 2134 1434 2160 crea-

110 2183 206 2221 toris
230 2188 318 2220 sunt
342 2189 383 2220 et
407 2181 455 2220 ad
483 2195 655 2220 caussam
687 2182 812 2220 crucis
837 2182 1033 2233 pertinent
1063 2181 1246 2219 stultitiae
1274 2179 1435 2230 deputa-

110 2248 198 2286 tae,
235 2251 331 2290 ergo
363 2246 404 2277 et
434 2252 528 2277 crux
559 2245 599 2277 et
628 2251 699 2290 per
734 2251 887 2278 crucem
927 2239 1100 2278 Christus
1136 2237 1184 2276 ad
1217 2243 1435 2276 creatorem

109 2295 330 2350 pertinebit,
357 2309 379 2334 a
405 2309 479 2347 quo
506 2294 765 2347 praedicatum
791 2303 862 2343 est,
889 2295 989 2348 quod
1015 2295 1063 2334 ad
1085 2308 1237 2334 crucem
1254 2293 1435 2346 pertinet.

109 2354 189 2393 Aut
212 2354 244 2392 si
270 2360 438 2400 creator,
466 2367 541 2405 qua
564 2353 745 2400 aemulus,
772 2353 919 2392 idcirco
945 2354 1170 2406 sapientiam
1196 2351 1363 2397 abstulit,
1397 2356 1438 2387 ut

113 2425 208 2451 crux
233 2411 375 2450 Christi
407 2411 558 2450 scilicet
588 2409 799 2449 adversarii
830 2411 988 2450 stultitia
1015 2409 1238 2463 deputetur,
1277 2414 1318 2446 et
1342 2420 1436 2460 quo-

206 2547 240 2590 1)
265 2551 284 2580 1
306 2552 382 2582 Cor.
399 2548 430 2588 Ἰ,
446 2551 476 2581 3.
573 2549 606 2589 2)
626 2552 689 2581 les.
710 2550 765 2588 52,
792 2551 824 2579 7.
908 2548 944 2588 3)
971 2549 990 2578 1
1006 2549 1082 2579 Cor.
1103 2550 1133 2590 1,
1157 2549 1188 2579 3.
1261 2544 1298 2588 4)
1326 2547 1346 2577 1
1360 2547 1436 2577 Cor.

116 2597 206 2642 ¹²2⁸·
222 2598 275 2626 19.
299 2598 363 2627 les.
378 2597 432 2636 29,
452 2598 504 2628 14.
