<?xml version="1.0" encoding="UTF-8"?>
<!DOCTYPE html PUBLIC "-//W3C//DTD XHTML 1.0 Transitional//EN"
    "http://www.w3.org/TR/xhtml1/DTD/xhtml1-transitional.dtd">
<html xmlns="http://www.w3.org/1999/xhtml" xml:lang="en" lang="en">
 <head>
  <title>
</title>
<meta http-equiv="Content-Type" content="text/html;charset=utf-8" />
  <meta name='ocr-system' content='tesseract 3.04.00' />
  <meta name='ocr-capabilities' content='ocr_page ocr_carea ocr_par ocr_line ocrx_word'/>
</head>
<body>
  <div class='ocr_page' id='page_1' title='image "./operatert34tertuoft_0040.png"; bbox 0 0 1566 2808; ppageno 0'>
   <div class='ocr_carea' id='block_1_1' title="bbox 135 195 1322 235">
    <p class='ocr_par' dir='ltr' id='par_1_1' title="bbox 135 195 1322 235">
     <span class='ocr_line' id='line_1_1' title="bbox 135 195 1322 235; baseline -0.003 0"><span class='ocrx_word' id='word_1_1' title='bbox 135 199 208 235; x_wconf 76' lang='grc'>30</span> <span class='ocrx_word' id='word_1_2' title='bbox 290 200 365 231; x_wconf 87' lang='lat' dir='ltr'>DE</span> <span class='ocrx_word' id='word_1_3' title='bbox 399 198 1039 231; x_wconf 80' lang='lat' dir='ltr'>PRAESCRIPTIONIBUS</span> <span class='ocrx_word' id='word_1_4' title='bbox 1071 195 1322 231; x_wconf 77' lang='lat' dir='ltr'>HAERET.</span> 
     </span>
    </p>
   </div>
   <div class='ocr_carea' id='block_1_2' title="bbox 124 289 1501 2235">
    <p class='ocr_par' dir='ltr' id='par_1_2' title="bbox 132 289 1496 688">
     <span class='ocr_line' id='line_1_2' title="bbox 135 289 1496 344; baseline -0.001 -13"><span class='ocrx_word' id='word_1_5' title='bbox 135 306 240 331; x_wconf 89' lang='lat' dir='ltr'>suam</span> <span class='ocrx_word' id='word_1_6' title='bbox 278 299 318 331; x_wconf 87' lang='lat' dir='ltr'>et</span> <span class='ocrx_word' id='word_1_7' title='bbox 356 293 517 344; x_wconf 87' lang='lat' dir='ltr'>originis</span> <span class='ocrx_word' id='word_1_8' title='bbox 554 305 645 330; x_wconf 86' lang='lat' dir='ltr'>suae</span> <span class='ocrx_word' id='word_1_9' title='bbox 684 304 828 330; x_wconf 86' lang='lat' dir='ltr'>morem</span> <span class='ocrx_word' id='word_1_10' title='bbox 859 292 1058 343; x_wconf 86' lang='lat' dir='ltr'>profectus</span> <span class='ocrx_word' id='word_1_11' title='bbox 1089 291 1160 330; x_wconf 88' lang='lat' dir='ltr'>rei.</span> <span class='ocrx_word' id='word_1_12' title='bbox 1221 289 1328 330; x_wconf 86' lang='lat' dir='ltr'><strong>Idem</strong></span> <span class='ocrx_word' id='word_1_13' title='bbox 1353 290 1496 330; x_wconf 59' lang='lat' dir='ltr'>licuit‘</span> 
     </span>
     <span class='ocr_line' id='line_1_3' title="bbox 133 346 1464 401; baseline -0.002 -12"><span class='ocrx_word' id='word_1_14' title='bbox 133 350 428 396; x_wconf 80' lang='lat' dir='ltr'>Valentinianis,</span> <span class='ocrx_word' id='word_1_15' title='bbox 456 348 558 401; x_wconf 88' lang='lat' dir='ltr'>quod</span> <span class='ocrx_word' id='word_1_16' title='bbox 582 349 806 396; x_wconf 80' lang='lat' dir='ltr'>Valentino,</span> <span class='ocrx_word' id='word_1_17' title='bbox 833 349 935 388; x_wconf 89' lang='lat' dir='ltr'>idem</span> <span class='ocrx_word' id='word_1_18' title='bbox 948 348 1204 395; x_wconf 81' lang='lat' dir='ltr'>Marcionitis,</span> <span class='ocrx_word' id='word_1_19' title='bbox 1232 346 1333 400; x_wconf 86' lang='lat' dir='ltr'>quod</span> <span class='ocrx_word' id='word_1_20' title='bbox 1356 347 1464 387; x_wconf 87' lang='lat' dir='ltr'>Mar-</span> 
     </span>
     <span class='ocr_line' id='line_1_4' title="bbox 135 405 1464 458; baseline -0.002 -12"><span class='ocrx_word' id='word_1_21' title='bbox 135 409 257 454; x_wconf 91' lang='lat' dir='ltr'>cioni,</span> <span class='ocrx_word' id='word_1_22' title='bbox 297 406 344 445; x_wconf 90' lang='lat' dir='ltr'>de</span> <span class='ocrx_word' id='word_1_23' title='bbox 383 407 544 445; x_wconf 86' lang='lat' dir='ltr'>arbitrio</span> <span class='ocrx_word' id='word_1_24' title='bbox 577 420 645 445; x_wconf 92' lang='lat' dir='ltr'>suo</span> <span class='ocrx_word' id='word_1_25' title='bbox 678 405 792 445; x_wconf 87' lang='lat' dir='ltr'>fidem</span> <span class='ocrx_word' id='word_1_26' title='bbox 818 407 1031 452; x_wconf 85' lang='lat' dir='ltr'>innovare.</span> <span class='ocrx_word' id='word_1_27' title='bbox 1098 405 1273 458; x_wconf 89' lang='lat' dir='ltr'>Denique</span> <span class='ocrx_word' id='word_1_28' title='bbox 1309 406 1464 458; x_wconf 85' lang='lat' dir='ltr'>penitus</span> 
     </span>
     <span class='ocr_line' id='line_1_5' title="bbox 133 463 1463 516; baseline -0.002 -13"><span class='ocrx_word' id='word_1_29' title='bbox 133 466 332 516; x_wconf 79' lang='lat' dir='ltr'>inspectae</span> <span class='ocrx_word' id='word_1_30' title='bbox 371 464 555 502; x_wconf 80' lang='lat' dir='ltr'>haereses</span> <span class='ocrx_word' id='word_1_31' title='bbox 593 477 726 502; x_wconf 85' lang='lat' dir='ltr'>omnes</span> <span class='ocrx_word' id='word_1_32' title='bbox 761 465 802 503; x_wconf 85' lang='lat' dir='ltr'>iu</span> <span class='ocrx_word' id='word_1_33' title='bbox 837 464 966 502; x_wconf 92' lang='lat' dir='ltr'>multis</span> <span class='ocrx_word' id='word_1_34' title='bbox 1005 477 1089 502; x_wconf 91' lang='lat' dir='ltr'>cum</span> <span class='ocrx_word' id='word_1_35' title='bbox 1122 463 1353 502; x_wconf 83' lang='lat' dir='ltr'>auctoribus·</span> <span class='ocrx_word' id='word_1_36' title='bbox 1385 463 1463 502; x_wconf 82' lang='lat' dir='ltr'>suis</span> 
     </span>
     <span class='ocr_line' id='line_1_6' title="bbox 134 521 1465 573; baseline -0.001 -13"><span class='ocrx_word' id='word_1_37' title='bbox 134 521 407 560; x_wconf 84' lang='lat' dir='ltr'>dissentientes</span> <span class='ocrx_word' id='word_1_38' title='bbox 446 521 797 573; x_wconf 83' lang='lat' dir='ltr'>deprehenduntur.</span> <span class='ocrx_word' id='word_1_39' title='bbox 857 521 1037 573; x_wconf 87' lang='lat' dir='ltr'>Plerique</span> <span class='ocrx_word' id='word_1_40' title='bbox 1069 534 1142 559; x_wconf 88' lang='lat' dir='ltr'>nec</span> <span class='ocrx_word' id='word_1_41' title='bbox 1175 521 1363 560; x_wconf 86' lang='lat' dir='ltr'>ecclesias</span> <span class='ocrx_word' id='word_1_42' title='bbox 1394 521 1465 559; x_wconf 86' lang='lat' dir='ltr'>ha-</span> 
     </span>
     <span class='ocr_line' id='line_1_7' title="bbox 132 578 1462 630; baseline -0.001 -13"><span class='ocrx_word' id='word_1_43' title='bbox 132 579 243 627; x_wconf 89' lang='lat' dir='ltr'>bent,</span> <span class='ocrx_word' id='word_1_44' title='bbox 271 581 353 618; x_wconf 88' lang='lat' dir='ltr'>sine</span> <span class='ocrx_word' id='word_1_45' title='bbox 379 586 521 627; x_wconf 88' lang='lat' dir='ltr'>matre,</span> <span class='ocrx_word' id='word_1_46' title='bbox 549 580 630 618; x_wconf 89' lang='lat' dir='ltr'>sine</span> <span class='ocrx_word' id='word_1_47' title='bbox 658 578 765 626; x_wconf 83' lang='lat' dir='ltr'>sede,</span> <span class='ocrx_word' id='word_1_48' title='bbox 793 578 877 617; x_wconf 88' lang='lat' dir='ltr'>orbi</span> <span class='ocrx_word' id='word_1_49' title='bbox 904 578 999 625; x_wconf 87' lang='lat' dir='ltr'>fide,</span> <span class='ocrx_word' id='word_1_50' title='bbox 1027 585 1219 625; x_wconf 78' lang='lat' dir='ltr'>extorres,</span> <span class='ocrx_word' id='word_1_51' title='bbox 1247 578 1355 630; x_wconf 84' lang='lat' dir='ltr'>quasi</span> <span class='ocrx_word' id='word_1_52' title='bbox 1379 578 1462 617; x_wconf 87' lang='lat' dir='ltr'>sine</span> 
     </span>
     <span class='ocr_line' id='line_1_8' title="bbox 134 636 494 688; baseline 0 -14"><span class='ocrx_word' id='word_1_53' title='bbox 134 636 215 675; x_wconf 87' lang='lat' dir='ltr'>lare</span> <span class='ocrx_word' id='word_1_54' title='bbox 231 638 266 685; x_wconf 87' lang='lat'>¹)</span> <span class='ocrx_word' id='word_1_55' title='bbox 293 645 494 688; x_wconf 77' lang='lat' dir='ltr'>vagantur.</span> 
     </span>
    </p>

    <p class='ocr_par' dir='ltr' id='par_1_3' title="bbox 129 693 1464 1488">
     <span class='ocr_line' id='line_1_9' title="bbox 249 693 1462 739; baseline -0.002 -5"><span class='ocrx_word' id='word_1_56' title='bbox 249 697 318 735; x_wconf 81' lang='lat'>43.</span> <span class='ocrx_word' id='word_1_57' title='bbox 368 694 513 733; x_wconf 82' lang='lat' dir='ltr'>Notata</span> <span class='ocrx_word' id='word_1_58' title='bbox 547 700 634 732; x_wconf 90' lang='lat' dir='ltr'>sunt</span> <span class='ocrx_word' id='word_1_59' title='bbox 660 695 774 739; x_wconf 85' lang='lat' dir='ltr'>etiam</span> <span class='ocrx_word' id='word_1_60' title='bbox 808 694 1041 732; x_wconf 86' lang='lat' dir='ltr'>commercia</span> <span class='ocrx_word' id='word_1_61' title='bbox 1066 693 1352 735; x_wconf 84' lang='lat' dir='ltr'>haereticorum</span> <span class='ocrx_word' id='word_1_62' title='bbox 1378 706 1462 731; x_wconf 89' lang='lat' dir='ltr'>cum</span> 
     </span>
     <span class='ocr_line' id='line_1_10' title="bbox 133 750 1462 803; baseline -0.001 -14"><span class='ocrx_word' id='word_1_63' title='bbox 133 752 255 802; x_wconf 86' lang='lat' dir='ltr'>magis</span> <span class='ocrx_word' id='word_1_64' title='bbox 288 764 398 803; x_wconf 91' lang='lat' dir='ltr'>quam</span> <span class='ocrx_word' id='word_1_65' title='bbox 430 751 620 803; x_wconf 86' lang='lat' dir='ltr'>pluribus,</span> <span class='ocrx_word' id='word_1_66' title='bbox 655 765 739 789; x_wconf 90' lang='lat' dir='ltr'>cum</span> <span class='ocrx_word' id='word_1_67' title='bbox 774 750 1088 797; x_wconf 85' lang='lat' dir='ltr'>circulatoribus,</span> <span class='ocrx_word' id='word_1_68' title='bbox 1124 764 1208 789; x_wconf 91' lang='lat' dir='ltr'>cum</span> <span class='ocrx_word' id='word_1_69' title='bbox 1240 750 1462 801; x_wconf 86' lang='lat' dir='ltr'>astrologis,</span> 
     </span>
     <span class='ocr_line' id='line_1_11' title="bbox 135 807 1464 861; baseline -0.001 -14"><span class='ocrx_word' id='word_1_70' title='bbox 135 822 219 847; x_wconf 92' lang='lat' dir='ltr'>cum</span> <span class='ocrx_word' id='word_1_71' title='bbox 251 809 508 861; x_wconf 88' lang='lat' dir='ltr'>philosophis,</span> <span class='ocrx_word' id='word_1_72' title='bbox 549 809 765 847; x_wconf 87' lang='lat' dir='ltr'>curiositati</span> <span class='ocrx_word' id='word_1_73' title='bbox 798 808 952 846; x_wconf 86' lang='lat' dir='ltr'>scilicet</span> <span class='ocrx_word' id='word_1_74' title='bbox 986 807 1139 848; x_wconf 84' lang='lat' dir='ltr'>deditis.</span> <span class='ocrx_word' id='word_1_75' title='bbox 1203 807 1385 855; x_wconf 82' lang='lat' dir='ltr'>Quaerite</span> <span class='ocrx_word' id='word_1_76' title='bbox 1423 813 1464 846; x_wconf 83' lang='lat' dir='ltr'>et</span> 
     </span>
     <span class='ocr_line' id='line_1_12' title="bbox 132 864 1463 918; baseline 0 -14"><span class='ocrx_word' id='word_1_77' title='bbox 132 867 355 913; x_wconf 86' lang='lat' dir='ltr'>invenietis,</span> <span class='ocrx_word' id='word_1_78' title='bbox 385 866 521 918; x_wconf 92' lang='lat' dir='ltr'>ubique</span> <span class='ocrx_word' id='word_1_79' title='bbox 549 867 812 904; x_wconf 88' lang='lat' dir='ltr'>meminerunt.</span> <span class='ocrx_word' id='word_1_80' title='bbox 850 864 962 904; x_wconf 90' lang='lat' dir='ltr'>Adeo</span> <span class='ocrx_word' id='word_1_81' title='bbox 989 872 1029 904; x_wconf 88' lang='lat' dir='ltr'>et</span> <span class='ocrx_word' id='word_1_82' title='bbox 1054 865 1101 903; x_wconf 90' lang='lat' dir='ltr'>de</span> <span class='ocrx_word' id='word_1_83' title='bbox 1128 877 1272 916; x_wconf 87' lang='lat' dir='ltr'>genere</span> <span class='ocrx_word' id='word_1_84' title='bbox 1300 878 1463 904; x_wconf 88' lang='lat' dir='ltr'>conver-</span> 
     </span>
     <span class='ocr_line' id='line_1_13' title="bbox 133 919 1463 975; baseline -0.001 -14"><span class='ocrx_word' id='word_1_85' title='bbox 133 924 293 962; x_wconf 88' lang='lat' dir='ltr'>sationis</span> <span class='ocrx_word' id='word_1_86' title='bbox 321 924 483 975; x_wconf 86' lang='lat' dir='ltr'>qualitas</span> <span class='ocrx_word' id='word_1_87' title='bbox 504 922 594 962; x_wconf 84' lang='lat' dir='ltr'>fidei</span> <span class='ocrx_word' id='word_1_88' title='bbox 620 923 815 962; x_wconf 87' lang='lat' dir='ltr'>aestimari</span> <span class='ocrx_word' id='word_1_89' title='bbox 846 929 988 975; x_wconf 84' lang='lat' dir='ltr'>potest.</span> <span class='ocrx_word' id='word_1_90' title='bbox 1022 922 1241 972; x_wconf 67' lang='lat' dir='ltr'>Doctrinae</span> <span class='ocrx_word' id='word_1_91' title='bbox 1260 919 1379 961; x_wconf 85' lang='lat' dir='ltr'>index</span> <span class='ocrx_word' id='word_1_92' title='bbox 1403 921 1463 960; x_wconf 84' lang='lat' dir='ltr'>di-</span> 
     </span>
     <span class='ocr_line' id='line_1_14' title="bbox 132 979 1464 1033; baseline 0 -15"><span class='ocrx_word' id='word_1_93' title='bbox 132 981 296 1031; x_wconf 87' lang='lat' dir='ltr'>sciplina</span> <span class='ocrx_word' id='word_1_94' title='bbox 322 989 392 1019; x_wconf 90' lang='lat' dir='ltr'>est.</span> <span class='ocrx_word' id='word_1_95' title='bbox 427 980 611 1033; x_wconf 23' lang='lat' dir='ltr'>‘&#39;Negant</span> <span class='ocrx_word' id='word_1_96' title='bbox 642 980 753 1019; x_wconf 90' lang='lat' dir='ltr'>deum</span> <span class='ocrx_word' id='word_1_97' title='bbox 785 979 1007 1018; x_wconf 85' lang='lat' dir='ltr'>timendum.</span> <span class='ocrx_word' id='word_1_98' title='bbox 1066 979 1200 1032; x_wconf 85' lang='lat' dir='ltr'>Itaque</span> <span class='ocrx_word' id='word_1_99' title='bbox 1226 979 1350 1018; x_wconf 87' lang='lat' dir='ltr'>libera</span> <span class='ocrx_word' id='word_1_100' title='bbox 1373 986 1464 1019; x_wconf 82' lang='lat' dir='ltr'>sunt</span> 
     </span>
     <span class='ocr_line' id='line_1_15' title="bbox 131 1037 1463 1085; baseline -0.001 -9"><span class='ocrx_word' id='word_1_101' title='bbox 131 1037 207 1076; x_wconf 85' lang='lat' dir='ltr'>illis</span> <span class='ocrx_word' id='word_1_102' title='bbox 234 1039 361 1076; x_wconf 89' lang='lat' dir='ltr'>omnia</span> <span class='ocrx_word' id='word_1_103' title='bbox 387 1045 426 1076; x_wconf 89' lang='lat' dir='ltr'>et</span> <span class='ocrx_word' id='word_1_104' title='bbox 451 1039 589 1076; x_wconf 85' lang='lat' dir='ltr'>soluta.</span> <span class='ocrx_word' id='word_1_105' title='bbox 628 1037 701 1076; x_wconf 91' lang='lat' dir='ltr'>Ubi</span> <span class='ocrx_word' id='word_1_106' title='bbox 727 1045 852 1076; x_wconf 85' lang='lat' dir='ltr'>autem</span> <span class='ocrx_word' id='word_1_107' title='bbox 884 1037 978 1076; x_wconf 89' lang='lat' dir='ltr'>deus</span> <span class='ocrx_word' id='word_1_108' title='bbox 1004 1051 1079 1076; x_wconf 92' lang='lat' dir='ltr'>non</span> <span class='ocrx_word' id='word_1_109' title='bbox 1105 1038 1272 1085; x_wconf 86' lang='lat' dir='ltr'>timetur,</span> <span class='ocrx_word' id='word_1_110' title='bbox 1300 1037 1372 1075; x_wconf 90' lang='lat' dir='ltr'>nisi</span> <span class='ocrx_word' id='word_1_111' title='bbox 1397 1037 1463 1076; x_wconf 87' lang='lat' dir='ltr'>ubi</span> 
     </span>
     <span class='ocr_line' id='line_1_16' title="bbox 132 1093 1463 1142; baseline 0.002 -10"><span class='ocrx_word' id='word_1_112' title='bbox 132 1108 209 1132; x_wconf 91' lang='lat' dir='ltr'>non</span> <span class='ocrx_word' id='word_1_113' title='bbox 236 1097 320 1133; x_wconf 78' lang='lat' dir='ltr'>est?</span> <span class='ocrx_word' id='word_1_114' title='bbox 368 1094 440 1133; x_wconf 91' lang='lat' dir='ltr'>Ubi</span> <span class='ocrx_word' id='word_1_115' title='bbox 467 1095 560 1134; x_wconf 82' lang='lat' dir='ltr'>deus</span> <span class='ocrx_word' id='word_1_116' title='bbox 586 1109 663 1140; x_wconf 81' lang='lat' dir='ltr'>non</span> <span class='ocrx_word' id='word_1_117' title='bbox 689 1101 766 1142; x_wconf 82' lang='lat' dir='ltr'>cst,</span> <span class='ocrx_word' id='word_1_118' title='bbox 794 1108 866 1133; x_wconf 85' lang='lat' dir='ltr'>nec</span> <span class='ocrx_word' id='word_1_119' title='bbox 891 1096 1035 1138; x_wconf 83' lang='lat' dir='ltr'>veritas</span> <span class='ocrx_word' id='word_1_120' title='bbox 1059 1095 1137 1133; x_wconf 87' lang='lat' dir='ltr'>ulla</span> <span class='ocrx_word' id='word_1_121' title='bbox 1163 1101 1234 1134; x_wconf 88' lang='lat' dir='ltr'>est.</span> <span class='ocrx_word' id='word_1_122' title='bbox 1297 1093 1371 1134; x_wconf 87' lang='lat' dir='ltr'>Ubi</span> <span class='ocrx_word' id='word_1_123' title='bbox 1396 1107 1463 1134; x_wconf 89' lang='lat' dir='ltr'>ve-</span> 
     </span>
     <span class='ocr_line' id='line_1_17' title="bbox 131 1151 1461 1204; baseline 0.002 -15"><span class='ocrx_word' id='word_1_124' title='bbox 131 1152 226 1189; x_wconf 84' lang='lat' dir='ltr'>ritas</span> <span class='ocrx_word' id='word_1_125' title='bbox 252 1151 355 1189; x_wconf 87' lang='lat' dir='ltr'>nulla</span> <span class='ocrx_word' id='word_1_126' title='bbox 381 1159 458 1197; x_wconf 82' lang='lat' dir='ltr'>cst,</span> <span class='ocrx_word' id='word_1_127' title='bbox 485 1153 623 1191; x_wconf 85' lang='lat' dir='ltr'>merito</span> <span class='ocrx_word' id='word_1_128' title='bbox 650 1159 690 1190; x_wconf 93' lang='lat' dir='ltr'>et</span> <span class='ocrx_word' id='word_1_129' title='bbox 715 1152 802 1190; x_wconf 82' lang='lat' dir='ltr'>talis</span> <span class='ocrx_word' id='word_1_130' title='bbox 829 1151 1031 1204; x_wconf 86' lang='lat' dir='ltr'>disciplina</span> <span class='ocrx_word' id='word_1_131' title='bbox 1058 1159 1132 1191; x_wconf 91' lang='lat' dir='ltr'>est.</span> <span class='ocrx_word' id='word_1_132' title='bbox 1183 1151 1238 1191; x_wconf 89' lang='lat' dir='ltr'>At</span> <span class='ocrx_word' id='word_1_133' title='bbox 1261 1151 1327 1191; x_wconf 89' lang='lat' dir='ltr'>ubi</span> <span class='ocrx_word' id='word_1_134' title='bbox 1353 1151 1461 1199; x_wconf 85' lang='lat' dir='ltr'>deus,</span> 
     </span>
     <span class='ocr_line' id='line_1_18' title="bbox 130 1206 1463 1267; baseline 0.002 -21"><span class='ocrx_word' id='word_1_135' title='bbox 130 1208 184 1246; x_wconf 91' lang='lat' dir='ltr'>ibi</span> <span class='ocrx_word' id='word_1_136' title='bbox 210 1215 333 1246; x_wconf 91' lang='lat' dir='ltr'>metus</span> <span class='ocrx_word' id='word_1_137' title='bbox 363 1209 402 1246; x_wconf 91' lang='lat' dir='ltr'>in</span> <span class='ocrx_word' id='word_1_138' title='bbox 435 1208 566 1255; x_wconf 87' lang='lat' dir='ltr'>deum,</span> <span class='ocrx_word' id='word_1_139' title='bbox 601 1210 664 1261; x_wconf 89' lang='lat' dir='ltr'>qui</span> <span class='ocrx_word' id='word_1_140' title='bbox 691 1216 750 1247; x_wconf 87' lang='lat' dir='ltr'>est</span> <span class='ocrx_word' id='word_1_141' title='bbox 774 1210 926 1247; x_wconf 74' lang='lat' dir='ltr'>initiumv</span> <span class='ocrx_word' id='word_1_142' title='bbox 949 1206 1179 1261; x_wconf 40' lang='lat' dir='ltr'>sapientiae,</span> <span class='ocrx_word' id='word_1_143' title='bbox 1238 1208 1314 1253; x_wconf 88' lang='lat' dir='ltr'>Ubi</span> <span class='ocrx_word' id='word_1_144' title='bbox 1338 1216 1463 1267; x_wconf 48' lang='lat' dir='ltr'>muns</span> 
     </span>
     <span class='ocr_line' id='line_1_19' title="bbox 130 1264 1463 1318; baseline 0.002 -15"><span class='ocrx_word' id='word_1_145' title='bbox 130 1266 169 1303; x_wconf 92' lang='lat' dir='ltr'>in</span> <span class='ocrx_word' id='word_1_146' title='bbox 196 1264 321 1313; x_wconf 90' lang='lat' dir='ltr'>deum,</span> <span class='ocrx_word' id='word_1_147' title='bbox 348 1266 402 1304; x_wconf 90' lang='lat' dir='ltr'>ibi</span> <span class='ocrx_word' id='word_1_148' title='bbox 429 1268 610 1316; x_wconf 88' lang='lat' dir='ltr'>gravitas,</span> <span class='ocrx_word' id='word_1_149' title='bbox 638 1266 801 1305; x_wconf 92' lang='lat' dir='ltr'>honesta</span> <span class='ocrx_word' id='word_1_150' title='bbox 826 1273 867 1305; x_wconf 89' lang='lat' dir='ltr'>et</span> <span class='ocrx_word' id='word_1_151' title='bbox 891 1266 1092 1318; x_wconf 85' lang='lat' dir='ltr'>diligentia</span> <span class='ocrx_word' id='word_1_152' title='bbox 1117 1267 1282 1306; x_wconf 87' lang='lat' dir='ltr'>attonita</span> <span class='ocrx_word' id='word_1_153' title='bbox 1302 1273 1343 1306; x_wconf 83' lang='lat' dir='ltr'>et</span> <span class='ocrx_word' id='word_1_154' title='bbox 1367 1280 1463 1309; x_wconf 85' lang='lat' dir='ltr'>cura</span> 
     </span>
     <span class='ocr_line' id='line_1_20' title="bbox 132 1323 1463 1375; baseline 0.002 -15"><span class='ocrx_word' id='word_1_155' title='bbox 132 1323 302 1361; x_wconf 86' lang='lat' dir='ltr'>sollicita</span> <span class='ocrx_word' id='word_1_156' title='bbox 334 1330 373 1361; x_wconf 89' lang='lat' dir='ltr'>et</span> <span class='ocrx_word' id='word_1_157' title='bbox 404 1324 561 1362; x_wconf 87' lang='lat' dir='ltr'>allectio</span> <span class='ocrx_word' id='word_1_158' title='bbox 600 1324 802 1375; x_wconf 83' lang='lat' dir='ltr'>explorata</span> <span class='ocrx_word' id='word_1_159' title='bbox 835 1330 875 1362; x_wconf 89' lang='lat' dir='ltr'>et</span> <span class='ocrx_word' id='word_1_160' title='bbox 912 1325 1207 1362; x_wconf 88' lang='lat' dir='ltr'>communicatio</span> <span class='ocrx_word' id='word_1_161' title='bbox 1246 1323 1463 1364; x_wconf 87' lang='lat' dir='ltr'>deliberata</span> 
     </span>
     <span class='ocr_line' id='line_1_21' title="bbox 130 1380 1462 1433; baseline 0.002 -16"><span class='ocrx_word' id='word_1_162' title='bbox 130 1386 171 1417; x_wconf 89' lang='lat' dir='ltr'>et</span> <span class='ocrx_word' id='word_1_163' title='bbox 194 1380 386 1430; x_wconf 88' lang='lat' dir='ltr'>promotio</span> <span class='ocrx_word' id='word_1_164' title='bbox 414 1382 575 1419; x_wconf 88' lang='lat' dir='ltr'>emerita</span> <span class='ocrx_word' id='word_1_165' title='bbox 607 1388 647 1418; x_wconf 89' lang='lat' dir='ltr'>ct</span> <span class='ocrx_word' id='word_1_166' title='bbox 678 1380 866 1419; x_wconf 88' lang='lat' dir='ltr'>subiectio</span> <span class='ocrx_word' id='word_1_167' title='bbox 892 1381 1078 1432; x_wconf 75' lang='lat' dir='ltr'>religiosa</span> <span class='ocrx_word' id='word_1_168' title='bbox 1105 1388 1145 1419; x_wconf 91' lang='lat' dir='ltr'>et</span> <span class='ocrx_word' id='word_1_169' title='bbox 1174 1382 1366 1433; x_wconf 86' lang='lat' dir='ltr'>apparitio</span> <span class='ocrx_word' id='word_1_170' title='bbox 1392 1380 1462 1421; x_wconf 86' lang='lat' dir='ltr'>de-</span> 
     </span>
     <span class='ocr_line' id='line_1_22' title="bbox 129 1437 1459 1488; baseline 0.002 -14"><span class='ocrx_word' id='word_1_171' title='bbox 129 1443 220 1474; x_wconf 86' lang='lat' dir='ltr'>vota</span> <span class='ocrx_word' id='word_1_172' title='bbox 246 1444 286 1475; x_wconf 90' lang='lat' dir='ltr'>et</span> <span class='ocrx_word' id='word_1_173' title='bbox 310 1438 510 1488; x_wconf 85' lang='lat' dir='ltr'>processio</span> <span class='ocrx_word' id='word_1_174' title='bbox 538 1437 712 1475; x_wconf 88' lang='lat' dir='ltr'>modesta</span> <span class='ocrx_word' id='word_1_175' title='bbox 743 1445 784 1475; x_wconf 89' lang='lat' dir='ltr'>ct</span> <span class='ocrx_word' id='word_1_176' title='bbox 813 1437 983 1476; x_wconf 81' lang='lat' dir='ltr'>ecclesia</span> <span class='ocrx_word' id='word_1_177' title='bbox 1014 1439 1120 1476; x_wconf 89' lang='lat' dir='ltr'>unita</span> <span class='ocrx_word' id='word_1_178' title='bbox 1151 1445 1191 1477; x_wconf 89' lang='lat' dir='ltr'>et</span> <span class='ocrx_word' id='word_1_179' title='bbox 1221 1438 1284 1476; x_wconf 88' lang='lat' dir='ltr'>dei</span> <span class='ocrx_word' id='word_1_180' title='bbox 1317 1439 1459 1478; x_wconf 79' lang='lat' dir='ltr'>omnia.</span> 
     </span>
    </p>

    <p class='ocr_par' dir='ltr' id='par_1_4' title="bbox 124 1494 1501 2235">
     <span class='ocr_line' id='line_1_23' title="bbox 244 1494 1461 1547; baseline 0 -12"><span class='ocrx_word' id='word_1_181' title='bbox 244 1498 314 1535; x_wconf 83' lang='lat'>44.</span> <span class='ocrx_word' id='word_1_182' title='bbox 363 1494 530 1533; x_wconf 88' lang='lat' dir='ltr'>Proinde</span> <span class='ocrx_word' id='word_1_183' title='bbox 563 1495 660 1533; x_wconf 87' lang='lat' dir='ltr'>haec</span> <span class='ocrx_word' id='word_1_184' title='bbox 692 1495 897 1547; x_wconf 87' lang='lat' dir='ltr'>pressioris</span> <span class='ocrx_word' id='word_1_185' title='bbox 928 1494 1029 1547; x_wconf 86' lang='lat' dir='ltr'>apud</span> <span class='ocrx_word' id='word_1_186' title='bbox 1060 1509 1131 1534; x_wconf 91' lang='lat' dir='ltr'>nos</span> <span class='ocrx_word' id='word_1_187' title='bbox 1156 1497 1378 1535; x_wconf 80' lang='lat' dir='ltr'>testimonia</span> <span class='ocrx_word' id='word_1_188' title='bbox 1402 1495 1461 1536; x_wconf 82' lang='lat' dir='ltr'>di-</span> 
     </span>
     <span class='ocr_line' id='line_1_24' title="bbox 130 1551 1460 1605; baseline 0.004 -17"><span class='ocrx_word' id='word_1_189' title='bbox 130 1551 318 1602; x_wconf 87' lang='lat' dir='ltr'>sciplinae</span> <span class='ocrx_word' id='word_1_190' title='bbox 345 1551 392 1589; x_wconf 87' lang='lat' dir='ltr'>ad</span> <span class='ocrx_word' id='word_1_191' title='bbox 418 1552 687 1603; x_wconf 86' lang='lat' dir='ltr'>probationem</span> <span class='ocrx_word' id='word_1_192' title='bbox 719 1553 895 1591; x_wconf 83' lang='lat' dir='ltr'>veritatis</span> <span class='ocrx_word' id='word_1_193' title='bbox 929 1551 1140 1600; x_wconf 80' lang='lat' dir='ltr'>accedunt,</span> <span class='ocrx_word' id='word_1_194' title='bbox 1178 1567 1202 1592; x_wconf 92' lang='lat' dir='ltr'>a</span> <span class='ocrx_word' id='word_1_195' title='bbox 1234 1567 1307 1605; x_wconf 88' lang='lat' dir='ltr'>qua</span> <span class='ocrx_word' id='word_1_196' title='bbox 1333 1553 1460 1593; x_wconf 86' lang='lat' dir='ltr'>diver-</span> 
     </span>
     <span class='ocr_line' id='line_1_25' title="bbox 128 1609 1459 1664; baseline 0.004 -19"><span class='ocrx_word' id='word_1_197' title='bbox 128 1615 213 1646; x_wconf 85' lang='lat' dir='ltr'>tere</span> <span class='ocrx_word' id='word_1_198' title='bbox 251 1609 393 1647; x_wconf 91' lang='lat' dir='ltr'>nemini</span> <span class='ocrx_word' id='word_1_199' title='bbox 431 1609 607 1661; x_wconf 87' lang='lat' dir='ltr'>expedit,</span> <span class='ocrx_word' id='word_1_200' title='bbox 659 1611 721 1661; x_wconf 91' lang='lat' dir='ltr'>qui</span> <span class='ocrx_word' id='word_1_201' title='bbox 759 1610 977 1649; x_wconf 88' lang='lat' dir='ltr'>meminerit</span> <span class='ocrx_word' id='word_1_202' title='bbox 1019 1611 1137 1649; x_wconf 85' lang='lat' dir='ltr'>futuri</span> <span class='ocrx_word' id='word_1_203' title='bbox 1181 1610 1332 1658; x_wconf 78' lang='lat' dir='ltr'>iudicii,</span> <span class='ocrx_word' id='word_1_204' title='bbox 1384 1624 1459 1664; x_wconf 87' lang='lat' dir='ltr'>quo</span> 
     </span>
     <span class='ocr_line' id='line_1_26' title="bbox 130 1666 1459 1719; baseline 0.005 -17"><span class='ocrx_word' id='word_1_205' title='bbox 130 1678 261 1704; x_wconf 81' lang='lat' dir='ltr'>omnes</span> <span class='ocrx_word' id='word_1_206' title='bbox 287 1679 357 1704; x_wconf 92' lang='lat' dir='ltr'>nos</span> <span class='ocrx_word' id='word_1_207' title='bbox 383 1679 545 1706; x_wconf 87' lang='lat' dir='ltr'>necesse</span> <span class='ocrx_word' id='word_1_208' title='bbox 572 1674 632 1706; x_wconf 91' lang='lat' dir='ltr'>est</span> <span class='ocrx_word' id='word_1_209' title='bbox 657 1666 758 1719; x_wconf 88' lang='lat' dir='ltr'>apud</span> <span class='ocrx_word' id='word_1_210' title='bbox 786 1667 929 1706; x_wconf 87' lang='lat' dir='ltr'>Christi</span> <span class='ocrx_word' id='word_1_211' title='bbox 962 1668 1128 1714; x_wconf 85' lang='lat' dir='ltr'>tribunal</span> <span class='ocrx_word' id='word_1_212' title='bbox 1154 1667 1330 1716; x_wconf 84' lang='lat' dir='ltr'>adstare,</span> <span class='ocrx_word' id='word_1_213' title='bbox 1369 1668 1459 1708; x_wconf 84' lang='lat' dir='ltr'>red-</span> 
     </span>
     <span class='ocr_line' id='line_1_27' title="bbox 129 1721 1458 1777; baseline 0.004 -17"><span class='ocrx_word' id='word_1_214' title='bbox 129 1721 265 1761; x_wconf 90' lang='lat' dir='ltr'>dentes</span> <span class='ocrx_word' id='word_1_215' title='bbox 290 1724 479 1762; x_wconf 87' lang='lat' dir='ltr'>rationem</span> <span class='ocrx_word' id='word_1_216' title='bbox 512 1725 550 1762; x_wconf 91' lang='lat' dir='ltr'>in</span> <span class='ocrx_word' id='word_1_217' title='bbox 575 1725 708 1776; x_wconf 89' lang='lat' dir='ltr'>primis</span> <span class='ocrx_word' id='word_1_218' title='bbox 740 1726 859 1776; x_wconf 90' lang='lat' dir='ltr'>ipsius</span> <span class='ocrx_word' id='word_1_219' title='bbox 892 1725 995 1770; x_wconf 77' lang='lat' dir='ltr'>fidei.</span> <span class='ocrx_word' id='word_1_220' title='bbox 1055 1725 1158 1773; x_wconf 76' lang='lat' dir='ltr'>&#39;Quid</span> <span class='ocrx_word' id='word_1_221' title='bbox 1190 1739 1285 1777; x_wconf 85' lang='lat' dir='ltr'>ergo</span> <span class='ocrx_word' id='word_1_222' title='bbox 1313 1725 1458 1774; x_wconf 79' lang='lat' dir='ltr'>(licent,</span> 
     </span>
     <span class='ocr_line' id='line_1_28' title="bbox 131 1781 1459 1835; baseline 0.004 -18"><span class='ocrx_word' id='word_1_223' title='bbox 131 1781 194 1831; x_wconf 90' lang='lat' dir='ltr'>qui</span> <span class='ocrx_word' id='word_1_224' title='bbox 220 1781 323 1818; x_wconf 91' lang='lat' dir='ltr'>illam</span> <span class='ocrx_word' id='word_1_225' title='bbox 350 1782 610 1832; x_wconf 87' lang='lat' dir='ltr'>stupraverint</span> <span class='ocrx_word' id='word_1_226' title='bbox 628 1781 830 1821; x_wconf 76' lang='lat' dir='ltr'>adulterio</span> <span class='ocrx_word' id='word_1_227' title='bbox 863 1783 1086 1832; x_wconf 86' lang='lat' dir='ltr'>haeretico,</span> <span class='ocrx_word' id='word_1_228' title='bbox 1124 1784 1312 1835; x_wconf 84' lang='lat' dir='ltr'>virginem</span> <span class='ocrx_word' id='word_1_229' title='bbox 1338 1783 1459 1823; x_wconf 87' lang='lat' dir='ltr'>tradi—</span> 
     </span>
     <span class='ocr_line' id='line_1_29' title="bbox 126 1837 1501 1893; baseline 0.005 -19"><span class='ocrx_word' id='word_1_230' title='bbox 126 1844 203 1875; x_wconf 90' lang='lat' dir='ltr'>tam</span> <span class='ocrx_word' id='word_1_231' title='bbox 229 1851 252 1875; x_wconf 93' lang='lat' dir='ltr'>a</span> <span class='ocrx_word' id='word_1_232' title='bbox 278 1837 458 1876; x_wconf 84' lang='lat' dir='ltr'>Christo?</span> <span class='ocrx_word' id='word_1_233' title='bbox 507 1839 634 1878; x_wconf 92' lang='lat' dir='ltr'>Credo</span> <span class='ocrx_word' id='word_1_234' title='bbox 662 1840 886 1891; x_wconf 78' lang='lat' dir='ltr'>allegabunt</span> <span class='ocrx_word' id='word_1_235' title='bbox 905 1841 1003 1879; x_wconf 78' lang='lat' dir='ltr'>nihil</span> <span class='ocrx_word' id='word_1_236' title='bbox 1030 1854 1192 1893; x_wconf 89' lang='lat' dir='ltr'>unquam</span> <span class='ocrx_word' id='word_1_237' title='bbox 1218 1841 1291 1880; x_wconf 86' lang='lat' dir='ltr'>sibi</span> <span class='ocrx_word' id='word_1_238' title='bbox 1316 1841 1364 1881; x_wconf 88' lang='lat' dir='ltr'>ab</span> <span class='ocrx_word' id='word_1_239' title='bbox 1390 1842 1458 1880; x_wconf 94' lang='lat' dir='ltr'>illo</span> <span class='ocrx_word' id='word_1_240' title='bbox 1499 1852 1501 1854; x_wconf 77' lang='grc'><strong><em>·</em></strong></span> 
     </span>
     <span class='ocr_line' id='line_1_30' title="bbox 125 1894 1459 1950; baseline 0.005 -19"><span class='ocrx_word' id='word_1_241' title='bbox 125 1895 188 1932; x_wconf 90' lang='lat' dir='ltr'>vel</span> <span class='ocrx_word' id='word_1_242' title='bbox 214 1894 262 1932; x_wconf 87' lang='lat' dir='ltr'>ab</span> <span class='ocrx_word' id='word_1_243' title='bbox 288 1896 475 1946; x_wconf 90' lang='lat' dir='ltr'>apostolis</span> <span class='ocrx_word' id='word_1_244' title='bbox 501 1897 583 1934; x_wconf 90' lang='lat' dir='ltr'>eius</span> <span class='ocrx_word' id='word_1_245' title='bbox 609 1896 657 1935; x_wconf 92' lang='lat' dir='ltr'>de</span> <span class='ocrx_word' id='word_1_246' title='bbox 684 1899 782 1936; x_wconf 90' lang='lat' dir='ltr'>seris</span> <span class='ocrx_word' id='word_1_247' title='bbox 795 1899 834 1946; x_wconf 83' lang='lat'>2)</span> <span class='ocrx_word' id='word_1_248' title='bbox 862 1905 902 1936; x_wconf 92' lang='lat' dir='ltr'>et</span> <span class='ocrx_word' id='word_1_249' title='bbox 925 1900 1119 1950; x_wconf 89' lang='lat' dir='ltr'>perversis</span> <span class='ocrx_word' id='word_1_250' title='bbox 1144 1898 1332 1938; x_wconf 88' lang='lat' dir='ltr'>doctrinis</span> <span class='ocrx_word' id='word_1_251' title='bbox 1356 1899 1459 1938; x_wconf 81' lang='lat' dir='ltr'>futu-</span> 
     </span>
     <span class='ocr_line' id='line_1_31' title="bbox 126 1949 1458 2009; baseline 0.006 -21"><span class='ocrx_word' id='word_1_252' title='bbox 126 1951 179 1989; x_wconf 93' lang='lat' dir='ltr'>ris</span> <span class='ocrx_word' id='word_1_253' title='bbox 217 1949 504 2009; x_wconf 86' lang='lat' dir='ltr'>pronuntiatum</span> <span class='ocrx_word' id='word_1_254' title='bbox 542 1960 582 1991; x_wconf 90' lang='lat' dir='ltr'>et</span> <span class='ocrx_word' id='word_1_255' title='bbox 618 1953 672 2003; x_wconf 21' lang='lat' dir='ltr'>de,</span> <span class='ocrx_word' id='word_1_256' title='bbox 700 1954 882 1993; x_wconf 88' lang='lat' dir='ltr'>cavendis</span> <span class='ocrx_word' id='word_1_257' title='bbox 913 1962 953 1993; x_wconf 91' lang='lat' dir='ltr'>et</span> <span class='ocrx_word' id='word_1_258' title='bbox 978 1954 1318 1995; x_wconf 74' lang='lat' dir='ltr'>de-ahominandis</span> <span class='ocrx_word' id='word_1_259' title='bbox 1342 1965 1458 2009; x_wconf 83' lang='lat' dir='ltr'>prae-</span> 
     </span>
     <span class='ocr_line' id='line_1_32' title="bbox 127 2007 1458 2066; baseline 0.005 -20"><span class='ocrx_word' id='word_1_260' title='bbox 127 2015 295 2060; x_wconf 89' lang='lat' dir='ltr'>ceptum.</span> <span class='ocrx_word' id='word_1_261' title='bbox 356 2007 586 2060; x_wconf 88' lang='lat' dir='ltr'>Agnoscent</span> <span class='ocrx_word' id='word_1_262' title='bbox 617 2024 721 2049; x_wconf 89' lang='lat' dir='ltr'>suam</span> <span class='ocrx_word' id='word_1_263' title='bbox 754 2013 881 2063; x_wconf 90' lang='lat' dir='ltr'>potius</span> <span class='ocrx_word' id='word_1_264' title='bbox 914 2012 1063 2063; x_wconf 89' lang='lat' dir='ltr'>culpam</span> <span class='ocrx_word' id='word_1_265' title='bbox 1102 2020 1142 2052; x_wconf 91' lang='lat' dir='ltr'>et</span> <span class='ocrx_word' id='word_1_266' title='bbox 1179 2012 1352 2061; x_wconf 75' lang='lat' dir='ltr'>suoru&#39;m,</span> <span class='ocrx_word' id='word_1_267' title='bbox 1393 2015 1458 2066; x_wconf 90' lang='lat' dir='ltr'>qui</span> 
     </span>
     <span class='ocr_line' id='line_1_33' title="bbox 124 2067 1458 2122; baseline 0.006 -19"><span class='ocrx_word' id='word_1_268' title='bbox 124 2079 196 2104; x_wconf 90' lang='lat' dir='ltr'>nos</span> <span class='ocrx_word' id='word_1_269' title='bbox 221 2080 298 2104; x_wconf 90' lang='lat' dir='ltr'>non</span> <span class='ocrx_word' id='word_1_270' title='bbox 323 2074 413 2105; x_wconf 89' lang='lat' dir='ltr'>ante</span> <span class='ocrx_word' id='word_1_271' title='bbox 439 2069 821 2119; x_wconf 80' lang='lat' dir='ltr'>praestruxerunt3).</span> <span class='ocrx_word' id='word_1_272' title='bbox 877 2067 1078 2108; x_wconf 86' lang='lat' dir='ltr'>Adiicient</span> <span class='ocrx_word' id='word_1_273' title='bbox 1108 2078 1314 2122; x_wconf 82' lang='lat' dir='ltr'>praeterea</span> <span class='ocrx_word' id='word_1_274' title='bbox 1338 2072 1458 2111; x_wconf 85' lang='lat' dir='ltr'>multa</span> 
     </span>
     <span class='ocr_line' id='line_1_34' title="bbox 125 2122 1456 2178; baseline 0.006 -17"><span class='ocrx_word' id='word_1_275' title='bbox 125 2122 174 2162; x_wconf 90' lang='lat' dir='ltr'>de</span> <span class='ocrx_word' id='word_1_276' title='bbox 212 2125 445 2163; x_wconf 88' lang='lat' dir='ltr'>auctoritate</span> <span class='ocrx_word' id='word_1_277' title='bbox 484 2127 666 2178; x_wconf 87' lang='lat' dir='ltr'>cuiusque</span> <span class='ocrx_word' id='word_1_278' title='bbox 705 2125 879 2174; x_wconf 83' lang='lat' dir='ltr'>doctoris</span> <span class='ocrx_word' id='word_1_279' title='bbox 917 2127 1128 2176; x_wconf 84' lang='lat' dir='ltr'>hacretici3</span> <span class='ocrx_word' id='word_1_280' title='bbox 1166 2129 1255 2167; x_wconf 91' lang='lat' dir='ltr'>illos</span> <span class='ocrx_word' id='word_1_281' title='bbox 1291 2130 1456 2169; x_wconf 82' lang='lat' dir='ltr'>maxime</span> 
     </span>
     <span class='ocr_line' id='line_1_35' title="bbox 125 2180 1456 2235; baseline 0.006 -16"><span class='ocrx_word' id='word_1_282' title='bbox 125 2180 328 2220; x_wconf 84' lang='lat' dir='ltr'>doctrinae</span> <span class='ocrx_word' id='word_1_283' title='bbox 355 2195 447 2221; x_wconf 89' lang='lat' dir='ltr'>suae</span> <span class='ocrx_word' id='word_1_284' title='bbox 473 2182 587 2222; x_wconf 87' lang='lat' dir='ltr'>fidem</span> <span class='ocrx_word' id='word_1_285' title='bbox 614 2183 893 2232; x_wconf 71' lang='lat' dir='ltr'>confirmasse,</span> <span class='ocrx_word' id='word_1_286' title='bbox 920 2192 1092 2224; x_wconf 88' lang='lat' dir='ltr'>mortuos</span> <span class='ocrx_word' id='word_1_287' title='bbox 1125 2187 1353 2235; x_wconf 56' lang='lat' dir='ltr'>suscitasse}</span> <span class='ocrx_word' id='word_1_288' title='bbox 1387 2185 1456 2227; x_wconf 77' lang='lat' dir='ltr'>de-</span> 
     </span>
    </p>
   </div>
   <div class='ocr_carea' id='block_1_3' title="bbox 123 2319 1456 2413">
    <p class='ocr_par' dir='ltr' id='par_1_5' title="bbox 123 2319 1456 2413">
     <span class='ocr_line' id='line_1_36' title="bbox 215 2319 1456 2366; baseline 0.006 -15"><span class='ocrx_word' id='word_1_289' title='bbox 215 2319 249 2361; x_wconf 92' lang='grc'>1)</span> <span class='ocrx_word' id='word_1_290' title='bbox 274 2321 380 2352; x_wconf 86' lang='lat' dir='ltr'>Rhen.</span> <span class='ocrx_word' id='word_1_291' title='bbox 409 2322 532 2361; x_wconf 82' lang='lat' dir='ltr'>quasi</span> <span class='ocrx_word' id='word_1_292' title='bbox 561 2322 770 2357; x_wconf 82' lang='lat' dir='ltr'>sibilatae</span> <span class='ocrx_word' id='word_1_293' title='bbox 801 2332 889 2364; x_wconf 84' lang='lat' dir='ltr'>vag.</span> <span class='ocrx_word' id='word_1_294' title='bbox 938 2325 1066 2357; x_wconf 76' lang='lat' dir='ltr'>Pamel.</span> <span class='ocrx_word' id='word_1_295' title='bbox 1095 2327 1300 2358; x_wconf 75' lang='lat' dir='ltr'>extorres</span> <span class='ocrx_word' id='word_1_296' title='bbox 1331 2327 1456 2366; x_wconf 74' lang='lat' dir='ltr'>quani</span> 
     </span>
     <span class='ocr_line' id='line_1_37' title="bbox 123 2366 1455 2413; baseline 0.006 -16"><span class='ocrx_word' id='word_1_297' title='bbox 123 2366 223 2408; x_wconf 74' lang='lat' dir='ltr'>sibi,</span> <span class='ocrx_word' id='word_1_298' title='bbox 250 2367 339 2398; x_wconf 78' lang='lat' dir='ltr'>late</span> <span class='ocrx_word' id='word_1_299' title='bbox 371 2377 460 2408; x_wconf 78' lang='lat' dir='ltr'>vag.</span> <span class='ocrx_word' id='word_1_300' title='bbox 514 2369 657 2410; x_wconf 79' lang='lat' dir='ltr'>Rigaltii</span> <span class='ocrx_word' id='word_1_301' title='bbox 681 2369 957 2402; x_wconf 85' lang='lat' dir='ltr'>emendationem</span> <span class='ocrx_word' id='word_1_302' title='bbox 989 2373 1220 2411; x_wconf 63' lang='lat' dir='ltr'>probavimus.</span> <span class='ocrx_word' id='word_1_303' title='bbox 1288 2386 1290 2388; x_wconf 62' lang='grc'>’</span> <span class='ocrx_word' id='word_1_304' title='bbox 1337 2373 1375 2413; x_wconf 79' lang='lat'>2)</span> <span class='ocrx_word' id='word_1_305' title='bbox 1401 2374 1455 2405; x_wconf 71' lang='lat' dir='ltr'>na</span> 
     </span>
    </p>
   </div>
   <div class='ocr_carea' id='block_1_4' title="bbox 121 2410 1518 2458">
    <p class='ocr_par' dir='ltr' id='par_1_6' title="bbox 121 2410 1518 2458">
     <span class='ocr_line' id='line_1_38' title="bbox 121 2410 1518 2458; baseline 0.007 -16"><span class='ocrx_word' id='word_1_306' title='bbox 121 2412 196 2452; x_wconf 84' lang='lat' dir='ltr'>Rig.</span> <span class='ocrx_word' id='word_1_307' title='bbox 210 2422 229 2443; x_wconf 92' lang='lat' dir='ltr'>e</span> <span class='ocrx_word' id='word_1_308' title='bbox 244 2414 317 2446; x_wconf 84' lang='lat' dir='ltr'>cod.</span> <span class='ocrx_word' id='word_1_309' title='bbox 332 2410 447 2445; x_wconf 76' lang='lat' dir='ltr'>Ursini</span> <span class='ocrx_word' id='word_1_310' title='bbox 461 2425 470 2454; x_wconf 88' lang='lat'>;</span> <span class='ocrx_word' id='word_1_311' title='bbox 495 2415 637 2454; x_wconf 78' lang='lat' dir='ltr'>reliqui:</span> <span class='ocrx_word' id='word_1_312' title='bbox 663 2415 816 2446; x_wconf 76' lang='lat' dir='ltr'>saevis.</span> <span class='ocrx_word' id='word_1_313' title='bbox 913 2417 950 2458; x_wconf 89' lang='lat'>3)</span> <span class='ocrx_word' id='word_1_314' title='bbox 974 2419 1072 2450; x_wconf 79' lang='lat' dir='ltr'>Hanc</span> <span class='ocrx_word' id='word_1_315' title='bbox 1087 2419 1226 2451; x_wconf 84' lang='lat' dir='ltr'>Gelenii</span> <span class='ocrx_word' id='word_1_316' title='bbox 1239 2419 1452 2456; x_wconf 78' lang='lat' dir='ltr'>emendatio·</span> <span class='ocrx_word' id='word_1_317' title='bbox 1509 2418 1518 2427; x_wconf 92' lang='grc'><em>“</em></span> 
     </span>
    </p>
   </div>
   <div class='ocr_carea' id='block_1_5' title="bbox 121 2461 1451 2638">
    <p class='ocr_par' dir='ltr' id='par_1_7' title="bbox 121 2461 1451 2638">
     <span class='ocr_line' id='line_1_39' title="bbox 121 2461 1451 2508; baseline 0.008 -20"><span class='ocrx_word' id='word_1_318' title='bbox 121 2467 200 2488; x_wconf 85' lang='lat' dir='ltr'>nem</span> <span class='ocrx_word' id='word_1_319' title='bbox 226 2461 351 2491; x_wconf 80' lang='lat' dir='ltr'>ceteris</span> <span class='ocrx_word' id='word_1_320' title='bbox 378 2462 638 2500; x_wconf 83' lang='lat' dir='ltr'>praeferendam</span> <span class='ocrx_word' id='word_1_321' title='bbox 663 2471 799 2493; x_wconf 84' lang='lat' dir='ltr'>censeo.</span> <span class='ocrx_word' id='word_1_322' title='bbox 848 2463 955 2494; x_wconf 85' lang='lat' dir='ltr'>Rhen.</span> <span class='ocrx_word' id='word_1_323' title='bbox 977 2465 1161 2508; x_wconf 85' lang='lat' dir='ltr'>culpam,</span> <span class='ocrx_word' id='word_1_324' title='bbox 1188 2474 1316 2504; x_wconf 79' lang='lat' dir='ltr'>quam</span> <span class='ocrx_word' id='word_1_325' title='bbox 1342 2475 1451 2498; x_wconf 75' lang='lat' dir='ltr'>suo-</span> 
     </span>
     <span class='ocr_line' id='line_1_40' title="bbox 122 2506 1450 2552; baseline 0.008 -19"><span class='ocrx_word' id='word_1_326' title='bbox 122 2512 227 2542; x_wconf 87' lang='lat' dir='ltr'>rum,</span> <span class='ocrx_word' id='word_1_327' title='bbox 264 2506 334 2543; x_wconf 91' lang='lat' dir='ltr'>qui</span> <span class='ocrx_word' id='word_1_328' title='bbox 372 2516 447 2538; x_wconf 82' lang='lat' dir='ltr'>nos</span> <span class='ocrx_word' id='word_1_329' title='bbox 484 2509 583 2539; x_wconf 76' lang='lat' dir='ltr'>ante</span> <span class='ocrx_word' id='word_1_330' title='bbox 619 2509 806 2548; x_wconf 75' lang='lat' dir='ltr'>praestr.</span> <span class='ocrx_word' id='word_1_331' title='bbox 867 2509 994 2542; x_wconf 81' lang='lat' dir='ltr'>Pamel.</span> <span class='ocrx_word' id='word_1_332' title='bbox 1021 2511 1142 2551; x_wconf 88' lang='lat' dir='ltr'>culp.,</span> <span class='ocrx_word' id='word_1_333' title='bbox 1174 2518 1294 2550; x_wconf 76' lang='lat' dir='ltr'>quam</span> <span class='ocrx_word' id='word_1_334' title='bbox 1320 2520 1450 2552; x_wconf 61' lang='lat' dir='ltr'>suom,</span> 
     </span>
     <span class='ocr_line' id='line_1_41' title="bbox 122 2550 1450 2598; baseline 0.01 -20"><span class='ocrx_word' id='word_1_335' title='bbox 122 2550 194 2587; x_wconf 83' lang='lat' dir='ltr'>qui</span> <span class='ocrx_word' id='word_1_336' title='bbox 219 2559 295 2580; x_wconf 78' lang='lat' dir='ltr'>nos</span> <span class='ocrx_word' id='word_1_337' title='bbox 322 2561 401 2582; x_wconf 90' lang='lat' dir='ltr'>non</span> <span class='ocrx_word' id='word_1_338' title='bbox 428 2556 526 2584; x_wconf 78' lang='lat' dir='ltr'>ante</span> <span class='ocrx_word' id='word_1_339' title='bbox 552 2555 732 2593; x_wconf 82' lang='lat' dir='ltr'>praestr.</span> <span class='ocrx_word' id='word_1_340' title='bbox 782 2554 857 2594; x_wconf 68' lang='grc' dir='ltr'>Εἰς.</span> <span class='ocrx_word' id='word_1_341' title='bbox 882 2557 1321 2598; x_wconf 68' lang='lat' dir='ltr'>Agnoscunt—quam</span> <span class='ocrx_word' id='word_1_342' title='bbox 1345 2559 1450 2591; x_wconf 85' lang='lat' dir='ltr'>illo-</span> 
     </span>
     <span class='ocr_line' id='line_1_42' title="bbox 121 2596 909 2638; baseline 0.009 -13"><span class='ocrx_word' id='word_1_343' title='bbox 121 2605 228 2635; x_wconf 86' lang='lat' dir='ltr'>rum,</span> <span class='ocrx_word' id='word_1_344' title='bbox 256 2596 428 2634; x_wconf 79' lang='lat' dir='ltr'>quinos</span> <span class='ocrx_word' id='word_1_345' title='bbox 455 2601 576 2632; x_wconf 81' lang='lat' dir='ltr'>tanto</span> <span class='ocrx_word' id='word_1_346' title='bbox 603 2603 700 2632; x_wconf 76' lang='lat' dir='ltr'>ante</span> <span class='ocrx_word' id='word_1_347' title='bbox 726 2603 909 2638; x_wconf 81' lang='lat' dir='ltr'>praestr.</span> 
     </span>
    </p>
   </div>
  </div>
 </body>
</html>
