1618 2860
198 218 236 253 4·
355 218 428 248 DE
464 214 1099 248 PRAESCRIPTIONIBUS
1136 209 1386 246 HAERET.

199 311 269 349 hus
294 310 391 348 male
425 309 651 348 examinatis
688 308 897 346 iniectione
914 309 951 358 1)
990 307 1152 346 alieuius
1190 307 1278 345 mali
1311 306 1525 358 impingere

199 381 270 419 per
295 380 479 406 errorem.

316 428 353 465 5.
403 423 526 461 Porro
559 424 590 461 si
616 422 876 462 dissensiones
902 430 941 461 et
967 423 1172 461 schismata
1197 422 1392 473 increpat,
1429 433 1526 472 quae

201 484 282 520 sine
310 481 426 519 dubio
458 481 556 518 mala
589 488 693 527 sunt,
726 487 765 518 et
795 482 834 518 in
868 481 1079 519 continenti
1105 481 1287 518 haereses
1313 478 1526 529 subiungit3

201 538 302 590 quod
333 538 442 576 malis
481 537 671 589 adiungit,
711 538 847 575 malum
882 539 1012 589 utique
1045 538 1266 589 profitetur,
1306 542 1346 575 et
1375 535 1527 587 quidem

200 597 339 643 maius3
385 609 468 633 eum
506 594 606 634 idem
646 594 857 633 credidisse
896 608 936 633 se
975 594 1079 632 dicat
1111 593 1158 632 de
1190 593 1458 632 schismatibus
1482 599 1530 641 =et

202 652 520 699 dissensionibus,
555 654 641 704 quia
667 654 785 690 sciret
811 654 924 690 etiam
950 653 1133 690 haereses
1160 658 1343 702 oportere
1370 662 1456 689 esse
1469 650 1528 702 2).

203 709 380 749 Ostendit
412 711 509 748 enim
538 711 729 762 gravioris
761 711 849 748 mali
875 709 1061 761 despectu
1093 708 1140 746 de
1171 707 1378 746 levioribus
1404 720 1445 746 se
1471 707 1529 745 fa·

205 768 278 806 cile
307 767 532 814 credidisse,
562 775 668 806 certe
696 781 771 805 non
796 775 837 805 ut
862 766 951 805 ideo
980 766 1026 805 de
1053 767 1161 804 malis
1189 764 1412 812 crediderit,
1441 765 1530 817 quia

202 825 384 862 haereses
422 825 546 862 bonae
592 832 738 870 essent,
783 824 851 863 sed
881 826 935 862 uti
967 823 1014 862 de
1053 824 1197 875 peioris
1230 835 1379 875 quoque
1412 829 1529 860 notae

202 881 478 919 tentationibus
505 888 795 933 praemoneret,
831 893 906 918 non
934 894 1018 918 esse
1045 880 1275 926 mirandum,
1305 893 1397 931 quas
1424 879 1531 918 diee-

201 946 263 977 ret
299 937 459 976 tendere
491 938 539 976 ad
572 939 792 989 probabiles
825 952 994 990 quosque
1021 936 1339 984 manifestandos,
1379 938 1532 976 scilieet:

203 1009 297 1047 quos
324 993 398 1033 no'n
424 997 620 1046 potuerint
646 995 871 1047 depravare.
921 995 1094 1046 Denique
1121 996 1151 1033 si
1178 1002 1296 1033 totum
1324 995 1530 1047 capitulum

203 1052 251 1090 ad
279 1053 461 1091 unitatem
489 1052 759 1091 continendam
786 1061 825 1091 et
850 1054 1114 1104 separationes
1143 1051 1384 1091 coercendas
1416 1053 1529 1104 sapit,

202 1110 385 1148 haereses
411 1123 503 1149 vero
531 1124 605 1148 non
639 1112 759 1153 minus
793 1111 839 1148 ab
866 1112 1011 1149 unitate
1045 1110 1246 1157 divellunt,
1288 1123 1396 1162 quam
1429 1109 1531 1148 sehi-

203 1174 323 1204 smata
356 1174 396 1205 et
427 1167 706 1206 dissensiones:
748 1169 829 1206 sine
862 1167 978 1206 dubio
1017 1175 1056 1206 et
1086 1168 1270 1206 haereses
1300 1168 1339 1206 in
1365 1180 1413 1206 ea
1438 1180 1532 1206 con-

203 1222 349 1261 ditione
387 1225 699 1278 reprehensionis
739 1226 947 1272 constituit,
987 1227 1025 1262 in
1064 1234 1135 1277 qua
1173 1232 1213 1263 et
1249 1225 1460 1264 schismata
1491 1230 1533 1263 et

204 1278 475 1318 dissensiones.
549 1280 608 1319 Ae
642 1295 712 1333 per
745 1282 818 1320 hoc
852 1296 927 1319 non
961 1295 1030 1320 eos
1062 1282 1283 1334 probabiles
1314 1283 1428 1327 facit,
1468 1281 1533 1333 qui

203 1339 241 1374 in
267 1336 450 1375 haereses
476 1337 719 1384 diverterint,
760 1353 843 1376 eum
881 1341 1043 1377 maxime
1082 1339 1220 1378 diverti
1257 1340 1304 1378 ab
1343 1337 1532 1378 eiusmodi

205 1393 402 1445 obiurget,
454 1390 624 1433 edocens
660 1409 772 1433 unum
823 1409 955 1434 omnes
994 1397 1096 1448 loqui
1148 1404 1188 1435 et
1234 1396 1274 1435 id
1310 1397 1431 1450 ipsum
1470 1409 1532 1435 sa-

203 1463 296 1501 pere
311 1452 369 1499 3),
398 1451 498 1504 quod
525 1453 641 1490 etiam
667 1453 848 1491 haereses
875 1467 950 1491 non
977 1455 1115 1492 sinunt.

320 1512 358 1550 6.
408 1509 493 1547 Nee
527 1509 666 1548 diutius
698 1510 744 1548 de
784 1512 877 1558 isto,
918 1512 948 1549 si
975 1510 1074 1550 idem
1109 1519 1167 1550 est
1192 1511 1350 1559 Paulus,
1391 1513 1453 1565 qui
1491 1519 1532 1551 et

203 1566 295 1603 alibi
320 1566 501 1605 haereses
533 1568 634 1606 inter
666 1569 836 1606 earnalia
868 1570 1027 1607 crimina
1059 1576 1258 1609 enumerat
1283 1570 1456 1609 scribens
1482 1569 1531 1608 ad

205 1621 360 1662 Galatas
374 1626 432 1673 4),
472 1632 510 1663 et
537 1626 598 1676 qui
623 1625 710 1663 Tito
737 1627 929 1677 suggerit,
962 1627 1155 1665 hominem
1180 1627 1418 1666 haereticum
1444 1635 1532 1680 post

201 1682 362 1731 primam
402 1684 685 1734 correptionem
725 1683 1051 1733 recusandun15),
1098 1684 1198 1736 quod
1237 1698 1439 1737 perversus
1482 1686 1532 1724 sit

202 1738 388 1776 eiusmodi
415 1747 454 1778 et
479 1739 686 1791 delinquat,
719 1749 761 1778 ut
787 1755 808 1779 a
834 1743 1039 1794 semetipso
1067 1742 1277 1781 damnatus.
1329 1742 1407 1782 Sed
1428 1750 1469 1782 et.
1491 1743 1532 1781 in

203 1797 303 1833 omni
335 1810 457 1847 paene
492 1798 655 1848 epistola
688 1797 734 1836 de
768 1798 994 1838 adulterinis
1026 1799 1215 1838 doctrinis
1247 1799 1443 1851 fugiendis
1473 1801 1531 1838 in-

203 1852 370 1899 culcans,
398 1854 580 1892 haereses
606 1862 724 1902 taxat,
754 1870 909 1907 quarum
933 1871 1050 1909 opera
1069 1865 1155 1896 sunt
1169 1857 1368 1902 adulterae
1383 1857 1531 1896 doctri-

201 1921 287 1954 nae,
315 1909 496 1949 haereses
511 1911 639 1951 dictae
658 1912 809 1951 Graeca
822 1927 932 1961 voce,
956 1916 1340 1966 exinterpretatione
1366 1915 1530 1954 electio·
1590 1944 1594 1948 ι

201 1966 271 2011 nis,
301 1979 373 2016 qua
398 1969 479 2018 quis
511 1970 589 2007 sive
623 1969 670 2007 ad
697 1970 951 2010 instituendas
983 1973 1062 2010 sive
1095 1972 1143 2010 ad
1170 1971 1436 2025 suscipiendas
1463 1985 1530 2012 eas

200 2023 331 2060 utitur.
389 2023 481 2062 Ideo
515 2034 555 2064 et
587 2027 658 2065 sibi
692 2026 906 2067 damnatum
941 2028 1037 2067 dixit
1068 2030 1325 2078 haereticum,
1365 2031 1452 2083 quia
1490 2037 1531 2069 et

201 2080 240 2116 in
268 2093 341 2130 quo
369 2079 569 2120 damnatur
605 2085 676 2122 sibi
702 2086 834 2137 elegit.
895 2086 1019 2125 Nobis
1044 2100 1138 2126 vero
1177 2088 1271 2126 nihil
1309 2101 1359 2127 ex
1394 2095 1528 2127 nostro

200 2136 361 2175 arbitrio
395 2136 648 2189 indulgerefi')
688 2143 798 2190 licet,
837 2143 906 2182 scd
938 2157 1010 2183 nee
1043 2145 1210 2195 eligere,
1251 2144 1352 2197 quod
1391 2146 1529 2198 aliquis

200 2191 247 2231 de
274 2194 434 2232 arbitrio
450 2208 517 2233 suo
533 2195 737 2237 induxerit.
785 2200 997 2253 Apostolos
1024 2201 1166 2241 domini
1191 2203 1374 2242 habemus
1393 2210 1533 2246 aueto-

199 2262 281 2297 res,
316 2253 378 2302 qui
409 2265 481 2290 nec
507 2254 812 2306 ips'i‘quicquam,
831 2271 881 2297 ex
918 2273 986 2297 suo
1012 2260 1195 2307 arbitrio,
1229 2255 1331 2312 quod
1367 2259 1528 2305 induce&-

198 2315 297 2354 rent,
317 2309 540 2360 elegerunt,
569 2310 637 2348 sed
652 2322 850 2363 acceptam
876 2330 899 2354 a
919 2316 1074 2355 Christo
1101 2317 1339 2370 disciplinam
1360 2316 1529 2360 fideliter

200 2366 418 2404 nationibus
456 2365 767 2418 adsignaverunt.
852 2370 986 2425 Itaque
1036 2375 1153 2413 etiam
1191 2376 1224 2413 si
1272 2375 1432 2426 angelus
1474 2372 1524 2413 de

292 2513 326 2554 1)
340 2516 395 2546 Sic
411 2517 462 2548 ed.
473 2519 496 2551 1.
510 2518 684 2559 Rhenani3
698 2521 824 2551 Pamel.
840 2523 873 2552 et
887 2522 959 2562 Rig.
987 2522 1026 2553 in
1050 2523 1272 2554 electione
1283 2533 1331 2563 m;
1346 2523 1524 2556 Wouwer.

199 2558 442 2593 electione.
537 2563 573 2607 2)
597 2567 705 2597 1cox·.
720 2568 774 2606 11,
791 2569 833 2596 18
849 2577 896 2605 sq.
1005 2570 1043 2608 3)
1067 2570 1174 2600 icor.
1189 2570 1220 2609 1,
1237 2569 1290 2602 10.
1396 2569 1435 2610 4)
1449 2569 1524 2610 Gal.

199 2606 229 2644 5,
246 2605 299 2635 20.
397 2605 433 2649 5)
456 2609 523 2641 Tit.
538 2611 568 2652 3,
585 2613 626 2641 10
642 2621 692 2650 sq.
790 2614 826 2651 6)
849 2613 976 2644 Pamel.
1002 2614 1130 2645 induc
1141 2623 1224 2645 ere.
