1624 2826
381 198 503 230 Anv.
532 199 893 230 MARCIONEM
929 197 1103 229 IABER
1132 199 1172 229 V.
1337 196 1440 232 281

118 289 294 338 Paulum,
333 292 439 330 cuius
469 291 615 342 legem,
654 292 820 343 quamvis
857 289 1064 329 excludens
1099 291 1269 336 interim,
1313 296 1440 328 tamen

118 361 191 400 pro
228 349 461 400 temporibus
498 348 723 395 admiserat,
762 349 888 386 statim
926 347 1198 394 amoliendam,
1237 348 1267 385 si
1305 361 1440 386 novum

119 404 231 444 deum
267 407 502 458 protulisset.
575 405 680 444 Bene
718 407 853 456 igitur,
893 405 991 457 quod
1029 413 1070 444 et
1105 404 1285 444 dexteras
1322 404 1440 443 Paulo

120 461 309 502 dederunt
333 462 468 501 Petrus
494 470 533 501 et
559 463 723 501 lacobus
755 470 794 501 ct
819 463 1000 509 loannes,
1034 470 1073 502 et
1098 462 1146 502 de
1173 462 1287 501 officii
1314 461 1441 500 distri-

117 519 278 559 butione
302 522 549 572 pepigerunt,
583 527 624 558 ut
648 520 786 558 Paulus
811 521 847 558 in
874 522 1068 567 nationes,
1094 521 1148 558 illi
1175 521 1212 558 in
1240 521 1441 558 circumci-

119 579 283 624 sionem,
310 585 453 616 tantum
478 585 520 615 ut
545 579 804 616 meminissent
829 578 1103 628 egenorum,¹)
1142 584 1181 615 et
1205 577 1278 615 hoc
1306 590 1442 614 secun-

119 634 206 673 dum
243 636 368 686 legem
400 636 606 681 creatoris,
646 648 834 687 pauperes
866 642 905 673 et
936 647 1080 685 egenos
1111 635 1294 680 foventis,
1343 635 1443 672 sicut

117 693 156 731 in
182 694 373 744 evangelii
397 693 516 730 vestri
541 699 752 731 retractatu
778 692 978 744 probatum
1005 698 1076 730 est.
1135 690 1249 729 Adeo
1276 698 1440 737 constat,

119 749 168 788 de
194 751 282 800 lege
307 751 389 788 sola
421 750 537 787 fuisse
570 751 850 800 quaestionem,
889 747 974 786 dum
1002 747 1233 793 ostenditur,
1273 746 1362 799 quid
1393 760 1443 786 ex

117 807 206 857 lege
244 806 429 845 custodiri
468 807 704 844 convenerit.
768 805 846 844 Sed
883 804 1133 857 reprehendit
1169 804 1322 843 Petrum
1363 818 1438 842 non

116 871 228 903 recto
272 863 371 916 pede
414 863 658 902 incedentem
702 862 750 901 ad
799 863 989 913 evangelii
1031 864 1247 901 veritatem.
1323 861 1439 900 Plane

116 921 386 974 reprehendit,
426 935 500 959 non
533 921 581 959 ob
613 919 715 958 aliud
749 928 891 966 tamen,
931 933 1038 971 quam
1073 920 1120 957 oh
1149 920 1440 958 inconstantiam

115 980 253 1026 victus,
281 992 389 1031 quem
415 992 486 1030 pro
512 991 760 1030 personarum
788 979 969 1029 qualitate
995 977 1180 1023 variabat,
1207 978 1344 1015 timens
1359 990 1439 1022 eos,

119 1038 182 1088 qui
208 1044 320 1075 erant
344 1049 393 1075 ex
419 1037 725 1081 circumcisione,
753 1049 828 1073 non
856 1035 903 1073 ob
931 1035 1092 1086 aliquam
1119 1034 1327 1072 divinitatis
1353 1047 1441 1086 per-

116 1095 358 1141 versitatem,
397 1093 444 1132 de
483 1107 555 1145 qua
593 1101 632 1131 et
669 1094 753 1131 aliis
790 1094 826 1130 iu
865 1093 1002 1131 faciem
1042 1093 1264 1139 restitisset,
1305 1091 1440 1143 quide

118 1152 266 1190 minore
299 1164 432 1190 caussa
466 1151 769 1188 conversationis
800 1150 1000 1200 ambiguae
1033 1148 1149 1187 Petro
1175 1150 1248 1200 ipsi
1271 1162 1347 1186 non
1374 1161 1442 1200 pe-

117 1209 257 1261 percit.
309 1207 386 1246 Sed
413 1207 602 1259 quomodo
627 1207 882 1245 Marcionitae
908 1207 1039 1243 volunt
1066 1205 1198 1244 credi?
1222 1205 1280 1244 De
1308 1213 1440 1244 cetero

118 1272 259 1318 pergat
282 1266 490 1317 apostolus,
518 1277 662 1315 negans
688 1277 737 1302 ex
763 1263 942 1315 operibus
970 1263 1066 1313 legis
1092 1263 1292 1301 iustificari
1318 1263 1440 1301 homi-

118 1336 219 1370 nem,
245 1322 311 1361 sed
340 1336 388 1361 ex
414 1321 547 1369 fide,2)
575 1321 743 1360 eiusdem
770 1328 894 1359 tamen
922 1319 996 1367 dei,
1025 1321 1130 1359 cuius
1156 1328 1194 1359 et
1220 1321 1295 1359 lex.
1356 1319 1441 1358 Nec

120 1382 220 1420 enim
258 1381 471 1419 laborasset
503 1379 613 1417 fidem
646 1392 667 1417 a
701 1379 787 1429 lege
820 1377 1062 1424 discernere,
1104 1391 1212 1429 quam
1240 1376 1443 1415 diversitas

118 1439 237 1491 ipsius
273 1437 480 1476 divinitatis
512 1437 611 1474 ultro
645 1435 909 1481 discrevisset,
947 1435 977 1473 si
1003 1435 1149 1473 fuisset.
1198 1434 1339 1473 Merito
1366 1448 1441 1472 non

117 1495 411 1540 reaedificabat,
450 1507 546 1546 quae
584 1493 783 1531 destruxit.
845 1491 998 1530 Destrui
1035 1499 1160 1531 autem
1197 1492 1262 1530 lex
1298 1491 1442 1537 habuit,

118 1566 168 1593 ex
193 1567 267 1605 quo
290 1546 367 1591 vox
393 1552 546 1590 Ioannis
572 1552 747 1590 clamavit
773 1551 809 1588 in
837 1563 988 1589 cremo:
1020 1557 1153 1602 parate
1178 1550 1259 1588 vias
1285 1548 1441 1594 domini,

116 1617 161 1650 ut
184 1611 322 1650 fierent
346 1611 417 1648 1ivi
443 1616 481 1648 ct
508 1609 628 1647 colles
660 1616 699 1647 et
730 1615 877 1647 montes
914 1608 1052 1660 repleti
1085 1614 1124 1645 et
1155 1607 1366 1652 humiliati,
1404 1613 1444 1644 et

117 1675 295 1712 tortuosa
321 1675 360 1707 et
384 1680 521 1719 aspera
546 1668 584 1705 in
610 1665 879 1705 rectitudinem
912 1673 952 1704 et
976 1666 1013 1703 in
1047 1665 1266 1716 campos,³)
1305 1663 1343 1702 id
1370 1671 1441 1708 est,

119 1726 218 1776 legis
254 1725 495 1763 difficultates
524 1726 562 1762 in
594 1724 784 1773 evangelii
816 1723 1036 1761 facilitates.
1103 1722 1332 1759 Meminerat
1369 1721 1442 1757 iam

121 1789 162 1821 et
185 1782 320 1834 psalmi
346 1794 431 1819 esse
457 1788 623 1830 tempus:
652 1780 927 1830 disrumpamus
952 1792 974 1816 a
1001 1778 1110 1815 nobis
1129 1778 1279 1815 vincula
1295 1789 1442 1822 eorum,

121 1846 162 1879 et
192 1838 416 1878 abiiciamus
441 1850 462 1875 a
494 1836 604 1874 nobis
630 1837 757 1886 iugum
784 1837 970 1886 ipsorum,
1009 1847 1058 1872 ex
1090 1847 1163 1886 quo
1194 1834 1443 1872 tumultuatae

121 1903 208 1937 sunt
232 1903 368 1948 gentes
394 1902 434 1933 et
458 1894 587 1945 populi
614 1891 784 1930 meditati
813 1899 898 1930 sunt
922 1893 1068 1939 inania3
1101 1892 1305 1929 astiterunt
1330 1903 1444 1942 reges

120 1962 251 1994 terrae
289 1961 328 1992 ct
364 1953 608 2003 magistratus
647 1951 876 2001 congregati
914 1956 1001 1988 sunt
1037 1950 1075 1987 in
1111 1962 1223 1986 unum
1261 1947 1444 1987 adversus

122 2011 315 2051 dominum
353 2018 392 2049 ct
427 2009 610 2047 adversus
643 2007 832 2046 Christum
858 2007 994 2058 ipsius;
1013 2008 1052 2055 4)
1097 2013 1138 2044 ut
1168 2007 1241 2043 iam
1273 2019 1324 2044 ex
1354 2005 1444 2044 fidei

122 2070 302 2109 libertate
328 2068 557 2106 iustificetur
582 2066 720 2111 hom0‚
757 2079 833 2103 non
858 2077 908 2103 ex
933 2065 1030 2114 legis
1055 2065 1264 2109 servitute,
1284 2064 1321 2111 5)
1356 2064 1444 2114 quia

122 2128 244 2165 iustus
280 2139 330 2165 ex
367 2124 442 2163 fide
479 2123 631 2170 vivit-⁶)
695 2122 837 2170 Quodsi
874 2121 1083 2174 prophetes
1118 2120 1291 2159 Abacum
1330 2133 1444 2171 prae-

122 2185 321 2230 nuntiavit,
347 2183 466 2221 habes
493 2188 531 2220 et
556 2180 768 2232 apostolum
794 2180 1002 2232 prophetas
1022 2179 1322 2223 confirmantem,
1345 2178 1445 2215 sicut

124 2248 165 2280 et
190 2241 375 2279 Christus.
437 2239 530 2277 Eius
562 2251 657 2288 crgo
690 2236 753 2275 dei
779 2239 855 2276 erit
878 2236 992 2284 fides,
1019 2237 1058 2274 in
1084 2249 1156 2288 qua
1181 2236 1284 2273 vivet
1309 2235 1441 2278 iustus,

125 2300 232 2338 cuius
257 2305 296 2336 et
322 2297 396 2343 lex,
424 2297 462 2334 in
489 2309 559 2347 qua
586 2308 662 2333 non
687 2296 916 2334 iustilicatur
945 2295 1157 2346 operarius.
1220 2289 1385 2328 Proinde
1411 2290 1443 2327 si

123 2357 163 2395 in
190 2356 276 2406 lege
309 2353 529 2393 maledictio
562 2359 638 2398 cst,
676 2353 714 2390 in
741 2352 815 2391 fide
844 2365 938 2391 voro
963 2349 1205 2394 benedictio,
1244 2354 1444 2398 utrumque

124 2413 244 2452 habes
268 2413 504 2466 propositum
530 2409 630 2462 apud
656 2418 891 2449 creatorem:
924 2421 1019 2448 ecce
1045 2407 1168 2459 posui,
1194 2405 1328 2455 inquit,
1354 2410 1444 2442 ante

160 2532 171 2536 “
221 2551 258 2588 1)
282 2551 357 2582 Gai.
376 2551 408 2590 2,
435 2553 466 2581 ο.
492 2551 546 2580 10.
641 2548 678 2586 2)
706 2548 751 2578 ib.
778 2556 808 2578 v.
835 2546 1002 2577 11—21.
1098 2542 1135 2586 a)
1160 2544 1243 2573 Luc.
1268 2543 1301 2582 3,
1327 2543 1349 2573 4
1375 2553 1446 2583 sqq.

99 2618 104 2621 -
128 2596 166 2636 4)
189 2597 243 2628 Pu.
258 2599 290 2637 2,
307 2599 325 2627 1
340 2607 411 2635 sqq.
509 2595 544 2638 5)
572 2595 647 2626 Gal.
662 2596 693 2633 2,
711 2596 765 2624 16.
861 2592 899 2632 fi)
924 2590 998 2622 Gal.
1014 2591 1046 2630 ³,
1063 2591 1117 2621 11.
1141 2590 1270 2621 flabat.
1283 2590 1316 2628 2,
1329 2589 1365 2621 4.
