1604 2800
593 196 717 228 Anv.
753 197 1040 233 PRAXEAN.
1371 204 1478 243 ιι,

164 285 242 326 Sed
263 294 302 326 et
320 286 447 326 denuo
466 287 736 337 eradicabitur,
764 292 795 329 si
820 292 983 330 voluerit
1009 291 1193 340 11011ιί11115,
1220 294 1256 332 in
1282 296 1355 335 isto
1375 282 1480 337 com-
1503 290 1511 294 “

162 351 307 392 meatu3
333 345 390 383 sin
404 346 536 394 minus,
557 346 618 385 dic
634 360 716 394 suo,
738 360 810 399 quo
825 349 864 398 1)
891 349 1120 400 colligentur
1139 364 1268 390 omnes
1282 352 1479 394 adulterae

160 401 310 452 fruges,
326 404 363 451 2)
400 410 440 441 et
470 416 553 442 cum
580 406 722 443 ceteris
746 404 935 444 scandalis
960 407 1039 457 igni
1069 408 1367 460 inexstinguibili
1394 425 1479 450 cre-

160 459 372 500 mabuntur.

273 520 313 558 2.
374 517 506 569 ltaque
537 526 624 570 post
653 526 800 572 tempus
830 527 941 572 pater
971 529 1096 569 natus,
1130 530 1168 561 et
1198 531 1310 576 pater
1333 539 1476 577 passus,

159 574 240 625 ipse
266 573 372 620 deus,
405 574 577 614 dominus
603 578 854 629 omnipotens,
889 578 994 616 Iesus
1020 579 1191 619 Christus
1215 582 1474 632 praedicatur.

158 629 242 668 Nos
271 644 366 669 vero
398 639 437 670 et
467 645 634 684 semper,
668 641 708 672 et
738 648 836 673 nunc
868 637 1008 686 magis,
1042 644 1083 674 ut
1113 638 1379 677 instructiores
1410 653 1480 691 per

156 689 406 739 paracletum,
433 688 682 729 deductorem
702 692 853 730 scilicet
874 694 994 730 omnis
1012 695 1198 740 veritatis,
1225 697 1375 733 unicum
1396 698 1478 748 qui—

157 743 242 783 dem
273 744 384 784 deum
416 746 627 794 credimus,
667 748 734 786 sub
772 749 843 786 hac
875 756 1001 787 tamen
1033 749 1335 800 dispensatione,
1369 765 1478 803 quam

156 799 373 854 οἰκονομίαν
403 802 580 850 dicimus,
614 811 654 841 ut
682 805 786 842 unici
820 804 882 842 dei
912 806 961 843 sit
992 813 1032 843 et
1063 807 1160 844 filius
1192 820 1317 845 sermo
1348 809 1477 859 ipsius,

156 859 220 910 qui
244 871 294 896 ex
317 860 400 910 ipso
426 862 673 910 processerit,
699 873 771 911 per
795 862 1055 911 quem'omnia
1080 863 1183 901 facta
1209 871 1306 909 sunt,
1334 871 1373 901 et
1397 866 1477 902 sine

153 927 231 966 quo
262 915 402 953 sactum
429 923 487 953 est
512 916 671 965 nihil.³)
717 916 830 955 *Hunc
855 919 1004 955 missum
1031 931 1054 956 a
1078 926 1188 970 patre
1214 921 1251 957 in
1276 922 1476 971 virginem,

154 978 197 1010 et
220 984 269 1010 ex
294 985 341 1010 ea
365 979 506 1019 natum,
531 973 722 1011 hominem
749 981 787 1011 et
813 973 936 1020 deum,
969 975 1085 1012 lilium
1110 976 1272 1014 hominis
1297 984 1337 1014 et
1362 977 1476 1015 filium

147 1027 232 1074 dei,
264 1036 305 1066 et
328 1031 634 1079 cognominatum
661 1029 783 1067 Iesum
810 1030 1018 1076 Christum3
1053 1031 1151 1069 hunc
1178 1045 1344 1083 passum,
1378 1034 1477 1071 hune.

153 1092 341 1123 mortuum
367 1093 407 1123 et
426 1086 631 1137 sepultum,
664 1085 869 1124 secundum
895 1088 1115 1138 scripturas,
1147 1095 1186 1126 et
1210 1091 1474 1127 resuscitatum

155 1154 176 1180 a
197 1148 319 1194 patre,
351 1149 391 1180 et
414 1143 451 1179 in
478 1143 590 1181 coelo
615 1150 858 1194 resumptum,
885 1142 1021 1181 sedere
1047 1143 1093 1181 ad
1121 1143 1317 1183 dexteram
1342 1148 1473 1196 patris,

152 1205 352 1237 venturum
389 1198 560 1237 iudicare
596 1200 702 1237 vivos
739 1207 779 1238 et
809 1207 996 1247 mortuos;
1042 1202 1104 1252 qui
1142 1201 1279 1240 exinde
1316 1204 1474 1243 miserit,

154 1255 359 1295 secundum
403 1257 691 1307 promissionem
729 1269 857 1303 suam,
895 1270 917 1294 a
953 1264 1061 1308 patre
1099 1259 1267 1309 spiritum
1304 1267 1475 1297 sanctum

151 1313 402 1365 paracletum,
429 1313 751 1351 sanctificatorem
777 1313 866 1352 fidei
891 1326 1036 1360 eorum,
1072 1315 1131 1366 qui
1160 1314 1319 1352 credunt
1344 1317 1382 1353 in
1405 1330 1475 1367 pa-

151 1376 250 1409 trem
275 1377 316 1408 et
341 1370 455 1408 filium
481 1377 520 1408 et
545 1371 715 1422 spiritum
741 1378 924 1409 sanctum.
963 1370 1070 1409 Hanc
1095 1372 1263 1421 reguiam
1291 1372 1338 1409 ab
1364 1373 1474 1410 initio

152 1427 343 1478 evangelii
357 1426 637 1474 decucurrisse,
665 1428 778 1465 etiam
794 1435 882 1465 ante
896 1429 1044 1478 priores
1059 1441 1227 1479 quosque
1243 1428 1473 1470 haereticos,

151 1483 288 1522 nedum
308 1491 397 1522 ante
417 1483 590 1522 Praxean
617 1484 848 1530 hesternum,
876 1484 1052 1535 probabit
1072 1491 1146 1521 tam
1168 1486 1247 1535 ipsa
1269 1487 1474 1535 posteritas

151 1542 314 1579 emnium
340 1541 637 1586 haereticorum,
664 1554 772 1592 quam
787 1542 867 1591 ipsa
883 1541 1084 1578 novellitas
1098 1540 1269 1579 Praxeae
1286 1542 1470 1580 hesterni.

136 1597 234 1645 Quo
270 1609 463 1650 peraeque
500 1597 682 1635 adversus
714 1599 911 1635 universas
945 1597 1125 1635 haereses
1149 1599 1221 1635 iam
1249 1599 1474 1649 hinc-prae-

146 1653 352 1692 iudicatum
379 1655 446 1700 sit,
479 1653 516 1691 id
542 1667 627 1691 esse
652 1667 801 1699 verum,
835 1653 1085 1704 quodcunque
1111 1654 1287 1703 primum,
1320 1654 1359 1691 id
1385 1667 1470 1692 esse

147 1709 373 1755 adulterum,
400 1709 653 1761 quodcunque
678 1710 882 1760 posterius.
951 1707 1029 1746 Sed
1053 1709 1253 1746 salva-ista
1279 1713 1470 1759 praescri-

144 1767 302 1818 ptione,
328 1767 467 1817 ubique
499 1773 624 1803 tamen
656 1772 817 1816 propter
845 1765 1134 1802 instructionem
1162 1772 1200 1802 et
1225 1767 1470 1804 munitionem

145 1821 380 1874 quorundam
417 1820 563 1859 dandus
599 1828 659 1859 est
693 1822 808 1859 etiam
845 1821 1118 1859 retractatibus
1154 1821 1279 1867 locus,
1322 1823 1382 1860 vel
1420 1836 1467 1860 ne

141 1877 320 1917 videatur
343 1891 592 1930 unaquaeque
618 1878 861 1929 perversitas,
892 1891 968 1915 nou
994 1878 1227 1924 examinata,
1261 1877 1327 1916 sed
1354 1891 1468 1930 prae-

142 1935 331 1982 iudicata,
361 1934 550 1981 damnari,
585 1935 754 1972 maxime·
771 1934 885 1981 baec,
919 1947 1016 1986 quae
1042 1947 1083 1973 se
1109 1935 1301 1972 existimat
1324 1949 1467 1974 meram

139 1993 343 2032 veritatem
362 1991 577 2044 possidere,
602 1990 688 2029 dum
712 1992 863 2030 unicum
890 1990 1000 2030 deum
1026 1993 1101 2029 non
1128 1992 1223 2029 alias
1248 1999 1352 2043 putat
1380 2005 1466 2030 cre—-

141 2048 325 2096 dendum,
357 2050 465 2101 quam
498 2050 529 2086 si
559 2049 680 2100 ipsum
711 2046 948 2100 eundemque
980 2055 1020 2087 et
1048 2055 1195 2099 patrem
1221 2055 1260 2086 et
1285 2049 1399 2087 filium
1426 2056 1467 2087 et

141 2108 314 2158 spiritum
333 2113 502 2145 sanctum
525 2104 641 2151 dieat,
668 2106 774 2157 quasi
799 2118 873 2143 non
895 2106 951 2143 sic
972 2117 1122 2157 quoqne
1140 2118 1235 2143 unus
1254 2106 1305 2143 sit
1324 2107 1462 2150 omnia,

135 2162 228 2202 ’1111111
253 2176 303 2202 ex
321 2176 409 2201 -uno
440 2163 583 2207 omnia,
621 2174 692 2214 per
725 2162 961 2200 substantiae
998 2163 1150 2200 scilicet
1184 2164 1384 2208 unitatem,
1423 2168 1463 2214 et

138 2220 384 2258 nihilominus
409 2218 648 2257 custodiatur
670 2220 884 2269 οἰκονομίαις
903 2225 1193 2262 sacramentum,
1221 2230 1317 2268 qnae
1339 2219 1461 2254 unita-

137 2284 216 2316 tem
241 2277 279 2314 in
303 2277 511 2314 trinitatem
543 2275 728 2326 disponit,
764 2282 845 2313 tres
876 2274 1064 2326 dirigens,
1101 2281 1248 2325 patrem
1280 2280 1319 2311 et
1344 2274 1459 2311 fitium

141 2340 181 2372 et
204 2334 374 2385 spiritum
399 2340 582 2378 sanctum,
608 2339 687 2370 tres
712 2338 851 2377 autem,
882 2345 956 2370 non
983 2338 1094 2375 statu,
1121 2328 1187 2367 sed
1214 2328 1352 2380 gradu,
1386 2342 1458 2368 nec

141 2390 363 2436 substantia,
390 2388 457 2428 sed
472 2390 604 2435 forma,
631 2401 703 2427 nec
717 2395 922 2440 potestate,
947 2386 1012 2426 se'd
1035 2387 1176 2438 specie,
1202 2387 1312 2424 unius
1331 2393 1459 2424 autem

235 2527 271 2567 1)
297 2525 584 2566 'rma-posuimus
608 2526 722 2556 rerba.
770 2524 853 2555 Edd.
882 2533 1016 2555 omnes:
1053 2524 1087 2554 si
1119 2532 1196 2561 qno
1227 2519 1457 2552 minu-'dte

142 2583 218 2605 tuo
243 2567 336 2605 con.
432 2570 469 2614 2)
484 2571 604 2602 Matth.
621 2572 676 2610 13,
692 2572 746 2602 3⁰.
841 2571 875 2609 3)
890 2571 935 2600 lo.
951 2571 980 2608 1,
996 2570 1027 2599 3.
