1604 2800
168 173 238 210 24
540 169 666 201 ADv.
702 169 1141 201 RERMOGENEM.

170 267 361 306 vationem
389 265 536 302 sinuum
569 260 800 301 emicantior
828 261 933 300 facta
959 268 1017 301 est
1043 260 1171 308 arida,
1216 274 1313 314 quae
1339 262 1503 303 antehac
1547 283 1551 287 ·

170 325 278 376 aquis
305 321 522 374 tegebatur.
566 317 715 358 Exinde
742 319 871 371 itaque
897 326 937 358 et
959 319 1120 358 visibilis
1146 318 1322 367 efficitur,
1349 319 1505 360 dicente

171 382 265 421 deo:
304 385 568 431 congregetur
592 390 690 429 aqna
715 378 753 416 in
780 378 1124 428 congregationem
1153 390 1283 423 unam,
1309 384 1350 417 et
1374 376 1508 417 videa-

172 447 234 478 tur
265 436 442 489 arida.1)
500 434 709 481 Videatur,
747 435 888 487 inquit,
928 448 1003 473 non
1030 435 1112 476 fiat.
1173 434 1250 473 Iam
1278 436 1378 474 enim
1404 436 1510 476 facta

173 504 277 543 erat,
317 493 385 534 sed
418 493 636 540 invisibilis,
674 504 794 544 usque
827 499 917 531 tunc
948 491 1072 531 videri
1098 493 1325 532 sustinebat.
1386 491 1510 532 Arida

174 562 319 600 autem,
354 551 455 605 quod
482 558 568 591 erat
593 552 720 589 futura
746 563 795 588 ex
821 548 987 589 divortio
1014 550 1203 597 humoris,
1231 557 1359 590 tamen
1385 557 1508 591 terra.

176 613 225 651 Et
255 612 410 650 vocavit
442 609 536 649 deus
567 607 713 647 aridam
746 609 954 656 terram,²)
1002 622 1076 646 non
1103 609 1316 647 materiam.
1379 607 1446 647 Sic
1473 615 1514 649 et

177 670 458 723 perfectionem
492 673 628 719 postea
660 673 891 712 consecuta,
930 665 1073 705 desinit
1098 664 1204 704 rudis
1231 665 1386 714 haberi,
1427 679 1512 706 cum

179 727 401 780 pronuntiat
433 723 546 763 deus:
591 724 750 762 fruticet
786 730 891 762 terra
929 723 1085 762 herbam
1119 723 1225 762 foeni
1262 724 1515 764 seminantem

180 795 312 823 semen
338 780 545 821 secundum
573 793 713 832 genuS,
754 787 794 817 et
818 780 1027 819 secundum
1055 779 1364 828 similitudinem,
1402 788 1443 820 et
1468 782 1516 820 li·

182 854 295 893 gnum
328 840 564 877 fructuosum
598 838 745 876 faciens
777 837 959 884 fructum,
1000 839 1108 876 cuius
1133 850 1264 877 semen
1291 839 1328 876 in
1361 839 1445 891 ipso
1477 839 1515 877 in

183 895 527 945 similitudinem.³)
589 895 703 934 Item:
742 894 932 946 producat
964 903 1067 934 terra
1106 896 1268 934 animam
1298 896 1423 934 vivam
1454 909 1516 934 se-

185 954 348 995 cundum
376 967 515 1006 genus,
543 959 583 991 et
608 951 869 1004 quadrupedia
896 959 936 991 et
961 954 1135 1005 repentia
1162 960 1203 994 et
1222 953 1366 991 bestias
1386 960 1517 992 terrae

184 1012 391 1053 secuudum
419 1011 599 1062 genus.⁴)
652 1009 826 1061 Implevit
851 1010 968 1061 igitur
994 1009 1167 1049 ordinem
1194 1023 1299 1048 suum
1326 1011 1518 1062 scriptura

185 1070 325 1110 divina.
378 1069 496 1117 Quam
523 1068 622 1106 enim
650 1066 899 1118 praedixerat
923 1067 1150 1106 invisibilem
1178 1074 1217 1106 et
1242 1066 1389 1115 rudem,
1417 1069 1454 1107 ei
1479 1075 1520 1108 et

185 1129 371 1168 visionem
397 1125 567 1165 reddidit
593 1131 632 1162 et
656 1125 951 1176 perfectionem.
1002 1124 1092 1164 Non
1112 1125 1188 1164 alia
1207 1132 1334 1165 autem
1356 1127 1518 1166 materia

188 1193 273 1225 erat
304 1184 506 1223 invisibilis
536 1190 577 1221 et
606 1181 723 1221 rudis.
787 1181 893 1235 Ergo
908 1185 945 1232 ⁵)
973 1184 1135 1222 materia
1161 1184 1237 1222 erit
1260 1190 1399 1236 postea
1428 1185 1520 1223 visi-

188 1244 274 1283 bilis
306 1250 345 1281 et
377 1242 564 1294 perfecta.
625 1239 727 1278 Volo
760 1240 890 1293 itaque
922 1239 1056 1280 videre
1096 1242 1315 1290 materiam3
1358 1241 1521 1281 visibilis

189 1302 289 1340 enim
316 1300 419 1338 facta
445 1305 516 1338 est.
578 1297 680 1336 Volo
707 1305 747 1336 et
778 1299 991 1351 perfectam
1019 1312 1104 1338 eam
1131 1312 1440 1351 recognoscere,
1479 1307 1522 1338 ut

190 1372 240 1397 ex
264 1358 327 1395 illa
354 1358 468 1396 etiam
494 1356 599 1394 foeni
626 1355 782 1393 herbam
809 1363 850 1395 et
874 1369 922 1395 ex
948 1357 1012 1395 illa
1039 1355 1245 1410 decerpam
1274 1357 1416 1409 lignum
1441 1357 1524 1397 fru-

193 1422 384 1460 ctuosum,
423 1420 463 1451 et
500 1425 549 1450 ex
585 1413 651 1450 illa
682 1413 859 1451 animalia
896 1414 979 1451 usui
1011 1427 1097 1452 meo
1136 1415 1380 1454 famulentur.
1442 1413 1523 1455 Sed

193 1473 354 1510 materia
387 1469 537 1522 quidem
570 1482 770 1520 nusquam,
810 1477 915 1508 terra
946 1483 1038 1508 vero
1071 1470 1188 1518 haec,
1227 1471 1264 1510 id
1291 1480 1352 1512 est
1377 1486 1522 1513 coram.

195 1529 302 1568 Hanc
327 1527 460 1574 video,
498 1526 571 1565 hac
597 1526 795 1578 perfruor,
834 1539 884 1565 ex
909 1540 982 1578 quo
1010 1527 1209 1566 invisibilis
1242 1536 1281 1567 et
1306 1529 1412 1568 rudis
1438 1543 1524 1569 esse

195 1586 323 1626 desiit.
385 1585 442 1624 De
470 1597 544 1636 qua
569 1583 877 1623 manifestissime
903 1583 1059 1623 Esaias:
1092 1585 1188 1624 haec
1215 1584 1311 1625 dicit
1335 1585 1524 1635 dominus,

196 1645 259 1696 qui
285 1644 380 1682 fecit
405 1643 568 1688 coelum,
595 1642 668 1680 iste
695 1640 801 1688 deus,
829 1643 891 1694 qui
913 1641 1189 1681 demonstravit
1210 1650 1351 1683 terram
1372 1652 1412 1683 et
1430 1646 1526 1684 fecit

196 1701 362 1747 illam.⁶)
416 1700 532 1738 Certe
559 1698 718 1737 eandem
746 1698 1035 1746 demonstravit,
1063 1713 1172 1752 quam
1199 1707 1238 1739 et
1265 1701 1371 1741 fecit.
1422 1702 1526 1751 Quo-

196 1758 309 1798 modo
326 1757 626 1796 demonstravit?
650 1757 780 1808 utique
796 1755 982 1796 dicendo:
1008 1756 1187 1796 videntur
1200 1757 1380 1809 arida3'1)
1408 1772 1527 1812 quare

196 1816 319 1855 videri
347 1815 472 1862 iubet,
512 1815 583 1852 nisi
611 1815 698 1866 quia
724 1821 830 1853 retro
858 1828 933 1852 non
958 1814 1186 1854 videbatur?
1222 1823 1263 1854 ut
1287 1818 1344 1856 sic
1376 1831 1527 1871 quoque

199 1887 282 1913 eam
309 1887 384 1911 non
411 1874 448 1910 in
474 1885 634 1910 vacuum
660 1872 820 1910 fecisset
846 1872 1027 1911 faciendo
1052 1873 1243 1912 visibilem
1268 1881 1308 1913 et
1339 1875 1393 1913 ita
1419 1876 1529 1915 babi-

200 1932 333 1979 lem.8)
396 1930 445 1968 Et
469 1931 524 1968 sic
549 1942 620 1982 per
644 1931 772 1968 omnia
796 1930 983 1982 probatur
1007 1931 1136 1979 nobis,
1174 1931 1291 1979 hanc,
1331 1945 1441 1985 quam
1471 1935 1530 1973 in·

202 1989 380 2033 colimus,
420 1987 581 2026 eandem
613 1994 653 2026 et
683 1988 823 2026 factam
856 2001 942 2027 esse
974 2002 997 2027 a
1027 1988 1101 2028 deo
1134 1995 1174 2028 et
1199 1996 1417 2038 ostensam,
1456 2004 1528 2030 nec

203 2046 315 2085 aliam
346 2045 462 2083 fuisse
494 2044 625 2083 rudem
658 2052 698 2083 et
728 2045 979 2094 invisibilem,
1019 2059 1128 2099 quam
1161 2059 1258 2099 quae
1291 2053 1330 2085 et
1362 2047 1464 2087 facta
1491 2055 1531 2087 et

204 2110 358 2142 ostensa
373 2109 449 2149 est,
476 2109 589 2154 atque
611 2104 681 2141 ita:
709 2110 814 2142 terra
834 2111 960 2143 autem
981 2111 1066 2143 erat
1085 2104 1285 2143 invisibilis
1305 2111 1345 2144 et
1364 2104 1530 2155 rudis,⁹)

204 2159 253 2199 ad
279 2173 362 2199 eam
388 2160 575 2211 pertinet,
609 2173 717 2212 quam
750 2160 845 2200 deus
871 2175 955 2200 cum
982 2162 1095 2201 coelo
1121 2163 1328 2215 separavit.

321 2221 389 2259 30.
440 2214 505 2255 Sic
521 2224 560 2255 et
578 2219 777 2269 sequentia
792 2220 1055 2258 coniecturam
1071 2219 1326 2272 Hermogenis
1340 2220 1531 2260 instruere

206 2274 451 2314 videbuntur:
479 2281 519 2312 et
545 2275 727 2314 tenebrae
754 2290 869 2328 super
893 2277 1094 2330 abyssum,
1122 2284 1162 2317 et
1186 2278 1342 2330 spiritus
1367 2276 1534 2331 desuper

206 2346 324 2385 aquas
349 2332 636 2384 ferebatur‚¹⁰)
664 2335 769 2385 quasi
795 2341 835 2373 et
859 2334 933 2374 hae
960 2336 1144 2375 confusae
1170 2335 1408 2375 substantiae
1433 2349 1533 2375 mas-

302 2482 339 2526 1)
366 2485 450 2516 Gen.
471 2486 501 2524 1,
523 2485 554 2515 9.
651 2485 686 2525 2)
713 2485 754 2516 ib.
775 2494 805 2517 v.
827 2486 880 2517 10.
977 2485 1014 2525 3)
1040 2485 1083 2517 ib.
1103 2494 1133 2516 v.
1155 2487 1207 2518 11.
1300 2485 1339 2526 4)
1363 2484 1407 2516 ib.
1428 2493 1459 2516 v.
1479 2485 1534 2516 24.

212 2529 248 2568 5)
273 2530 523 2562 cod.wouw.:
549 2530 660 2569 Ergo
686 2540 762 2562 nec
789 2531 981 2562 materia.
1053 2532 1089 2571 6)
1114 2532 1310 2571 1ee.45,18.
1383 2531 1421 2571 7)
1447 2531 1533 2563 Gen.

212 2575 243 2614 1,
257 2576 287 2605 9.
382 2576 418 2615 8)
444 2577 574 2616 1es.45,
591 2578 643 2608 18.
740 2577 776 2615 9)
803 2578 885 2607 Gen.
902 2579 933 2616 1,
950 2579 979 2608 2.
1075 2577 1134 2616 10)
1160 2577 1240 2608 ibid.
