1604 2800
185 215 285 255 118
406 215 481 248 DE
516 212 1031 248 RESURRECTIONE
1069 213 1296 246 CARle.

185 312 223 350 in
249 310 323 348 hoc
349 309 473 361 spatio
499 321 570 360 per
596 306 728 355 fidem,
754 319 832 346 non
856 306 1179 359 repraesentatio,
1206 318 1283 345 nec
1305 304 1512 360 possessio,

183 366 251 406 sed
288 367 545 419 exspectatio.
607 364 664 404 De
696 377 769 417 qua
800 377 868 416 spe
900 371 940 403 et
970 364 1265 416 exspectatione
1296 363 1436 405 Paulus
1464 365 1514 406 ad

185 423 360 463 Galatas:
399 438 468 464 nos
500 424 599 463 euim
632 423 766 475 spiritu
797 435 847 461 ex
878 420 953 461 fide
986 434 1091 474 spem
1116 422 1284 461 iustitiae
1311 429 1515 476 exspecta-

182 480 338 534 mus;¹)
363 495 439 520 non
470 482 525 520 ait
555 488 743 520 tenemus.
807 478 982 519 Iustitiae
1013 486 1140 519 autem
1172 479 1237 519 dei
1262 479 1359 520 dicit
1383 494 1434 520 ex
1457 482 1516 521 iu-

183 538 306 587 dicio,
346 552 420 592 quo
458 538 741 586 iudicabitur2)
777 535 824 576 de
856 536 1051 577 mercede.
1111 536 1174 576 Ad
1207 551 1318 590 quam
1342 537 1515 592 pendens

182 605 222 636 et
246 598 347 649 ipse,
376 610 461 636 cum
486 595 795 649 Philippensibus
820 596 973 634 scribit:
1005 596 1038 634 si
1064 608 1154 648 qua,
1181 596 1322 648 inquit,
1349 609 1514 636 concur-

182 667 261 693 ram
288 655 327 693 in
352 655 706 701 resuscitationem,
745 666 842 706 quae
868 661 928 693 est
953 667 975 692 a
1001 654 1178 701 mortuis,
1218 667 1294 692 non
1326 654 1415 706 quia
1439 655 1514 693 iam

181 713 318 764 accepi
355 720 422 751 aut
459 719 741 751 consummatus
778 724 872 750 sum.
940 710 990 749 Et
1025 711 1158 763 utique
1196 710 1437 759 crediderat,
1474 718 1515 750 et

182 770 309 807 omnia
334 776 575 808 sacramenta
601 775 853 820 cognoverat,
879 782 947 807 vas
973 769 1196 816 electionis,
1224 768 1365 808 doctor
1389 769 1514 808 natio·-

180 839 280 872 num,
319 833 359 864 et
383 833 509 865 tamen
535 825 698 864 adiecit:
732 838 946 878 persequor
970 832 1117 873 autem,
1156 827 1187 865 si
1213 825 1513 879 apprehendam,

180 883 220 920 in
246 896 319 935 quo
352 897 431 922 sum
457 883 720 936 apprehensus
745 896 767 920 a
794 882 961 921 Christo.
1022 882 1082 920 Eo
1114 884 1293 935 amplius:
1332 896 1407 935 ego
1437 894 1512 931 me,

180 940 340 987 fratres,
379 954 455 980 non
480 948 572 993 puto
599 939 920 993 apprehendisse3
958 953 1070 979 unum
1104 940 1237 992 plane,
1276 940 1418 980 oblitus
1442 954 1514 994 po-

180 998 384 1036 steriorum
410 999 448 1037 in
473 1000 605 1050 priora
630 1011 690 1036 me
721 997 954 1045 extendens,
992 997 1202 1037 secundum
1233 1011 1392 1049 scopum
1424 1011 1513 1050 per-

179 1068 322 1107 sequor
357 1054 405 1094 ad
444 1056 605 1108 palmam
642 1055 985 1102 incriminationis,
1034 1067 1107 1106 per
1149 1067 1257 1106 quam
1302 1067 1513 1096 concurre-

179 1113 318 1163 rem,3)
338 1114 468 1165 utique
494 1114 532 1151 in
558 1113 894 1152 resuscitationem
919 1125 942 1150 a
967 1113 1139 1159 mortuis,
1167 1125 1236 1151 suo
1261 1119 1389 1152 tamen
1415 1120 1512 1152 tem-

178 1182 293 1221 pore,
331 1172 432 1209 sicut
468 1169 517 1208 ad
551 1169 728 1209 Galatas:
765 1169 866 1209 hene
898 1176 1025 1208 autem
1050 1170 1242 1210 facientes
1266 1183 1315 1210 ue
1339 1169 1510 1218 taedeat,

176 1233 350 1279 tempore
377 1221 477 1267 enim
503 1241 572 1266 suo
599 1235 799 1267 metemus.
815 1229 854 1279 ⁴)
915 1226 1026 1266 Sicut
1056 1234 1097 1267 et
1120 1227 1170 1266 ad
1194 1228 1436 1268 Timotheum
1461 1227 1510 1268 de

178 1283 438 1336 Onesiphoro:
478 1284 545 1324 det
569 1286 625 1324 illi
651 1285 825 1324 dominus
850 1285 1023 1324 invenire
1048 1284 1354 1325 misericordiam
1378 1287 1418 1325 in
1443 1286 1510 1326 illo

178 1340 303 1392 die.⁵)
353 1342 394 1380 In
422 1356 532 1395 quem
558 1342 659 1382 diem
685 1356 732 1382 ac
757 1350 906 1395 tempus
933 1350 973 1381 et
997 1344 1069 1395 ipsi
1095 1345 1288 1396 praecipit
1312 1342 1509 1383 custodire

177 1397 394 1437 mandatum
431 1401 732 1446 immaculatum,
771 1401 1132 1451 irreprehensibile,
1170 1403 1209 1440 in
1245 1402 1510 1454 apparentiam

178 1453 322 1493 domini
347 1455 431 1494 Iesu
460 1456 620 1503 Christi,
662 1470 771 1508 quam
803 1458 880 1495 suis
905 1457 1142 1508 temporibus
1168 1458 1349 1498 ostendet
1371 1459 1509 1499 beatus

178 1518 218 1550 et
242 1512 345 1550 solus
370 1519 595 1564 potentator
606 1514 642 1562 6)
669 1519 708 1551 et
733 1526 804 1552 rex
834 1515 1076 1564 regnantium
1109 1522 1149 1554 et
1179 1515 1354 1556 dominus
1387 1516 1510 1556 domi-

177 1569 365 1616 nantium,
405 1569 452 1609 de
486 1569 559 1609 deo
592 1569 739 1609 dicens.
799 1570 857 1609 De
885 1571 1019 1622 quibus
1043 1573 1281 1623 temporibus
1307 1581 1348 1612 et
1371 1573 1509 1613 Petrus

176 1627 215 1664 in
239 1625 368 1665 Actis:
396 1628 646 1679 poeniteat⁷)
673 1641 742 1666 vos
767 1634 808 1667 et
837 1626 1056 1680 resipiscite
1070 1629 1108 1677 ⁸)
1135 1628 1184 1668 ad
1215 1629 1404 1669 abolenda
1439 1630 1508 1670 de-

176 1683 269 1722 licta
304 1691 451 1732 vestra,
492 1692 531 1723 ut
567 1692 743 1736 tempora
779 1685 889 1723 vobis
922 1686 1195 1737 superveniant
1224 1688 1421 1739 refrigerii
1458 1701 1508 1728 ex

174 1753 341 1792 persona
377 1741 459 1790 dei,
498 1749 538 1781 et
569 1743 696 1781 mittat
730 1741 1067 1795 praedesignatum
1104 1743 1265 1793 vobisv)
1300 1745 1506 1792 Christum,

175 1811 286 1850 quem
312 1806 469 1851 oportet
493 1801 676 1852 accipere
703 1801 837 1839 coelos
863 1799 911 1839 ad
941 1814 1061 1853 usque
1092 1805 1269 1854 tempora
1299 1802 1507 1842 exhibitio-

173 1857 232 1894 nis
259 1858 442 1905 omnium,
476 1871 572 1910 quae
605 1859 756 1897 locutus
787 1865 847 1897 est
877 1857 973 1897 deus
997 1871 1066 1898 ore
1092 1866 1312 1899 sanctorum
1337 1861 1507 1914 prophe-

173 1920 309 1951 tarum.
326 1916 339 1940 1
352 1916 392 1965 ⁰)
1486 1955 1490 1957 a

288 1974 357 2012 24.
397 1972 502 2020 Quae
522 1973 620 2012 haec
639 1980 827 2026 tempora,
855 1987 939 2013 cum
952 1973 1362 2014 Thessalonicensibus
1382 1974 1503 2016 disce.

173 2025 355 2078 Legimus
380 2030 500 2068 enim:
533 2031 698 2082 qualiter
729 2033 907 2071 conversi
937 2032 1020 2071 sitis
1045 2031 1093 2070 ab
1118 2031 1232 2070 idolis
1257 2032 1306 2071 ad
1331 2034 1505 2073 servien-

174 2082 262 2122 dum
298 2085 384 2124 vivo
422 2094 462 2125 et
495 2100 590 2126 vero
629 2088 702 2127 deo
741 2097 782 2129 et
817 2089 866 2128 ad
903 2088 1204 2141 exspectandum
1241 2103 1264 2128 a
1302 2091 1503 2141 coelisss)

174 2141 290 2180 filium
316 2143 410 2191 eius,
439 2158 547 2196 quem
574 2147 773 2186 suscitavit
797 2160 846 2186 ex
866 2148 1039 2194 mortuis,
1066 2146 1226 2186 {esuum
1242 2147 1280 2196 ²)
1341 2146 1394 2186 Et
1415 2155 1502 2187 'rur-

173 2212 254 2238 sus:
293 2213 390 2252 quae
429 2203 528 2241 enim
560 2217 647 2256 spes
678 2211 812 2244 nostra
841 2205 902 2244 vel
935 2204 1114 2256 gaudium
1144 2205 1206 2245 vel
1233 2205 1501 2245 exsultationis

407 2311 460 2318 .-

263 2385 299 2424 1)
321 2385 395 2416 Gal.
412 2388 442 2425 5,
459 2388 489 2418 3.
586 2387 621 2426 2)
649 2389 722 2419 Gel.
745 2392 779 2421 et
805 2390 878 2431 Rtg.
904 2390 1206 2422 iudicabimur.
1301 2387 1339 2433 3)
1365 2389 1452 2421 Phil.
1466 2390 1498 2429 3,

172 2429 213 2458 11
227 2438 298 2468 sqq.
394 2432 432 2472 4)
447 2433 508 2463 Ed.
519 2433 619 2464 Fran.
631 2438 665 2465 et
678 2437 751 2476 Rig.
766 2446 797 2466 m
808 2439 944 2468 etemu
956 2446 985 2470 r.
999 2453 1044 2460 —-
1057 2436 1132 2468 Gal.
1147 2439 1179 2475 6,
1192 2439 1224 2467 9.
1319 2433 1357 2478 5)
1381 2435 1497 2466 2Tim.

171 2475 203 2512 ¹2
226 2476 267 2504 18
282 2485 330 2514 sq·
425 2477 463 2521 6)
489 2479 562 2510 Gel.
585 2481 702 2512 sodus
726 2485 889 2521 potens.
984 2483 1021 2522 7)
1047 2482 1108 2513 Ed.
1127 2483 1230 2513 Fran.
1248 2482 1283 2513 et
1301 2481 1374 2521 Rig.
1393 2489 1496 2520 poe-

169 2519 308 2552 niteat
343 2522 490 2562 itaque
527 2535 608 2556 vos.
713 2528 746 2567 8)
771 2529 878 2559 Rhen.
904 2528 1127 2567 respicite.
1234 2528 1271 2567 9)
1296 2526 1497 2557 Rhenum-

169 2564 244 2615 bis.
338 2567 398 2610 10)
424 2571 497 2600 Act.
512 2572 667 2610 Apostol.
683 2573 714 2613 3,
730 2575 772 2604 19
788 2583 858 2613 sqq.
953 2575 1012 2613 11)
1039 2574 1101 2604 Ed.
1111 2574 1212 2605 Fran.
1227 2575 1262 2604 et
1274 2572 1348 2613 mg.
1363 2581 1382 2603 e
1395 2581 1493 2604 coe·

170 2608 236 2641 lis.
331 2611 388 2653 12)
411 2617 429 2644 1
445 2615 563 2648 Thess.
577 2619 607 2657 1,
621 2621 640 2648 9
654 2627 702 2657 sq.
