1604 2800
454 174 581 208 ADv.
617 176 1143 208 VALENTINIANOS.
1392 177 1466 214 49

138 274 328 308 costarum
360 266 450 308 inde
483 267 708 316 defluxerit,
748 282 845 321 quae
877 268 1008 308 ebrios
1040 268 1175 316 effici-t,
1215 276 1252 307 et
1281 269 1468 310 Salmacis

137 325 225 365 inde
251 339 292 365 se
318 326 490 374 solverit,
518 339 615 378 quae
641 327 832 366 masculos
858 327 993 366 molles
1019 327 1125 366 facit.
1171 326 1374 366 Coelestcs
1399 329 1468 367 im-

136 383 226 422 bres
251 384 412 436 pipiavit
439 382 678 432 Achamoth,
717 391 757 424 et
789 398 858 423 nos
889 386 928 423 in
961 385 1139 423 cisternis
1171 386 1285 424 etiam
1319 387 1468 425 alienos

137 441 260 480 luctus
291 449 332 480 et
363 442 539 481 lacrimas
571 455 728 482 servare
762 456 950 481 curamus.
1012 441 1179 481 Proinde
1212 456 1261 482 ex
1293 452 1468 483 conster-

136 500 292 537 natione
319 506 359 538 et
388 513 532 552 pavore
565 501 785 553 corporalia
823 501 1013 539 elementa
1046 499 1162 539 ducta
1194 508 1299 550 sunt;
1339 509 1379 540 et
1410 509 1467 540 ta-

135 569 220 595 men
258 558 296 595 in
335 564 440 596 tanta
477 559 764 597 circumstantia
802 558 1035 605 solitudinis,
1081 559 1118 596 in
1159 565 1264 597 tanto
1304 561 1467 598 circuni-

133 621 270 666 spectu
295 614 556 654 destitutionis
582 614 735 655 ridebat
760 615 969 663 interdum,
997 629 1070 668 qua
1096 618 1297 668 conspecti
1324 617 1465 656 Christi

134 671 366 720 recordans3
405 673 542 712 eodem
580 673 722 725 gaudio
755 675 834 712 risu
867 674 992 713 lumen
1025 674 1179 712 effulsit.
1244 674 1360 712 Cuius
1391 675 1466 713 hoc

132 729 400 781 providentiae
426 731 675 777 beneficium,
710 744 806 782 quae
833 732 935 769 illam
961 730 1091 769 ridere
1119 731 1312 782 cogebat?
1348 731 1467 770 idcir—

133 799 200 834 co,
239 800 287 826 ne
325 800 479 839 semper
514 801 584 826 nos
621 789 659 825 in
698 788 870 826 tenebris
907 801 1158 826 moraremur.
1220 787 1306 827 Nec
1334 789 1466 827 obstu-

130 857 286 896 pescas,
338 846 401 897 qui
438 845 588 884 laetitia
625 845 707 883 eius
744 852 819 883 tam
858 844 1097 897 splendidum
1136 846 1365 884 elementum
1404 860 1464 885 ra-

131 901 297 941 diaverit
338 901 506 950 mundo‚.
536 916 621 941 cum
654 904 846 942 moestitia
880 916 1030 955 quoque
1063 904 1145 941 eius
1177 911 1252 942 tam
1284 916 1465 942 necessa-

130 960 227 998 rium
261 961 550 999 instrumentum
582 959 788 1000 defluxerit
818 962 964 1001 seculo.
1027 960 1057 999 Ο
1078 962 1199 999 'risum
1232 962 1464 1000 illuminato-

130 1019 230 1057 rem!
271 1032 293 1056 o
319 1019 449 1057 fletum
475 1020 707 1070 rigatorem!
772 1018 822 1056 Et
849 1026 974 1057 tamen
1001 1025 1156 1070 poterat
1180 1018 1353 1058 remedio
1387 1021 1460 1058 iam

130 1089 250 1127 agere
276 1090 361 1115 cum
386 1077 487 1115 illius
513 1077 590 1115 loci
622 1076 800 1114 horrore.
863 1076 1020 1114 Omnem
1054 1077 1154 1114 enim
1187 1077 1462 1115 obscuritatem

129 1134 213 1172 eius
239 1133 501 1180 discussisset,
530 1135 679 1185 quoties
706 1132 835 1171 ridere
860 1134 1063 1180 voluisset,
1090 1133 1151 1171 vel
1179 1147 1225 1171 ne
1254 1141 1463 1185 cogeretur

130 1189 354 1230 desertores
379 1204 468 1229 suos
493 1190 724 1242 supplicare.

250 1252 318 1290 16.
372 1247 620 1286 Convertitur
656 1249 754 1286 enim
794 1247 841 1286 ad
879 1261 1017 1300 preces
1055 1256 1094 1287 et
1124 1263 1206 1301 ipsa
1244 1263 1350 1289 more
1383 1264 1452 1289 ma'

130 1314 257 1344 terno.
325 1304 404 1344 Sed
443 1305 634 1352 Christus,
675 1319 784 1357 quem
824 1307 897 1344 iam
936 1306 1095 1357 pigebat
1132 1314 1243 1345 extra
1281 1307 1460 1346 Pleroma

131 1364 340 1416 proticisci,
365 1364 550 1402 vicarium
575 1364 754 1415 praeficit
773 1363 1029 1410 Paracletum,
1058 1362 1249 1411 Soterem,
1279 1365 1358 1414 (hic
1386 1367 1460 1404 erit

130 1421 254 1468 Iesus,
287 1421 427 1473 largito
440 1422 489 1460 ‘ei
515 1428 625 1473 patre
653 1422 914 1459 universorum
940 1420 1116 1459 Aeonum
1142 1435 1322 1460 summam
1351 1430 1460 1474 pote-

129 1486 286 1526 statem,
337 1477 587 1518 subiiciendis
625 1479 681 1517 eis
718 1478 910 1525 omnibus,
961 1480 1016 1516 uti
1053 1480 1091 1517 in
1130 1480 1213 1531 ipso
1252 1479 1459 1519 secundum

127 1535 343 1589 apostolum
362 1536 399 1590 ¹)
427 1537 553 1575 omnia
581 1535 887 1586 ‘conderentur,)
919 1535 967 1574 ad
994 1549 1076 1574 eam
1105 1538 1244 1575 emittit
1270 1551 1353 1576 cum
1381 1538 1461 1576 offi-

128 1596 190 1633 cio
228 1601 342 1647 atque
381 1595 565 1633 comitatu
602 1601 903 1632 coaetaneorum
941 1593 1199 1644 Angelorum,
1245 1594 1383 1634 credas
1421 1603 1459 1634 et

129 1665 215 1691 cum
252 1650 455 1691 duodecim
493 1651 676 1690 fascibus.
751 1651 807 1689 lbi
846 1650 994 1689 demum
1034 1650 1209 1689 adventu·
1238 1654 1459 1704 pompatico

127 1711 210 1749 eius
241 1722 429 1748 concussa
456 1708 670 1747 Achamoth
703 1708 876 1759 protinus
906 1708 1161 1746 velamentum
1194 1709 1267 1747 sibi
1300 1709 1461 1747 obduxit

127 1780 178 1805 ex
202 1766 328 1804 officio
355 1767 477 1817 primo
510 1765 770 1803 venerationis
803 1771 843 1803 et
871 1764 1151 1812 verecundiae3
1191 1765 1331 1804 dehinc
1365 1779 1459 1804 con-

126 1823 334 1875 templatur
359 1835 443 1860 eum
471 1822 787 1873 fructiferumque
814 1828 1055 1872 suggestum3
1089 1822 1224 1874 quibus
1249 1822 1339 1862 inde
1366 1836 1460 1862 con-

129 1887 290 1933 ceperat
323 1879 487 1926 viribus,
527 1880 700 1917 occurrit
729 1878 803 1917 illi:
841 1876 963 1932 κύριε,
999 1887 1117 1933 χαῖρε.
1179 1879 1272 1928 Hic,
1306 1882 1457 1933 opinor,

127 1945 344 1991 susceptam
383 1937 446 1976 ille
487 1936 689 1975 confirmat
725 1942 838 1989 atque
879 1937 1098 1976 conformat
1140 1939 1339 1990 agnitione
1383 1939 1456 1977 iam

127 2003 167 2035 et
203 1996 251 2035 ab
289 1995 463 2034 omnibus
500 1994 648 2033 iniuriis
685 1995 874 2046 passionis
911 1996 1149 2047 expumicat,
1201 2009 1276 2034 non
1321 1995 1456 2036 eadem

126 2054 366 2106 negligentia
392 2054 429 2092 in
455 2052 721 2091 exterminium
748 2051 948 2099 discretis,
976 2066 1073 2104 quae
1100 2052 1299 2092 acciderat
1325 2055 1363 2093 in
1390 2068 1456 2092 ca-

126 2111 231 2150 sibus
256 2112 400 2149 matris.
452 2109 530 2149 Sed
557 2109 656 2148 enim
682 2111 898 2148 exercitata
916 2111 1005 2148 vitia
1035 2117 1075 2149 et
1098 2125 1167 2150 usu
1191 2112 1334 2150 viriosa
1361 2125 1454 2150 con-

127 2167 239 2207 fudit.
293 2169 422 2220 Atque
448 2169 502 2206 ita
528 2167 744 2205 massaliter
768 2166 932 2206 solidata
957 2166 1092 2208 defixit
1116 2182 1288 2207 seorsum
1313 2170 1351 2207 in
1377 2182 1456 2206 ma-

126 2226 251 2265 teriae
289 2225 530 2277 corporalem
574 2230 810 2276 paraturam,
861 2232 1096 2264 commutans
1133 2239 1182 2264 ex
1218 2226 1455 2277 incorporali

126 2283 307 2336 passione
338 2281 459 2320 indita
491 2281 729 2320 habilitatem
760 2289 873 2334 atque
911 2290 1104 2330 naturam,
1144 2296 1217 2335 qua
1249 2283 1452 2334 pervenire

125 2354 216 2380 mox
246 2347 378 2392 posset
407 2340 446 2377 in
478 2339 647 2378 aemulas
683 2341 992 2392 aequiparantias
1030 2341 1374 2392 corpulentiarum,
1413 2347 1454 2378 ut

127 2397 268 2450 duplex
299 2397 595 2436 substantiarum
634 2395 804 2435 conditio
839 2397 1102 2444 ordinaretur,
1141 2397 1189 2435 de
1226 2397 1327 2435 vitiis
1365 2409 1453 2449 pes-

126 2456 233 2503 sima,
261 2454 309 2494 de
336 2455 589 2494 conversione
614 2454 854 2506 passionalis.
917 2454 1021 2494 Haec
1049 2456 1124 2494 erit
1149 2456 1327 2502 materia,
1355 2467 1451 2506 quae

220 2585 257 2623 ι)
284 2584 355 2615 coi.
371 2586 403 2624 1,
421 2586 473 2615 ιο.

187 2641 380 2674 Teurnia..
405 2642 460 2672 IV.
1137 2635 1163 2670 4
