1566 2808
341 182 466 214 Anv.
501 182 862 214 MARCIONEM
897 183 1074 214 L113ER
1109 185 1152 218 Π.
1350 181 1418 219 82

88 275 302 327 stringere,
328 274 463 327 quibus
487 275 709 326 superstitio
735 274 857 313 seculi
882 274 1088 326 agebatur,
1116 282 1155 313 ut
1180 274 1226 314 ab
1253 287 1301 314 ea
1324 288 1417 314 avo-

91 338 202 371 caret
223 331 330 371 illum
343 331 397 383 ¹),
424 330 497 371 sibi
521 331 656 370 iubens
682 331 779 378 fieri,
807 333 914 384 quasi
940 331 1188 379 desideranti,
1228 345 1275 371 ne
1302 333 1416 372 simu-

92 387 208 429 lacris
230 387 420 428 faciendis
445 387 700 440 delinqueret.

206 448 273 488 19.
322 443 401 484 Sed
434 453 475 484 et
498 446 541 484 in
562 447 653 498 ipsis
686 448 928 486 commerciis
952 448 1054 487 vitae
1087 455 1126 486 et
1151 450 1416 487 conversatio-

88 504 147 542 nis
182 502 369 542 humanae
413 501 518 552 domi
559 516 606 542 ac
648 503 742 542 foris
785 503 954 556 adusque
1001 519 1129 544 curam
1173 506 1416 545 vasculorum

88 560 331 599 omnifariam
357 559 548 607 distinxit,
575 567 618 598 ut
641 561 724 599 istis
750 561 939 612 legalibus
965 561 1178 614 disciplinis
1205 577 1416 602 occurren-

86 616 188 656 tibus
217 617 377 669 ubique,
416 630 464 656 ne
501 617 580 656 ullo
617 625 810 656 momento
841 626 1027 657 vacarent
1063 633 1085 657 a
1117 619 1181 658 dei
1219 628 1413 671 respectu.

88 672 187 722 Quid
212 675 313 714 enim
337 675 489 713 faceret
512 674 665 713 beatum
691 675 900 721 hominem,
940 689 1049 727 quam
1081 677 1119 714 in
1151 677 1239 727 lege
1271 676 1417 716 domini

83 731 263 770 voluntas
282 732 378 778 eius,
405 738 446 770 et
469 732 508 769 in
534 731 621 782 lege
644 730 786 769 domini
806 731 1054 770 meditabitur
1073 732 1135 771 die
1154 746 1200 771 ac
1221 741 1337 772 nocte
1351 735 1417 782 2)?

86 787 208 836 Quam
244 788 370 839 legem
403 801 480 826 non
511 787 652 827 duritia
688 784 944 840 promulgavit
981 792 1170 836 auctoris,
1208 790 1277 829 sed
1314 792 1414 829 ratio

83 857 252 885 summae
278 844 552 896 benignitatis,
591 846 722 897 populi
759 846 886 897 potius
917 845 1095 885 duritiam
1128 846 1343 887 edomantis
1374 856 1416 887 et

83 901 218 943 rudem
242 902 429 955 obsequio
454 901 567 941 fidem
601 903 778 954 operosis
810 903 949 942 officiis
981 903 1217 952 dedolantis,
1255 913 1296 944 ut
1321 905 1415 944 nibil

83 958 135 1000 de
165 961 320 999 arcanis
349 961 536 1011 attingam
562 960 883 1011 significantiis3)
917 961 1015 1012 legis
1045 963 1230 1014 spiritalis
1261 963 1415 1002 scilicet

83 1024 124 1056 et
157 1017 410 1071 propheticae
448 1024 489 1056 et
524 1018 563 1055 in
589 1017 763 1056 omnibus
793 1030 916 1069 paene
948 1020 1183 1070 argumentis
1210 1020 1411 1071 figuratae.

84 1072 240 1123 Sufficit
264 1075 365 1114 enim
395 1076 434 1113 in
458 1076 676 1127 praesenti,
715 1076 758 1113 s'r
772 1076 1000 1127 simpliciter
1023 1076 1215 1116 hominem
1242 1077 1316 1115 deo
1344 1077 1414 1115 ob-

82 1131 247 1183 ligabat,
283 1139 328 1170 ut
351 1145 463 1170 nemo
490 1145 573 1171 eam
599 1132 812 1183 reprobare
839 1131 999 1179 debeat,
1044 1134 1115 1171 nisi
1142 1135 1204 1171 cui
1229 1147 1306 1172 non
1331 1134 1414 1185 pla·

83 1195 149 1228 cet
184 1187 260 1227 deo
297 1187 508 1228 deservire.
569 1187 632 1226 Ad
662 1189 738 1226 hoc
775 1189 1024 1235 beneficium,
1064 1203 1140 1230 non
1172 1204 1267 1229 onus
1299 1191 1412 1242 legis,

82 1244 356 1294 adiuvandum,
394 1246 509 1285 etiam
535 1245 744 1298 prophetas
771 1245 906 1284 eadem
931 1246 1083 1285 bonitas
1115 1246 1179 1285 dei
1205 1246 1411 1294 ordinavit,

82 1301 272 1343 docentes
302 1302 377 1343 deo
411 1302 546 1354 digna,
585 1303 740 1341 auferre
771 1304 961 1354 nequitias
986 1302 1035 1342 de
1072 1305 1216 1351 anima,
1256 1304 1411 1343 discere

81 1360 336 1408 benefacere,
373 1361 580 1412 exquirere
610 1358 813 1406 iudicium,
851 1358 1023 1398 iudicare
1056 1361 1201 1412 pupillo
1232 1368 1273 1399 et
1303 1362 1412 1399 iusti-

80 1417 202 1456 ficare
224 1415 458 1466 viduam⁴)‚.
482 1415 648 1468 diligere
681 1417 944 1468 quaestiones,
982 1418 1118 1468 fugere
1151 1417 1411 1469 improborum

80 1481 319 1522 contactum,
357 1473 553 1513 dimittere
587 1474 805 1512 conflictam
842 1474 1053 1526 integram,
1094 1473 1282 1527 dissipare
1314 1477 1411 1514 scri-

77 1538 229 1584 pturam
253 1532 450 1579 iniustam,
482 1531 697 1582 infringere
723 1544 861 1584 panem
887 1533 1073 1570 esurienti
1099 1539 1139 1571 et
1163 1540 1307 1571 tectum
1333 1547 1411 1571 non

77 1589 284 1630 habentem
303 1587 496 1635 inducere
523 1589 562 1628 in
588 1587 738 1627 domum
765 1596 885 1636 tuam,
924 1589 1063 1628 nudum
1089 1591 1121 1628 si
1145 1589 1289 1629 videris
1316 1604 1412 1629 con-

77 1653 216 1699 tegere
247 1653 288 1687 et
317 1645 553 1686 domesticos
585 1647 740 1697 seminis
765 1647 820 1685 tui
845 1661 922 1684 non
948 1646 1152 1699 despicere
1167 1649 1224 1694 ⁵);
1254 1661 1410 1699 compe-

79 1716 192 1745 scere
216 1705 384 1755 linguam
409 1717 433 1742 a
457 1704 558 1742 malo
584 1711 625 1742 et
648 1703 769 1750 labia,
801 1716 850 1742 ne
876 1704 1082 1756 loquantur
1108 1703 1254 1750 dolum,
1288 1704 1412 1743 decli-

78 1773 174 1804 nare
203 1774 227 1800 a
250 1761 351 1800 malo
383 1767 424 1799 et
452 1761 586 1799 facere
617 1760 776 1807 bonum,
810 1773 997 1812 quaerere
1028 1774 1164 1811 pacem
1196 1768 1236 1798 et
1266 1762 1409 1799 sectari

79 1817 237 1870 eam⁶)‚;
273 1818 391 1858 irasci
417 1823 458 1855 et
481 1830 559 1854 non
590 1815 836 1868 delinquere,
875 1815 915 1854 i'd
941 1824 1000 1855 est
1024 1818 1063 1855 in
1089 1819 1147 1855 ira
1172 1831 1248 1856 non
1273 1831 1408 1870 perse-

78 1888 238 1923 verare,
274 1875 355 1918 sive
381 1874 533 1913 saevire
547 1874 623 1923 ¹¹)3·
645 1887 722 1912 non
752 1873 861 1912 abire
893 1874 931 1912 in
958 1875 1165 1913 concilium
1191 1876 1406 1927 impiorum,

78 1945 152 1972 nec
176 1940 281 1974 stare
306 1933 346 1971 in
369 1932 429 1970 via
463 1938 733 1983 peccatorum,
773 1944 846 1970 nec
872 1932 911 1969 in
937 1931 1123 1970 cathedra
1146 1933 1407 1984 pestilentium

76 1989 219 2030 sedere
232 1992 283 2042 ⁸),
315 1988 385 2029 sed
417 1989 507 2027 ubi?
564 1987 665 2030 Vide
697 2001 807 2041 quam
836 1988 977 2027 bonum
1004 1996 1044 2028 et
1067 1989 1272 2028 iucundum
1297 1990 1407 2029 habi-

77 2055 162 2087 tare
186 2049 330 2088 fratres
354 2048 393 2086 in
418 2059 552 2092 unum,
589 2044 818 2084 meditantes
844 2044 907 2085 die
933 2060 979 2085 ac
1012 2054 1129 2086 nocte
1156 2048 1194 2085 in
1220 2048 1309 2099 lege
1335 2047 1406 2086 do-

75 2105 169 2144 mini
181 2106 235 2155 ⁹),
261 2106 351 2162 quia
368 2103 510 2142 bonum
529 2103 683 2142 scilicet
700 2102 821 2143 fidere
847 2105 886 2142 in
912 2102 1118 2150 dominum,
1146 2118 1257 2156 quam
1283 2104 1405 2144 fidere

75 2163 116 2200 in
139 2162 352 2210 hominem,
392 2168 433 2199 et
456 2173 614 2212 sperare
638 2161 678 2199 in
703 2159 915 2208 dominnm,
949 2175 1060 2213 quam
1080 2159 1244 2214 'sperare
1270 2164 1309 2201 in
1334 2163 1405 2201 ho-

76 2220 311 2269 minemw).
374 2217 506 2266 Qualis
541 2218 641 2257 enim
673 2218 773 2270 apud
804 2217 915 2258 deum
947 2232 1098 2258 merces
1127 2219 1297 2258 bomini?
1353 2219 1407 2257 Et

76 2277 153 2316 erit
175 2283 354 2329 tanquam
378 2276 535 2327 lignum,
562 2274 664 2328 quod
687 2276 896 2328 plantatum
923 2283 982 2315 est
1006 2278 1112 2315 iuxta
1138 2277 1262 2315 exitus
1287 2289 1404 2328 aqua-

168 2391 207 2430 1)
231 2390 469 2421 Edd.omneet
495 2390 622 2430 illos,
648 2391 739 2429 quod
758 2391 789 2422 si
809 2392 1038 2432 retineretur,
1065 2392 1282 2422 scribendum
1294 2393 1401 2423 foret:

76 2435 401 2476 delinquerent.
487 2436 524 2474 2)
550 2436 605 2467 Pe.
620 2438 652 2477 1,
669 2438 753 2476 inq.
841 2438 877 2481 ξ)
902 2438 1011 2470 Rhen.
1024 2438 1076 2469 ed.
1089 2439 1114 2468 1.
1130 2440 1164 2468 et
1177 2438 1403 2478 Rigaigni-

75 2481 271 2513 licentis.
365 2483 403 2522 4)
429 2483 492 2512 len.
512 2483 543 2522 1,
566 2484 620 2514 1¹1.
715 2482 752 2525 5)
776 2485 841 2514 Ien-
863 2484 917 2524 58,
939 2485 971 2516 7.
1067 2482 1106 2527 6)
1130 2484 1185 2514 Ps.
1205 2484 1260 2521 34,
1285 2485 1327 2515 13
1353 2493 1403 2523 eq.

75 2528 114 2567 Ἰ)
138 2527 194 2560 Pu.
215 2529 249 2568 4,
273 2530 304 2559 5.
399 2528 436 2568 8)
460 2527 516 2560 Ρι.
536 2530 567 2569 1,
590 2530 621 2560 1.
716 2528 755 2572 9)
770 2529 826 2561 Pe.
842 2530 919 2571 133,
939 2531 971 2562 1.
1067 2529 1128 2570 1⁰)
1151 2530 1208 2561 Ρι.
1224 2531 1302 2570 118,
1322 2531 1354 2561 8.
1369 2532 1400 2561 9.

75 2573 150 2614 Rig.
175 2579 353 2614 sperare
378 2574 421 2604 in
447 2574 688 2615 principe..

132 2631 328 2665 Ten-rum.
351 2633 409 2663 111.
1085 2636 1112 2674 7
