1604 2800
336 185 412 216 DE
447 184 959 216 RESURRECTIONE
996 185 1221 216 CARNIS.
1341 183 1440 220 182

117 276 370 330 portendi;¹)
396 275 560 328 denique
586 278 798 323 irriserant,
816 280 901 314 'non
926 277 1075 314 irrisuri
1101 277 1275 324 omnino,
1301 277 1334 314 si
1357 278 1441 315 ani-

118 347 204 374 mae
229 334 347 374 solius
372 335 653 373 restitutionem
679 332 726 371 ab
753 346 800 371 eo
821 332 1029 380 audissent,
1055 335 1316 385 suscepissent
1340 335 1440 373 enim

118 391 351 430 vernaculae
392 404 483 430 suae
526 390 791 442 philosophiae
829 391 1130 442 frequentiorem
1160 392 1441 443 praesumptio-

120 461 223 488 nem.
283 447 338 487 At
361 448 427 487 nbi
451 448 628 487 nationes
652 448 898 500 praeconium
924 449 1229 486 resurrectionis
1247 447 1440 486 inauditae

120 513 228 544 retro
254 506 338 558 ipsa
362 507 531 544 novitate
558 506 769 551 concussit,
797 512 836 543 et
862 504 977 556 digna
1001 504 1251 543 incredulitas
1275 507 1333 544 rei
1357 512 1442 543 tan-

119 569 183 602 tae
209 563 496 615 quaestionibus
521 561 634 601 fidem
659 569 890 613 extorquere
917 564 1064 614 coepit:
1101 569 1192 601 tnnc
1223 569 1263 601 et
1287 569 1442 615 aposto-

120 620 180 659 lus
205 633 275 672 per
298 627 418 658 totum
443 632 566 672 paene
590 620 877 658 instrumentum
904 618 1015 657 fidem
1048 619 1156 658 buius
1187 620 1270 671 spei
1307 632 1443 659 corro-

119 677 263 716 borare
301 678 465 724 curavit,
503 684 543 716 et
579 690 665 715 esse
702 690 784 715 eam
821 675 1028 717 osteudens
1058 683 1099 715 et
1128 676 1292 715 nondum
1318 683 1443 714 trans-

120 741 247 774 actam
279 741 319 773 et
343 733 415 784 (de
447 748 520 785 qno
546 735 667 784 magis
692 733 967 784 quaerebatur)
993 733 1235 785 corporalem
1260 740 1300 772 et
1326 731 1443 784 (quod

120 792 279 844 insuper
302 790 562 838 dubitabatur)
590 803 665 828 non
691 791 804 828 aliter
830 790 1082 841 corporalem?

235 851 305 889 40.
353 846 460 885 Nibil
491 854 618 884 autem
648 847 795 892 mirum,
833 847 864 884 si
895 853 940 887 ,et
970 858 1019 884 ex
1048 846 1167 898 ipsius
1190 846 1443 885 instrumento

122 911 328 957 captentur
350 910 594 955 argumenta,
633 916 715 942 cum
750 910 929 955 oporteat
959 902 1142 942 haereses
1167 906 1319 953 esse,²)
1346 916 1443 955 quae

121 974 208 1000 esse
231 975 308 1000 non
338 968 514 1014 possent,
552 962 583 999 si
621 974 698 998 non
730 968 768 999 et
799 973 1001 1012 perperam
1032 961 1247 1011 scripturae
1278 961 1445 1011 intelligi

118 1025 290 1071 possent.
350 1018 501 1057 Nactae
539 1016 702 1068 denique
740 1017 922 1055 haereses
954 1016 1049 1054 duos
1079 1017 1253 1055 homiues
1277 1017 1325 1056 ab
1350 1030 1445 1069 apo-

120 1076 222 1115 stolo
248 1074 393 1122 editos,
419 1075 662 1120 interiorem,
688 1072 728 1111 id
753 1080 812 1111 est
836 1074 1017 1119 animam,
1051 1080 1091 1112 et
1115 1074 1368 1120 exteriorem,
1406 1072 1444 1111 id

121 1139 184 1171 est
207 1145 376 1178 carnem,
403 1132 562 1170 salutem
588 1129 739 1182 quidem
764 1131 925 1175 animae,
952 1129 992 1167 id
1011 1136 1071 1168 est
1090 1131 1267 1168 interiori
1287 1130 1443 1175 bomini,

122 1188 281 1236 exitium
317 1201 411 1227 vero
450 1189 576 1232 carui,
613 1186 651 1224 id
683 1193 742 1224 est
772 1187 959 1224 exteriori
984 1185 1318 1233 adiudicaverunt,
1357 1187 1446 1239 quia

123 1246 306 1297 scriptum
332 1246 381 1283 sit
395 1244 624 1282 Corinthiis:
652 1257 736 1281 nam
763 1245 835 1282 etsi
861 1243 975 1281 bomo
1001 1250 1134 1281 noster
1159 1245 1333 1282 exterior
1357 1256 1446 1282 cor-

122 1303 329 1354 rumpitur,
366 1300 436 1340 sed
472 1301 635 1339 interior
663 1307 870 1339 renovatur
901 1299 948 1339 de
980 1299 1042 1338 die
1073 1307 1113 1338 et
1137 1299 1260 1349 die.³)
1321 1299 1444 1339 Porro

124 1372 198 1398 nec
222 1360 348 1398 anima
372 1371 443 1410 per
467 1364 588 1396 semet
612 1359 732 1409 ipsam
763 1358 895 1404 homo,
935 1370 1032 1409 quae
1064 1357 1246 1408 figmento
1276 1357 1350 1395 iam
1375 1357 1447 1395 ho-

124 1416 217 1454 mini
252 1416 447 1468 appellato
482 1421 619 1466 postea
654 1415 798 1452 inserta
835 1421 912 1460 est,
962 1427 1034 1452 nec
1073 1426 1164 1452 caro
1202 1414 1285 1451 sine
1322 1414 1448 1451 anima

125 1473 259 1520 homo,
292 1485 389 1525 quae
414 1478 503 1524 post
527 1471 700 1510 exsilium
726 1472 875 1509 animae
902 1469 1069 1509 cadaver
1092 1470 1328 1508 inscribitur.
1389 1469 1448 1508 Ita

122 1529 350 1568 vocabulum
386 1529 500 1567 bomo
539 1530 801 1566 consertarum
838 1527 1132 1566 substantiarum
1166 1526 1322 1566 duarum
1354 1540 1448 1579 quo-

123 1585 327 1627 dammodo
347 1586 462 1625 fibula
482 1592 554 1630 est,
580 1585 648 1623 sub
669 1598 742 1637 quo
766 1585 956 1624 vocabulo
981 1598 1057 1622 non
1082 1591 1241 1635 possunt
1265 1597 1349 1623 esse
1375 1585 1449 1622 nisi

111 1643 394 1694 cohaerentes.
466 1642 588 1681 Porro
632 1642 828 1693 apostolus
869 1642 1094 1693 interiorem
1138 1641 1328 1679 bominem
1370 1654 1449 1679 nou

122 1707 200 1739 tam
225 1702 407 1745 animam,
439 1712 549 1750 quam
578 1705 743 1736 mentem
774 1705 887 1748 atque
918 1698 1081 1734 animum
1106 1697 1269 1747 intelligi
1294 1697 1446 1743 mavult,

123 1755 164 1795 id
200 1763 279 1802 est,
317 1769 393 1793 uon
424 1755 671 1792 substantiam
703 1755 842 1804 ipsam,
881 1753 949 1791 sed
985 1753 1219 1791 substantiae
1250 1765 1447 1804 saporem3

125 1811 312 1864 siquidem
336 1811 513 1862 Ephesiis
543 1810 716 1847 scribens
746 1811 784 1847 in
810 1810 1032 1848 interiorem
1058 1810 1247 1848 hominem
1272 1809 1450 1848 habitare

127 1869 338 1914 Christum,
365 1867 537 1906 sensibus
563 1868 692 1917 utique
717 1865 962 1904 intimandum
987 1865 1178 1904 dominum
1203 1867 1447 1917 significavit,

127 1925 293 1978 denique
318 1924 509 1963 adiunxit:
536 1935 607 1974 per
631 1921 741 1961 fidem
768 1930 808 1961 et
833 1924 871 1961 iu
897 1922 1077 1962 cordibus
1099 1924 1238 1962 vestris
1263 1931 1304 1962 et
1327 1925 1364 1962 in
1390 1923 1450 1963 di-

127 1983 362 2030 lectione‚⁴)
402 1980 514 2020 fidem
553 1979 703 2031 quidem
740 1987 780 2018 et
815 1979 1061 2019 dilectionem
1098 1994 1175 2018 non
1213 1980 1450 2019 substantiva

128 2041 278 2087 animae
303 2052 468 2092 ponens,
506 2036 574 2076 sed
600 2038 841 2088 conceptiva,
879 2039 918 2076 in
944 2037 1124 2076 cordibus
1148 2035 1275 2076 autem
1300 2037 1448 2084 dicens,

130 2109 228 2148 qnae
253 2097 487 2135 substantiva
512 2101 599 2132 suut
629 2095 774 2138 carnis,
811 2095 884 2132 iam
916 2102 956 2133 et
985 2096 1104 2146 ipsum
1131 2096 1352 2133 interiorem
1380 2096 1449 2133 bo-

130 2153 268 2192 minem
295 2154 402 2191 carni
427 2151 639 2203 deputavit,
677 2164 785 2202 quam
816 2152 854 2189 iu
880 2151 1000 2190 corde
1025 2153 1236 2198 constituit.
1298 2151 1448 2203 Inspice

131 2223 244 2256 nunc,
272 2208 461 2261 quomodo
488 2209 721 2247 exteriorem
746 2207 897 2259 quidem
921 2209 1111 2247 bominem
1137 2210 1329 2260 corrumpi
1354 2208 1449 2246 alle-

130 2267 251 2317 garit,
289 2267 511 2305 interiorem
534 2277 628 2303 vero
653 2266 831 2303 renovari
857 2264 919 2304 die
943 2279 989 2304 ac
1016 2265 1098 2312 die3
1137 2278 1208 2303 nec
1233 2265 1334 2302 illam
1362 2277 1451 2302 cor—

131 2324 317 2375 ruptelam
345 2324 471 2362 carnis
496 2321 677 2367 affirmes,
710 2335 818 2372 quam
844 2335 894 2360 ex
917 2321 979 2360 die
1005 2323 1138 2360 mortis
1163 2323 1200 2359 in
1224 2328 1449 2372 perpetuum

133 2380 331 2419 defectura
370 2380 553 2432 patiatur,
591 2377 660 2416 sed
698 2391 806 2430 quam
843 2380 881 2417 iu
917 2380 1025 2418 istius
1061 2380 1162 2417 vitae
1200 2379 1323 2429 spatio
1360 2385 1450 2416 ante

224 2518 261 2553 1)
286 2516 362 2549 Act.
381 2519 499 2556 Apost.
522 2517 576 2556 ιτ,
600 2517 653 2547 32.
749 2517 784 2556 2)
812 2517 827 2545 ι
845 2517 921 2547 eor.
941 2517 991 2554 11,
1007 2518 1060 2547 ¹9.
1157 2514 1194 2559 3)
1222 2517 1331 2548 zoor.
1346 2519 1378 2556 4,
1395 2518 1450 2552 ιε,

132 2563 170 2604 4)
195 2564 280 2602 Eph.
296 2565 328 2601 3,
346 2566 387 2594 16
397 2573 445 2603 sq.
