1566 2808
141 176 242 213 182
389 178 515 209 ADV.
552 177 917 208 MARCIONEM
954 176 1131 207 LIBER
1161 177 1216 208 1v.

142 270 297 308 ultionis
330 271 451 308 omnis
482 271 660 321 iniquitas
691 270 928 318 refrenatum
967 276 1138 307 ceterum
1164 269 1302 320 passim
1331 268 1468 307 emissa

142 328 320 366 libertate
347 327 617 373 dominabitur,
644 334 842 378 utrumque
869 327 1019 365 oculum
1041 327 1226 365 effossura
1254 333 1294 364 et
1319 339 1468 364 omnem

142 384 294 424 dentem
333 386 549 423 excitatura
585 384 679 436 prae
718 379 952 435 impunitatis
989 386 1213 435 securitate.
1260 382 1352 423 'Sed
1393 384 1468 422 hoc

141 450 200 481 ost
230 441 294 481 dei
325 443 458 494 optimi
490 450 530 481 et
560 449 701 481 tantum
728 443 842 489 boni,
886 444 1094 494 patientiae
1121 442 1294 480 iniuriam
1321 441 1468 487 faceres

140 501 348 540 violentiae
375 501 523 539 ianuam
555 499 746 552 pandere,
785 500 928 551 probos
954 514 1029 538 non
1056 499 1287 546 defendere,
1325 499 1469 551 impro-

140 558 210 598 bos
242 554 323 596 non'
351 571 552 596 coercere.
616 558 724 595 Omni
757 559 902 609 petenti
934 565 972 596 te
1005 557 1109 604 dato,
1131 559 1167 606 1)
1206 557 1337 609 utique
1369 555 1470 595 indi-

141 617 271 666 genti,
315 616 375 654 vei
414 623 521 665 tanto
560 617 680 667 magis
718 611 925 666 indigenti,
965 616 995 653 si
1028 616 1141 653 etiam
1174 621 1215 667 et
1245 613 1467 652 abundanti,

140 672 200 711 Ne
228 674 309 725 quis
336 687 430 724 ergo
457 673 648 724 indigeat,
688 672 813 711 datori
844 674 1067 725 imperatam
1094 672 1214 711 habes
1233 673 1270 720 2)
1303 673 1341 710 in
1367 671 1471 710 Deu-

141 732 357 769 teronomio
384 732 542 769 sormam
571 732 774 769 creatoris.
836 730 925 769 Non
952 731 1044 776 erit,
1077 731 1216 782 inquit,
1243 730 1280 768 in
1308 736 1344 767 te
1370 727 1470 767 indi-

141 801 260 839 gens,
309 789 363 825 uti
389 788 625 826 benedicens
658 787 863 826 benedicat
895 795 932 825 te
965 787 1140 825 dominus
1172 786 1280 825 deus.
1303 793 1408 832 tuus,
1429 786 1468 834 ³)

142 845 315 884 datorem
343 846 505 892 scilicet,
534 847 595 897 qui
621 846 760 884 fecerit
786 859 861 883 non
888 857 972 883 esse
999 843 1249 895 indigentem.
1310 843 1361 882 Et
1385 843 1469 894 plus

140 904 222 951 hic3
251 917 324 941 non
352 904 450 941 enim
483 904 628 954 petenti
656 903 761 941 iubet
786 902 886 949 dari,
919 901 988 940 sed
1015 915 1089 938 nou
1117 903 1178 947 sit,
1205 901 1344 952 inquit,
1372 899 1470 938 indi-

140 974 235 1011 gens
267 962 304 998 in
336 968 399 1007 te,
445 959 481 998 id
515 968 574 999 est
603 974 694 999 cura
729 961 853 1007 ultro,
892 972 938 997 ne
965 960 1034 1005 sit;
1074 972 1147 1010 quo
1175 959 1295 1009 magis
1320 958 1470 1010 petenti

140 1017 381 1069 praeiudicat
407 1017 589 1064 dandum,
627 1019 742 1056 etiam
774 1018 813 1054 in
843 1016 1102 1068 sequentibus.
1166 1014 1207 1054 Si
1234 1023 1359 1054 autem
1386 1016 1470 1054 fue-

140 1077 190 1113 rit
220 1075 397 1126 indigens
429 1089 450 1113 e
488 1075 670 1113 fratribus
703 1076 801 1121 tuis,
841 1088 916 1112 non
949 1082 1101 1112 avertes
1134 1087 1204 1112 cor
1228 1080 1356 1120 tuum,
1395 1085 1467 1111 nec

141 1133 384 1183 constringes
415 1146 562 1170 manum
595 1139 695 1172 tuam
722 1146 744 1170 a
770 1133 889 1170 fratre
917 1130 1133 1184 indigente3
1172 1131 1351 1183 aperiens
1376 1143 1469 1182 ape-7

140 1191 217 1228 ries
242 1190 297 1228 ilii
323 1204 490 1237 manum,
529 1191 665 1228 foenus
698 1189 920 1228 foenerabis
958 1190 1031 1236 illi,
1066 1196 1243 1241 quantum
1270 1186 1468 1234 desidera-

140 1249 265 1295 rit34)
311 1248 447 1286 foenus
485 1249 585 1286 enim
623 1249 694 1286 nisi
733 1248 880 1299 petenti
918 1246 1001 1285 dari
1034 1261 1109 1284 non
1141 1246 1252 1285 solet.
1315 1244 1393 1284 Sed
1420 1244 1468 1284 de

139 1306 302 1344 foenore
338 1305 594 1357 postmodum,
665 1305 778 1344 Nune
816 1306 847 1344 si
893 1306 955 1358 qui
990 1305 1158 1344 voluerit
1193 1303 1467 1355 argumentari,

140 1370 357 1401 creatorem
397 1363 546 1414 quidem
584 1364 767 1402 fratribus
805 1362 888 1402 dari
926 1363 1105 1410 iussisse,
1145 1362 1337 1400 Christum
1373 1373 1467 1400 vero

140 1420 312 1457 omnibus
338 1421 570 1471 petentibus,
597 1429 636 1458 ut
663 1421 737 1459 hoc
765 1422 814 1458 sit
839 1434 974 1459 novum
1002 1427 1116 1471 atque
1143 1418 1352 1458 diversumz
1391 1419 1467 1465 imo

140 1491 249 1515 unum
283 1478 358 1515 erit
394 1490 443 1515 ex
474 1477 556 1523 his,
589 1491 659 1528 per
684 1490 786 1528 ⁴quae
824 1478 888 1515 lex
920 1480 1109 1515 creatoris
1135 1478 1210 1521 erit
1232 1478 1272 1514 in
1298 1476 1465 1514 Christo.

138 1534 226 1572 Non
260 1536 359 1573 enim
391 1534 494 1572 aliud
527 1535 701 1572 Christus
732 1535 770 1572 in
802 1547 933 1573 omnes
966 1532 1189 1586 praecepit,
1218 1546 1327 1585 quam
1359 1531 1468 1585 quod

139 1599 296 1630 creator
321 1593 358 1629 in
383 1593 538 1637 fratres.
599 1591 698 1630 Nam
725 1593 797 1630 etsi
824 1593 947 1630 maior
971 1598 1030 1630 est
1054 1591 1221 1638 bonitas,
1249 1603 1346 1642 quae
1373 1603 1467 1642 ope-

138 1657 244 1688 ratur
275 1651 313 1688 in
345 1657 577 1696 extraneos,
615 1649 684 1688 sed
716 1663 791 1687 non
823 1650 930 1701 prior
955 1662 1025 1696 ea,
1066 1661 1161 1700 quae
1188 1655 1276 1693 ante
1304 1647 1468 1686 deberet

139 1708 174 1744 in
202 1709 410 1758 proximos.
473 1707 564 1755 Quis
602 1708 701 1746 enim
734 1720 809 1744 non
841 1706 1005 1758 diligens
1037 1706 1234 1758 proximos
1252 1706 1289 1754 5)
1322 1706 1468 1757 poterit

138 1764 302 1816 diligere
336 1766 569 1803 extraneos?
629 1764 773 1812 Quodsi
799 1763 995 1803 *secundus
1027 1762 1174 1816 gradus.
1199 1763 1383 1801 bonitatis
1403 1770 1468 1802 est

137 1824 174 1860 in
202 1830 428 1869 extraneos,
456 1823 519 1874 qui
544 1823 581 1860 in
608 1823 804 1874 proximos
830 1823 971 1874 primus
999 1829 1075 1868 est,
1109 1819 1279 1860 eiusdem
1306 1821 1382 1859 erit
1405 1832 1467 1859 se-

139 1879 282 1918 cundus
309 1880 469 1931 gradus,
509 1881 617 1918 ouius
642 1887 682 1919 et
706 1881 867 1931 primus,
905 1880 1075 1927 facilius,
1110 1892 1219 1930 quam
1244 1885 1297 1917 ut.
1311 1879 1392 1916 eius
1417 1878 1468 1916 sit

137 1937 341 1983 secundus,
370 1939 476 1976 cuius
503 1951 579 1982 non
605 1939 753 1976 exstitit
777 1938 934 1989 primus.
987 1937 1054 1979 ,Ita
1081 1943 1240 1981 creator
1264 1942 1304 1975 et
1328 1932 1467 1975 secun-

137 1993 224 2032 dum
257 2002 416 2033 naturae
451 1995 622 2034 ordinem
655 1996 813 2047 primum
842 1997 881 2034 in
905 1995 1102 2047 proximos
1133 1993 1267 2033 docuit
1289 1993 1467 2044 benigni-

136 2059 279 2098 tatem,
318 2053 523 2090 emissurus
564 2066 647 2091 eam
685 2060 820 2104 postea
851 2054 889 2091 in
921 2060 1149 2099 extraneos,
1187 2058 1227 2091 et
1257 2049 1465 2090 secundum

136 2110 324 2148 rationem
352 2107 615 2160 dispositionis
646 2123 738 2148 suae
766 2112 886 2161 primo
914 2111 952 2148 in
978 2109 1161 2155 Iudaeos,
1199 2114 1335 2160 postea
1360 2114 1400 2146 et
1425 2108 1464 2146 in

137 2180 247 2221 omne
272 2167 476 2205 hominum
514 2180 647 2217 genus.
721 2166 890 2219 ideoque
929 2166 1106 2218 quamdiu
1143 2166 1244 2204 intra
1280 2164 1464 2204 Israelem

136 2231 222 2263 erat
257 2231 555 2270 sacramentum,
594 2225 732 2262 merito
770 2226 809 2262 in
846 2224 950 2262 solos
987 2224 1128 2263 fratres
1159 2222 1463 2262 misericordiam

135 2280 352 2321 mandabat.
424 2279 494 2320 At·
514 2282 578 2333 ubi
616 2281 770 2319 Christo
802 2280 910 2320 dedit
946 2289 1083 2332 gentes
1114 2279 1392 2320 haereditatem
1423 2286 1464 2318 et

135 2341 418 2391 possessionem
456 2340 641 2378 terminos
672 2346 826 2386 terrae,
847 2334 885 2390 6)
925 2346 965 2378 et
996 2340 1127 2392 coepit
1157 2339 1323 2390 expungi
1361 2335 1463 2389 quod

229 2488 265 2531 1)
291 2477 375 2522 Luc.
390 2493 422 2528 6,
447 2492 501 2522 30.
597 2491 632 2531 2)
660 2490 871 2525 staemend.
897 2490 988 2530 Rig.;
1014 2489 1120 2521 Rhen.
1145 2488 1196 2520 ed.
1223 2489 1248 2518 1.
1269 2487 1461 2518 datorem

135 2535 383 2574 imparatam
409 2536 541 2567 haben
554 2545 586 2576 s,
610 2545 698 2575 quae
717 2537 778 2568 alii
791 2537 893 2570 aliter
905 2538 1096 2567 mutarunt.
1170 2533 1206 2566 3)
1232 2534 1335 2565 Deut.
1358 2533 1460 2572 15,4.

137 2582 381 2623 4)Deut.15‚7
392 2592 439 2621 sq.
466 2580 506 2626 5)
517 2584 671 2615 vinnon
684 2583 752 2615 dil.
766 2593 881 2623 prox.
895 2581 1170 2614 ss'ouweraddae
1184 2589 1244 2612 ms.
1277 2581 1313 2620 6)
1322 2577 1416 2619 Pii-2,
1427 2579 1459 2609 8.
