1604 2800
552 186 974 223 Anv.·1unAssos.
1322 193 1423 230 811

101 288 250 317 omnem
283 277 489 317 valentiam
519 279 744 331 populorum
774 292 846 332 per
875 281 1093 329 circuitum,
1130 295 1260 323 aurum
1289 292 1332 324 et
1357 299 1422 326 ar-

99 341 267 386 gentum.
283 334 323 387 ¹)
367 333 466 374 Nam
491 334 540 375 de
565 336 640 375 hoc
666 337 748 375 auri
772 349 929 376 munere
955 340 1069 377 etiam
1094 338 1216 379 David
1241 339 1356 380 dixit:
1381 351 1423 382 et

99 390 255 431 dabitur
276 393 333 431 illi
358 391 406 431 de
431 405 526 431 auro
549 391 731 432 Arabiae.
745 395 781 444 2)
846 393 898 432 Et
920 396 1075 434 iterum:
1112 410 1227 449 reges
1250 397 1420 438 Arabum

98 455 140 488 et
164 447 269 488 Saba
291 462 451 488 munera
473 450 638 489 afferent
661 450 729 488 illi.
744 451 782 499 ³)
854 450 953 490 Nam
978 460 1018 491 et
1041 466 1173 505 magos
1197 467 1313 506 reges
1337 456 1420 495 fere

98 504 232 544 hahuit
274 505 429 554 Oriens,
474 514 514 546 et
549 507 757 546 Damascus
790 506 961 547 Arabiae
1003 517 1110 555 retro
1154 510 1420 564 deputabatur,

97 569 301 615 antequam
336 565 588 616 transscripta
625 571 728 603 esset
762 565 801 602 in
838 563 1159 618 Syrophoenicen
1196 581 1247 607 ex
1287 568 1421 608 distin-

92 619 228 666 ctione
254 618 471 672 Syriarum,
510 622 617 659 cuius
642 628 732 659 tunc
757 622 933 660 virtutem
959 622 1132 663 Christus
1156 627 1324 678 accepit,
1354 639 1421 664 ac-

97 675 279 728 cipiendo
314 678 480 728 insignia
515 679 623 725 eius,
666 691 796 716 aurum
833 680 985 718 scilicet
1021 687 1061 718 et
1096 680 1262 729 odores,
1298 683 1423 734 spolia

97 739 224 772 autem
250 732 467 781 Samariae,
504 735 608 786 ipsos
632 748 784 786 magos,
823 737 885 787 qui
911 749 994 774 cum
1019 737 1123 775 illum
1150 740 1424 789 cognovissent

96 796 139 828 et
161 791 380 829 muneribus
411 791 668 829 honorassent
691 798 731 829 et
755 804 856 841 genu
880 794 1007 842 posito
1039 792 1283 840 adorassent,
1315 797 1422 845 quasi

96 843 289 885 dominum
314 853 356 886 et
378 859 525 897 regem,
551 847 620 884 sub
644 848 865 885 testimonio
891 847 1030 886 iudicis
1048 856 1089 886 et
1107 848 1246 887 indicis
1270 851 1420 895 stellae,

96 902 221 953 spolia
255 909 345 940 sunt
379 903 473 940 facti
499 901 717 948 Samariae,
754 901 794 940 id
825 909 884 941 est
914 902 1179 951 idololatriae,
1218 905 1422 945 credentes

94 956 282 998 videlicet
304 960 345 997 in
370 958 577 997 Christum.
631 958 893 997 idololatriam
919 961 1017 998 enim
1045 960 1243 1000 Samariae
1268 963 1421 1000 nomine

94 1015 262 1061 notavit,
297 1022 341 1053 ut
375 1016 655 1066 ignominiosae
680 1015 729 1052 ob
754 1014 1031 1062 idololatriam,
1069 1030 1167 1067 quae
1204 1016 1422 1056 desciverat

94 1077 187 1109 tune
211 1083 236 1109 a
260 1069 336 1109 deo
366 1071 452 1109 sul?
471 1083 566 1122 rege
598 1071 844 1109 Hieroboam.
916 1070 1002 1110 Nec
1037 1072 1112 1110 hoc
1148 1074 1247 1111 enim
1284 1087 1420 1112 novum

95 1127 298 1179 seripturis
338 1125 502 1174 divinis,
546 1127 710 1178 figurate
751 1128 807 1165 nti
845 1128 1094 1166 translatione
1136 1129 1329 1168 hominum
1371 1143 1421 1169 ex

96 1183 385 1235 comparatione
428 1185 638 1222 criminum.
699 1183 798 1221 Nam
841 1191 881 1221 et
921 1185 1128 1224 archontas
1165 1185 1420 1225 Sodomorum

96 1240 266 1292 appellat
288 1240 497 1278 archontas
531 1247 702 1286 vestros,
741 1241 919 1291 populum
943 1248 1109 1280 vestrum
1135 1243 1314 1294 populum
1342 1242 1420 1282 Go-

95 1309 248 1335 morrae
278 1304 410 1344 vocat,
424 1298 466 1347 ⁴¹)
504 1310 588 1335 cum
625 1298 700 1335 iam
737 1298 827 1335 olim
863 1305 992 1336 essent
1023 1299 1198 1337 civitates
1229 1300 1326 1338 istae
1351 1313 1420 1338 ex-

95 1341 274 1393 stinct'ae.
334 1353 386 1392 Et
409 1353 501 1392 alibi
526 1366 596 1405 per
624 1353 850 1405 prophetam
875 1353 922 1391 ad
948 1355 1125 1405 populum
1151 1355 1271 1394 Israel
1302 1355 1415 1404 dicit;

94 1418 219 1464 pater,
243 1412 379 1463 inquit,
405 1418 491 1449 tuus
513 1410 750 1448 Amorraeus
774 1417 815 1448 et
838 1417 961 1448 mater
984 1417 1048 1448 tua
1062 1411 1298 1460 Cethaea‚⁵)
1325 1426 1419 1465 quo·

94 1480 178 1507 rum
202 1481 253 1507 ex
276 1480 423 1519 genere
448 1469 646 1520 procreati
670 1480 746 1504 non
778 1474 884 1512 sunt,
914 1465 982 1505 sed
1013 1467 1063 1505 ob
1089 1469 1326 1508 consimilem
1350 1470 1420 1507 im-

92 1525 292 1578 pietatem,
317 1538 413 1576 quos
432 1523 637 1576 aliquando
657 1525 773 1562 etiam
792 1524 893 1561 filios
911 1536 1000 1561 suos
1020 1522 1172 1562 dixerat
1185 1537 1255 1576 per
1267 1524 1420 1564 Esaiam

92 1581 341 1634 prophetam:
366 1581 466 1620 filios
491 1581 675 1632 generavi
695 1587 735 1619 et
754 1580 933 1618 exaltavi.
946 1580 989 1633 θ)
1026 1579 1093 1618 Sic
1113 1588 1154 1618 et
1164 1581 1418 1632 Aegyptum)

93 1650 361 1690 nonnunquam
385 1645 491 1675 totus
514 1638 619 1675 orbis
644 1637 872 1686 intelligitur
894 1635 995 1686 apud
1013 1637 1117 1673 illum
1136 1638 1418 1686 superstitionis

93 1700 135 1733 et
158 1693 440 1732 maledictionis
470 1694 614 1742 elogio.
682 1691 748 1729 Sic
778 1698 819 1729 et
847 1690 1021 1741 Babylon
1034 1692 1074 1740 ⁸)
1104 1691 1205 1742 apud
1235 1692 1417 1731 Ioannem

93 1756 265 1788 nostrum
289 1748 435 1787 Romae
471 1749 577 1786 urbis
613 1747 736 1797 figura
772 1747 903 1795 est,⁹)
940 1746 1102 1797 proinde
1127 1754 1168 1786 et
1192 1761 1352 1799 maguae
1378 1756 1418 1787 et

91 1818 216 1857 regno
253 1805 443 1856 superbae
477 1811 519 1841 et
554 1810 771 1841 sanctorum
814 1801 1089 1841 debellatricis.
1168 1803 1252 1843 Hoc
1287 1806 1416 1856 itaque

93 1861 208 1901 modo
239 1874 373 1912 magos
403 1873 552 1912 quoque
585 1858 908 1897 Samaritanorum
945 1859 1202 1910 appellatione
1239 1861 1415 1907 titulavit,

93 1925 135 1957 et
159 1917 415 1970 despoliatos,
453 1915 555 1968 quod
578 1915 792 1954 habuerant
816 1928 900 1954 cum
927 1915 1144 1962 Samarifis,
1175 1923 1218 1955 ut
1241 1916 1415 1964 diximus,

91 1974 351 2014 idololatriam
387 1972 571 2011 adversus
613 1971 818 2010 dominum.
889 1971 1085 2011 Adversus
1120 1985 1251 2024 regem
1289 1981 1415 2013 autem

90 2032 353 2084 Assyriorum,
378 2029 561 2068 adversus
580 2027 785 2074 diabolum,
812 2029 874 2080 qui
893 2028 942 2067 ad
960 2029 1035 2067 hoc
1055 2042 1097 2068 se
1110 2042 1275 2081 regnare
1294 2037 1414 2082 putat,

92 2090 126 2127 si
143 2094 298 2127 sanctos
317 2100 341 2125 a
358 2087 550 2136 religione
573 2084 638 2124 dei
662 2084 853 2124 deturbat.
888 2085 1144 2124 Adiuvabitur
1167 2094 1292 2126 autem
1317 2087 1414 2126 haee

91 2151 226 2183 nostra
249 2144 532 2196 interpretatio,
558 2141 645 2180 dum
670 2149 712 2180 et
734 2142 827 2180 alibi
849 2142 1078 2181 bellatorem
1103 2142 1293 2181 Christum
1318 2144 1415 2181 scri-

91 2208 229 2254 pturae
253 2199 457 2252 designant
481 2200 531 2238 ob
555 2211 745 2237 armornm
777 2197 1010 2250 quorundam
1039 2199 1227 2237 voeabula
1250 2206 1290 2237 et
1313 2200 1414 2238 eius-

92 2257 197 2297 modi
230 2257 363 2297 verba.
435 2254 516 2294 Sed
550 2268 601 2294 ex
635 2255 868 2306 reliquorum
909 2267 1084 2294 sensuum
1128 2256 1412 2306 comparatione

185 2416 220 2455 1)
232 2415 336 2447 Zaeh.
355 2416 411 2457 14,
426 2416 480 2446 14.
550 2413 588 2457 2)
607 2415 660 2447 Pa.
674 2415 729 2454 72,
745 2416 800 2445 15.
873 2415 910 2452 3)
929 2414 982 2445 Ps.
996 2415 1050 2451 ¹12,
1066 2415 1120 2445 1⁰.
1189 2413 1298 2452 4)1es.
1313 2415 1344 2455 1,
1359 2416 1412 2444 1⁰.

95 2462 339 2503 5)Ezeeh.16,
353 2462 385 2491 a.
455 2459 494 2502 6)
506 2462 572 2492 len.
586 2463 617 2500 1,
633 2462 665 2492 2.
736 2459 774 2502 τ)
788 2461 851 2490 ιε..
865 2461 920 2496 19,
937 2462 967 2490 1.
1037 2460 1074 2497 8)
1087 2460 1191 2498 Apoc.
1206 2461 1260 2499 ιτ,
1275 2461 1307 2490 5.
1373 2459 1411 2501 9)

93 2506 459 2547 steeod.1·'u1d.;mg.
476 2506 685 2537 Romanae
702 2515 735 2536 u.
754 2505 825 2544 fig.
843 2507 919 2535 ent.
958 2505 1086 2536 Ceteri:
1107 2505 1315 2536 Romanae
1340 2514 1410 2536 ur-

93 2555 158 2586 bia
179 2554 366 2593 figuram
389 2554 545 2592 portat.
