1624 2826
921 92 937 99 9,

201 192 306 229 224:
464 191 590 222 ADV.
625 191 982 223 MARCIONEM
1016 189 1195 221 LIBER
1230 189 1286 220 IV.

202 292 267 325 aut
291 298 368 324 non
399 286 498 324 sciat
529 291 695 337 oportet.
757 284 864 335 Ergo
890 291 955 323 aut
981 284 1137 322 nolente
1164 295 1211 321 eo
1238 279 1523 327 detinebuntur,

201 351 241 382 et
265 344 390 381 minor
414 350 474 382 est
498 343 577 389 illo,
605 342 667 393 qui
692 340 853 388 detinet,
881 341 1023 380 cedens
1049 342 1086 388 ei
1111 341 1266 387 nolens,
1299 343 1365 376 aut
1389 338 1421 386 si
1445 337 1526 376 vult

199 402 255 439 ita
286 401 389 447 fieri,
429 401 510 452 ipse
542 401 595 437 ita
626 399 843 438 faciendum
863 398 1076 445 iudicavit,
1115 404 1155 436 et
1180 410 1257 436 non
1290 395 1364 434 erit
1388 394 1527 434 melior

201 464 380 496 creatore
419 459 501 510 ipse
539 464 675 495 auctor
711 457 891 495 infamiae
931 457 1133 495 creatoris.
1208 453 1314 492 Haec
1353 453 1385 491 si
1423 452 1526 491 nulla

198 516 351 553 ratione
379 515 607 560 consistunt,
635 521 675 553 ut
700 516 795 555 alius
821 515 976 566 punire,
1010 514 1107 552 alius
1133 512 1300 550 liberare
1325 509 1523 558 credatur,

197 573 308 611 unius
334 573 408 610 erit
432 580 508 610 tam
535 571 715 610 iudicium
743 586 853 624 quam
879 579 918 610 et
943 585 1124 623 regnum,
1151 577 1191 608 et
1216 568 1304 607 dum
1329 569 1439 607 unius
1465 574 1525 607 est

197 637 410 681 utrumque,
439 631 500 682 qui
527 637 566 668 et
590 629 747 676 iudicat,
776 631 964 669 creatoris
990 636 1061 668 est.

314 689 380 728 31.
447 686 510 725 Ad
558 687 757 740 prandium
805 689 867 726 vel
911 687 959 726 ad
1010 699 1171 726 coenam
1217 685 1348 737 quales
1391 684 1525 724 vocari

198 744 386 793 iubet?1)
434 744 572 792 Quales
599 745 823 784 ostenderat
848 758 918 796 per
942 745 1116 783 Esaiam:
1151 744 1354 794 confringe
1386 754 1523 794 panem

197 809 301 840 tuum
329 803 530 849 esurienti,
570 809 609 840 et
634 803 850 849 mendicos,
879 810 919 841 et
944 803 1006 854 qui
1033 803 1115 841 sine
1142 808 1248 839 tecto
1275 806 1380 846 sunt,
1406 798 1522 838 induc

196 859 237 896 in
276 858 425 897 domum
457 861 633 908 tuam,²)
686 862 749 912 qui
786 861 937 899 scilicet
974 859 1217 898 humanitatis
1254 858 1362 896 istius
1398 857 1522 895 vicem

197 917 417 955 retribuere
444 931 518 955 non
544 918 703 969 possint.
761 913 874 956 Hanc
901 918 932 955 si
959 917 1133 955 Christus
1161 916 1308 967 captari
1332 921 1457 960 vetat,
1483 915 1522 952 in

196 975 485 1013 resurrectione
518 988 601 1013 eam
632 976 925 1027 repromittens,
965 975 1155 1013 creatoris
1188 980 1248 1012 est
1276 973 1421 1019 forma,
1460 971 1522 1010 cui

195 1044 272 1069 non
314 1032 470 1083 placent
511 1040 682 1071 amantes
731 1046 913 1079 munera,
970 1038 1164 1072 sectantes
1213 1030 1521 1069 retributionem.

194 1087 321 1126 Etiam
353 1090 569 1128 invitatoris
602 1089 806 1141 parabola,
853 1090 914 1129 cui
939 1090 1059 1139 magis
1086 1089 1185 1140 parti
1213 1094 1417 1134 occurrat,
1452 1098 1521 1136 ex·

192 1144 333 1197 pendo.
396 1145 518 1184 Homo
551 1146 701 1198 quidam
738 1148 833 1186 fecit
865 1159 1024 1186 coenam
1057 1154 1097 1185 et
1125 1147 1279 1184 vocavit
1314 1145 1519 1194 multos03)

195 1199 330 1253 Utique
365 1198 511 1242 coenae
543 1211 724 1255 paratura
753 1206 855 1243 vitae
886 1200 1070 1242 aetc‘rnae
1102 1204 1341 1243 saturitatem
1367 1202 1519 1252 figurat.

189 1256 289 1297 Dico
326 1260 448 1310 primo
488 1268 695 1299 extraneos
732 1269 772 1300 et
808 1262 946 1300 nullius
982 1262 1075 1299 iuris
1113 1260 1243 1299 affines
1279 1259 1434 1298 invitari
1470 1256 1520 1298 ad

193 1329 352 1354 coenam
390 1331 466 1355 non
504 1319 656 1365 solere,
703 1327 810 1357 certe
849 1320 1001 1357 facilius
1038 1318 1166 1357 solere
1206 1317 1442 1369 domesticos
1479 1323 1520 1356 et

189 1374 410 1411 familiares.
472 1374 578 1425 Ergo
607 1378 794 1414 creatoris
820 1384 879 1414 est
903 1377 1104 1423 invitasse,
1136 1375 1184 1414 ad
1211 1388 1320 1426 quem
1346 1375 1520 1427 pertine-

189 1429 301 1475 bant,
334 1431 396 1480 qui
422 1431 770 1485 invitabanturuet
794 1446 864 1484 per
888 1431 1032 1479 Adam,
1060 1446 1131 1484 qua
1157 1433 1350 1479 homines,
1383 1440 1423 1471 et
1447 1445 1519 1484 per

189 1493 338 1537 patres,
371 1488 443 1537 qua
475 1487 640 1535 Iudaici,
667 1503 741 1527 non
769 1491 869 1536 eius,
902 1489 949 1527 ad
977 1502 1085 1540 quem
1113 1492 1235 1540 nequ'e
1268 1496 1402 1527 natura
1428 1502 1517 1540 per-

188 1542 363 1580 tinebant
394 1557 516 1595 neque
548 1547 830 1597 praerogativa.
894 1545 1041 1584 Dehinc
1079 1547 1110 1585 si
1141 1547 1172 1584 is
1199 1547 1314 1584 mittit
1330 1545 1392 1584 -ad
1423 1558 1517 1584 eon-

187 1600 306 1648 vivas,
340 1602 402 1652 qui
429 1615 587 1642 coenam
613 1605 779 1655 paravit,
818 1605 873 1642 sic
901 1617 1050 1660 quoque
1078 1604 1267 1642 creatoris
1293 1610 1352 1642 est
1378 1617 1515 1650 coena,

190 1658 252 1709 qui
290 1659 390 1695 misit
427 1659 475 1697 ad
508 1662 687 1699 convivas
718 1661 1007 1708 admonendos,
1038 1669 1126 1700 ante
1158 1663 1232 1699 iam
1256 1668 1419 1700 vocatos
1444 1674 1516 1713 per

184 1722 328 1766 patres,
356 1715 616 1756 admonendos
642 1726 766 1757 autem
793 1733 863 1771 per
888 1719 1106 1771 prophetas,
1135 1733 1210 1757 non
1237 1719 1300 1770 qui
1325 1720 1515 1758 neminem

185 1773 332 1810 miserit
358 1772 404 1811 ad
433 1775 672 1822 monendum,
705 1790 777 1815 nec
805 1778 867 1828 qui
894 1777 987 1814 nihil
1014 1778 1117 1828 prius
1144 1779 1272 1827 egerit
1296 1775 1345 1814 ad
1369 1789 1514 1819 vocan-

185 1828 284 1876 dum,
317 1830 385 1868 sed
409 1831 490 1882 ipse
517 1831 763 1872 descenderit
787 1834 926 1880 subito,
953 1841 1096 1872 tantum
1125 1833 1225 1886 quod
1251 1835 1512 1883 innotescens,

183 1886 258 1923 iam
283 1888 457 1934 invitans,
485 1897 628 1928 tantum
650 1891 749 1942 quod
771 1892 946 1938 invitans,
973 1893 1047 1929 iam
1068 1893 1105 1930 in
1122 1893 1335 1930 convivium
1352 1905 1511 1943 cogens,

185 1941 344 1981 eandem
381 1945 528 1984 faciens
564 1948 696 1986 horam
736 1948 924 1987 coenandi
963 1956 1003 1987 et
1033 1948 1082 1998 ad
1120 1962 1280 1988 coenam
1311 1948 1510 1995 invitandi.

182 1998 381 2038 Excusant
411 2015 451 2039 se
484 2004 644 2042 invitati.
666 2006 703 2054 4)
766 2005 808 2044 Si
834 2006 880 2044 ab
914 2007 989 2044 alio
1017 2006 1104 2054 deo,
1136 2008 1297 2054 merito,
1334 2008 1422 2058 quia
1447 2021 1510 2046 su-

182 2056 264 2094 bito
302 2058 469 2104 invitati,
508 2061 540 2097 si
572 2075 647 2099 non
678 2064 835 2109 merito,
875 2077 970 2115 ergo
1002 2078 1074 2103 nec
1106 2065 1246 2103 subito.
1309 2063 1352 2102 Si
1382 2071 1510 2105 autem

182 2126 260 2151 non
286 2114 410 2153 subito
437 2116 604 2164 invitati,
632 2132 727 2170 ergo
754 2134 777 2158 a
803 2129 1000 2169 creatore,
1028 2136 1050 2160 a
1077 2136 1150 2174 quo
1178 2123 1280 2169 olim,
1308 2123 1415 2161 cuius
1441 2121 1510 2162 de-

179 2171 296 2222 nique
334 2171 623 2213 declinaverant
652 2179 919 2226 vocationem,
958 2187 1048 2218 tunc
1085 2181 1207 2232 primo
1247 2179 1422 2226 dicentes
1458 2179 1510 2220 ad

180 2227 396 2267 Aaronem:
440 2232 502 2270 fae
542 2233 652 2271 nobis
690 2234 802 2282 deos,
842 2237 904 2288 qui
941 2245 1128 2289 praeeant
1164 2237 1352 2287 nobis35)
1391 2245 1507 2290 atque

181 2285 320 2324 exinde
357 2300 449 2326 aure
487 2289 688 2330 audientes
726 2300 765 2331 et
802 2307 878 2332 non
922 2294 1206 2345 audientes,⁶)
1254 2297 1507 2336 'vocationem

181 2343 332 2382 scilicet
368 2344 455 2393 dei,
500 2348 562 2398 qui
599 2350 922 2400 pertinentissime
960 2352 1009 2391 ad
1045 2353 1143 2392 hane
1182 2353 1405 2405 parabolam
1424 2351 1508 2404 'per

181 2398 430 2449 Hieremiam,
469 2404 618 2453 audite,
657 2407 795 2459 inquit,
834 2423 968 2449 vocem
994 2424 1134 2458 meam,
1174 2418 1214 2449 et
1238 2423 1306 2449 ero
1331 2410 1441 2450 vohis
1466 2410 1505 2447 in

274 2539 309 2575 1)
334 2541 416 2572 Luc.
440 2544 494 2582 14,
521 2545 563 2574 12
579 2562 618 2567 —
635 2547 689 2576 14.
785 2545 822 2589 2)
849 2550 1026 2590 1es.58‚7.
1123 2546 1162 2591 3)
1189 2549 1271 2579 Luc·
1295 2549 1350 2588 14,
1371 2549 1413 2578 1⁶
1430 2557 1503 2587 sqq·

181 2581 218 2622 4)
244 2582 322 2616 ibid.
335 2588 522 2621 v.18—20.
618 2592 653 2631 5)
680 2593 908 2634 Exod.32‚1.
1004 2596 1041 2635 6)
1066 2596 1176 2633 les-6,
1194 2596 1246 2626 1⁰·
