1604 2800
558 229 680 262 ADV.
717 229 1006 263 PRAXEAN.
1345 232 1439 271 222

75 335 78 338 ·
124 318 300 359 femiam.
331 325 372 358 et
395 316 491 358 dixit
514 320 604 358 mihi
630 320 821 360 dominus:
859 335 954 361 ecce
985 321 1074 361 dedi
1104 335 1300 364 sermones
1333 338 1439 365 meos

123 377 162 415 in
187 389 231 415 os
254 382 375 424 tuum3
390 377 427 424 ¹)
469 383 509 415 et
538 377 637 429 apud
662 377 831 416 Esaiam:
870 378 1042 417 dominus
1066 379 1132 418 dat
1156 381 1245 418 mihi
1270 382 1438 433 linguam

123 431 348 485 disciplinae
373 431 421 472 ad
447 434 774 484 cognoscendum,
807 435 956 487 quando
989 444 1166 488 oporteat
1195 437 1328 477 dicere
1355 451 1438 477 ser-

122 491 343 538 monem32)
367 491 467 528 sicut
490 492 571 542 ipse
591 505 739 530 rursus·
766 500 867 539 tunc,
894 494 1024 544 inquit,
1052 496 1307 544 cognoscetis,
1338 494 1437 546 quod

122 558 198 597 ego
217 547 300 593 sim,
326 554 366 585 et
384 559 407 585 a
426 555 564 586 memet
588 549 670 599 ipso
696 549 787 586 nihil
813 549 964 600 loquax-3
990 548 1058 588 sed
1082 550 1183 588 sicut
1205 564 1264 589 me
1290 551 1337 590 dc
1347 552 1436 597 cuit,

119 603 176 640 ita
199 610 240 642 ct
264 603 412 655 loquor,
440 605 525 656 quia
552 611 591 642 et
616 607 678 656 qui
703 619 761 643 me
786 607 898 652 misit,
925 619 1071 645 mecum
1096 606 1219 654 est.³)
1285 608 1332 645 Et
1362 608 1437 646 hoc

120 657 170 697 ad
195 660 450 698 testimonium
475 660 751 700 individuorum
778 662 947 700 duorum.
998 663 1092 701 Item
1116 665 1155 701 in
1180 665 1437 703 altercatione

120 714 347 754 Iudaeorum
378 717 632 768 exprobrans,
670 717 769 770 quod
807 718 987 758 occidere
1025 733 1108 758 eum
1143 721 1310 759 vellent:
1348 733 1436 771 ego,

118 772 252 824 inquit,
280 786 375 824 quae
398 773 475 811 vidi
501 787 620 825 penes
644 782 790 826 patrem
816 789 950 822 meum,
978 777 1125 826 loquor,
1158 784 1197 814 et
1219 791 1301 823 vos,
1337 775 1438 827 quod

117 828 267 873 vidistis
302 842 421 880 penes
457 837 604 880 patrem
639 838 823 877 vestrum,
862 831 900 868 id
931 833 1075 879 facitis3
1113 839 1153 870 et
1187 846 1285 870 nunc
1325 833 1438 870 vultis

119 883 303 923 occidere
329 885 518 924 hominem
542 887 742 925 veritatem
766 887 875 924 vohis
900 887 1079 933 locutum,
1112 901 1220 939 quam
1244 887 1391 926 audivit
1415 901 1438 926 a

118 939 212 988 deo,
244 948 302 988 et,
333 942 365 979 si
396 941 489 980 deus
519 949 624 980 esset
652 949 763 994 pater
790 949 938 990 vester,
982 942 1211 982 dilexissetis
1240 958 1324 992 me3
1362 957 1437 995 ego

117 998 218 1036 enim
244 1010 295 1036 ex
318 996 393 1036 deo
419 999 520 1036 exivi
545 1006 584 1037 et
607 1001 713 1046 venit,
746 1001 804 1047 (et
828 1006 952 1037 tamen
979 1013 1054 1037 non
1079 1008 1314 1051 separantur,
1346 1001 1439 1038 licet

117 1054 245 1092 exisse
271 1053 429 1100 dixerit,
460 1062 502 1092 ut
532 1054 681 1106 quidam
706 1056 893 1105 arripiunt
916 1056 1025 1093 huius
1050 1055 1142 1093 dicti
1168 1059 1434 1103 occasionem3

117 1110 236 1148 exivit
259 1117 384 1148 autem
409 1123 431 1148 a
456 1117 583 1161 patre,
614 1118 656 1148 ut
685 1110 814 1149 radius
839 1124 888 1149 ex
911 1111 1012 1158 sole,
1043 1118 1084 1149 ut
1113 1113 1213 1150 rivus
1238 1125 1288 1150 ex
1310 1112 1434 1159 fonte,

116 1173 159 1204 ut
171 1166 298 1204 frutex
312 1179 361 1204 ex
373 1167 560 1232 εθιιιίιιθ,)
586 1180 661 1217 ego
687 1166 924 1205 daemonium
939 1181 1014 1205 non
1028 1168 1164 1213 habeo,
1191 1167 1258 1206 sed
1283 1169 1435 1206 honoro

115 1229 264 1275 patrem
282 1235 424 1271 meum3
450 1230 502 1270 et,
528 1224 559 1261 si
585 1236 659 1274 ego
684 1236 743 1261 me
769 1225 850 1274 ipse
870 1223 1093 1274 glorificem,
1120 1225 1211 1262 nihil
1231 1232 1289 1262 est
1308 1225 1436 1275 gloria

114 1292 221 1327 mea3
258 1286 319 1318 est
349 1281 411 1331 qui
435 1293 494 1318 me
519 1280 729 1331 glorificet,
766 1287 893 1331 pater,
932 1293 1040 1331 quem
1069 1294 1138 1318 vos
1168 1280 1294 1319 dicitis
1319 1280 1434 1319 deum

116 1348 202 1375 esse
222 1343 401 1383 vestrum,
427 1350 499 1375 nec
518 1338 638 1374 nostis
657 1337 773 1383 illum,
800 1344 840 1374 at
858 1349 932 1388 ego
951 1338 1038 1375 novi
1058 1350 1161 1384 eum3
1187 1345 1227 1376 et
1239 1339 1271 1375 si
1286 1337 1433 1376 dicam:

115 1405 193 1430 non
217 1393 318 1439 novi,
344 1405 412 1431 ero
438 1394 569 1431 similis
592 1395 722 1440 vestri,
747 1393 929 1440 mendax3
955 1393 1024 1432 sed
1044 1394 1131 1432 novi
1150 1394 1265 1439 illum,
1292 1401 1331 1432 et
1350 1406 1435 1432 ser-

71 1484 84 1492 ,
115 1461 266 1488 monem
304 1450 386 1488 eius
421 1451 601 1500 sei-vost)
669 1449 724 1487 At
748 1464 830 1488 cum
856 1450 1066 1501 subiungitz
1102 1450 1294 1488 Abraham
1331 1449 1435 1489 diem

114 1518 238 1544 meum
274 1505 386 1552 vidit,
429 1514 470 1544 et
505 1507 667 1544 laetatus
702 1513 779 1552 est,
794 1508 831 1553 ⁵)
875 1519 1009 1558 nempe
1046 1506 1282 1545 demonstrat
1316 1506 1432 1544 filium

113 1562 296 1602 Abrahae
331 1569 438 1600 retro
473 1563 610 1608 visum,
654 1576 729 1600 ιιοιι
765 1569 925 1614 patrem.
996 1562 1090 1601 Item
1126 1575 1240 1628 super
1276 1575 1435 1601 caecum

113 1619 219 1658 illum
249 1620 368 1670 patris
383 1629 518 1670 opera
542 1617 638 1657 dicit
660 1632 701 1657 se
725 1620 858 1658 facere
890 1626 1089 1670 oportere,
1122 1620 1182 1656 cui
1207 1625 1296 1669 post
1318 1620 1435 1656 resti-

113 1676 300 1714 tutionem
336 1674 532 1713 luminum
568 1682 627 1721 tu,
664 1677 801 1726 inquit,
840 1675 967 1713 credis
996 1676 1035 1711 in
1065 1675 1180 1711 filium
1218 1673 1355 1723 dei?⁶)
1393 1681 1432 1711 et

113 1732 390 1781 interroganti,
429 1732 510 1781 quis
541 1737 644 1768 esset
672 1732 764 1775 iste,
802 1731 883 1780 ipse
914 1742 956 1767 se
982 1728 1262 1775 demonstrans,
1300 1731 1434 1779 utique

59 1823 63 1826 ,
114 1787 230 1825 filium
256 1786 547 1831 demonstravit,
579 1798 688 1836 quem
714 1784 944 1823 credendum
970 1797 1055 1823 esse
1079 1784 1240 1823 dixerat.
1254 1785 1294 1835 ⁷)
1352 1784 1432 1823 De-

114 1843 205 1881 hinc
231 1843 416 1892 cognosci
441 1853 482 1879 se
506 1841 708 1892 profitetur
726 1854 747 1878 a
767 1848 889 1891 patre,
915 1847 955 1879 ct
978 1847 1123 1892 patrem
1148 1855 1171 1878 a
1195 1853 1250 1887 se,
1276 1848 1316 1879 et
1339 1839 1429 1878 ideo

115 1912 157 1937 se
177 1898 291 1949 diligi
317 1911 339 1935 a
363 1903 487 1948 patre,
514 1895 615 1948 quod
639 1898 799 1934 animam
824 1910 927 1935 suam
952 1904 1081 1948 ponat,
1108 1898 1195 1948 quia
1218 1898 1292 1935 hoc
1317 1909 1430 1947 prae-

115 1962 266 2007 ceptum
291 1954 507 2005 accepisset
525 1966 548 1990 a
571 1959 695 2004 patre.
714 1955 752 2002 8)
812 1953 862 1990 Et
885 1954 1142 2004 interrogatus
1166 1966 1188 1991 a
1213 1952 1376 1999 Iudaeis,
1396 1954 1433 1991 si

113 2013 198 2063 ipse
217 2017 322 2050 esset
335 2010 519 2055 Christus,
547 2010 693 2060 (utique
718 2008 796 2055 dei,
821 2022 905 2047 nam
930 2022 1047 2061 usque
1068 2011 1105 2048 ἰιι
1124 2008 1348 2048 hodierum
1368 2008 1429 2047 Iu-

115 2068 204 2106 daei
218 2067 408 2106 Christum
428 2065 503 2112 dei,
530 2078 605 2103 non
629 2067 749 2116 ipsum
773 2072 919 2116 patrem
944 2073 1111 2117 sperant,
1138 2067 1224 2117 quia
1242 2078 1428 2117 nunquam

87 2155 89 2157 .
115 2125 289 2163 Clu-istus
313 2131 423 2174 pater
447 2123 610 2173 scriptus
634 2129 693 2159 est
713 2123 938 2172 venturus,)
970 2123 1117 2174 loquor,
1149 2121 1281 2173 inquit,
1305 2122 1428 2167 vobis,

114 2188 156 2219 et
178 2194 255 2218 ιιοιι
281 2179 456 2226 creditis,
495 2190 631 2229 opera,
669 2190 765 2229 quae
801 2191 876 2229 ego
912 2179 1015 2217 facio
1046 2179 1084 2216 in
1115 2179 1264 2216 nomine
1294 2179 1428 2228 patu-is,

114 2239 199 2288 ipsa
217 2235 265 2274 de
284 2248 344 2274 me
362 2236 615 2273 testimonium
641 2233 783 2272 dicunt.
796 2236 836 2284 ⁹)
874 2234 983 2282 Quod
1007 2235 1286 2273 testimonium?
1307 2234 1429 2283 ipsum

115 2293 267 2332 scilicet
301 2304 404 2336 esse,
442 2290 489 2329 de
526 2304 599 2342 quo
635 2291 942 2340 interrogabant,
975 2290 1018 2329 id
1048 2297 1108 2329 est
1132 2289 1318 2327 Christum
1349 2287 1425 2326 dei.

115 2349 174 2388 De
194 2349 325 2387 ovibus
345 2349 458 2386 etiam
476 2347 566 2394 suis,
592 2345 692 2399 quod
711 2359 821 2384 nemo
839 2347 925 2385 illas
943 2346 991 2384 de
1010 2359 1119 2384 manu
1138 2346 1223 2383 eius
1238 2345 1427 2395 eriperet·

211 2496 246 2540 1)
266 2499 328 2528 ler.
343 2497 376 2535 1,
391 2498 421 2526 9.
494 2492 530 2536 2)
552 2495 615 2525 les.
630 2494 685 2532 5⁰,
699 2494 730 2523 4.
801 2493 837 2530 3)
855 2495 902 2524 10.
916 2495 948 2532 8,
964 2494 1005 2523 28
1014 2502 1062 2530 sq.
1138 2489 1176 2533 4)
1197 2493 1243 2522 [ο.
1256 2492 1287 2531 8,
1302 2491 1355 2522 38.
1368 2491 1424 2522 4⁰.

115 2546 174 2577 42.
188 2545 231 2573 49
246 2553 293 2580 sq.
308 2543 350 2571 54
364 2551 413 2579 sq.
483 2542 518 2578 5)
532 2541 578 2570 10.
593 2540 623 2576 8,
639 2540 693 2569 56.
765 2536 803 2579 6)
816 2540 863 2570 10.
877 2540 909 2578 9,
923 2540 977 2568 35.
1048 2538 1147 2576 7)10.
1162 2538 1195 2578 9,
1209 2537 1250 2566 36
1266 2545 1315 2574 sq.
1386 2536 1426 2573 8)

116 2592 165 2621 lo.
181 2591 236 2630 2⁰,
252 2591 303 2618 15.
319 2588 360 2617 1ῗ
375 2596 424 2624 sq.
495 2584 531 2627 9)
548 2586 592 2615 lo.
608 2584 661 2622 1⁰,
677 2584 721 2612 24
733 2592 783 2620 tq.
