<?xml version="1.0" encoding="UTF-8"?>
<!DOCTYPE html PUBLIC "-//W3C//DTD XHTML 1.0 Transitional//EN"
    "http://www.w3.org/TR/xhtml1/DTD/xhtml1-transitional.dtd">
<html xmlns="http://www.w3.org/1999/xhtml" xml:lang="en" lang="en">
 <head>
  <title>
</title>
<meta http-equiv="Content-Type" content="text/html;charset=utf-8" />
  <meta name='ocr-system' content='tesseract 3.04.00' />
  <meta name='ocr-capabilities' content='ocr_page ocr_carea ocr_par ocr_line ocrx_word'/>
</head>
<body>
  <div class='ocr_page' id='page_1' title='image "./operatert34tertuoft_0429.png"; bbox 0 0 1604 2800; ppageno 0'>
   <div class='ocr_carea' id='block_1_1' title="bbox 338 172 1446 210">
    <p class='ocr_par' dir='ltr' id='par_1_1' title="bbox 338 172 1446 210">
     <span class='ocr_line' id='line_1_1' title="bbox 338 172 1446 210; baseline 0.006 -7"><span class='ocrx_word' id='word_1_1' title='bbox 338 172 412 204; x_wconf 87' lang='lat' dir='ltr'><strong>DE</strong></span> <span class='ocrx_word' id='word_1_2' title='bbox 449 172 965 204; x_wconf 80' lang='lat' dir='ltr'>RESURRECTIONE</span> <span class='ocrx_word' id='word_1_3' title='bbox 1003 175 1229 207; x_wconf 79' lang='lat' dir='ltr'><strong>cARNIS.</strong></span> <span class='ocrx_word' id='word_1_4' title='bbox 1378 173 1446 210; x_wconf 61' lang='lat'><strong>92</strong></span> 
     </span>
    </p>
   </div>
   <div class='ocr_carea' id='block_1_2' title="bbox 115 264 1481 1911">
    <p class='ocr_par' dir='ltr' id='par_1_2' title="bbox 115 264 1449 1504">
     <span class='ocr_line' id='line_1_2' title="bbox 117 264 1444 316; baseline 0.001 -12"><span class='ocrx_word' id='word_1_5' title='bbox 117 264 241 304; x_wconf 85' lang='lat' dir='ltr'><strong>ducae</strong></span> <span class='ocrx_word' id='word_1_6' title='bbox 267 266 306 304; x_wconf 90' lang='lat' dir='ltr'><strong>in</strong></span> <span class='ocrx_word' id='word_1_7' title='bbox 333 265 521 316; x_wconf 82' lang='lat' dir='ltr'>originem</span> <span class='ocrx_word' id='word_1_8' title='bbox 551 271 694 303; x_wconf 86' lang='lat' dir='ltr'><strong>terram</strong></span> <span class='ocrx_word' id='word_1_9' title='bbox 721 271 762 304; x_wconf 89' lang='lat' dir='ltr'><strong>et</strong></span> <span class='ocrx_word' id='word_1_10' title='bbox 792 264 993 304; x_wconf 83' lang='lat' dir='ltr'><strong>cadaveris</strong></span> <span class='ocrx_word' id='word_1_11' title='bbox 1024 278 1181 313; x_wconf 90' lang='lat' dir='ltr'><strong>nomen,</strong></span> <span class='ocrx_word' id='word_1_12' title='bbox 1219 273 1259 305; x_wconf 88' lang='lat' dir='ltr'><strong>et</strong></span> <span class='ocrx_word' id='word_1_13' title='bbox 1290 265 1338 305; x_wconf 91' lang='lat' dir='ltr'><strong>de</strong></span> <span class='ocrx_word' id='word_1_14' title='bbox 1370 268 1444 305; x_wconf 87' lang='lat' dir='ltr'><strong>isto</strong></span> 
     </span>
     <span class='ocr_line' id='line_1_3' title="bbox 118 321 1444 374; baseline 0.001 -14"><span class='ocrx_word' id='word_1_15' title='bbox 118 334 268 374; x_wconf 87' lang='lat' dir='ltr'><strong>quoque</strong></span> <span class='ocrx_word' id='word_1_16' title='bbox 307 323 459 360; x_wconf 87' lang='lat' dir='ltr'><strong>nomine</strong></span> <span class='ocrx_word' id='word_1_17' title='bbox 496 322 692 373; x_wconf 88' lang='lat' dir='ltr'><strong>periturae</strong></span> <span class='ocrx_word' id='word_1_18' title='bbox 726 322 764 360; x_wconf 88' lang='lat' dir='ltr'><strong>in</strong></span> <span class='ocrx_word' id='word_1_19' title='bbox 795 322 935 360; x_wconf 90' lang='lat' dir='ltr'><strong>nullum</strong></span> <span class='ocrx_word' id='word_1_20' title='bbox 972 321 1060 361; x_wconf 88' lang='lat' dir='ltr'><strong>inde</strong></span> <span class='ocrx_word' id='word_1_21' title='bbox 1098 324 1171 361; x_wconf 89' lang='lat' dir='ltr'><strong>iam</strong></span> <span class='ocrx_word' id='word_1_22' title='bbox 1209 336 1367 371; x_wconf 91' lang='lat' dir='ltr'><strong>nomen,</strong></span> <span class='ocrx_word' id='word_1_23' title='bbox 1406 325 1444 361; x_wconf 86' lang='lat' dir='ltr'><strong>in</strong></span> 
     </span>
     <span class='ocr_line' id='line_1_4' title="bbox 118 378 1447 432; baseline 0 -14"><span class='ocrx_word' id='word_1_24' title='bbox 118 380 240 418; x_wconf 89' lang='lat' dir='ltr'><strong>omnis</strong></span> <span class='ocrx_word' id='word_1_25' title='bbox 265 380 339 418; x_wconf 89' lang='lat' dir='ltr'><strong>iam</strong></span> <span class='ocrx_word' id='word_1_26' title='bbox 363 378 543 418; x_wconf 86' lang='lat' dir='ltr'><strong>vocabuli</strong></span> <span class='ocrx_word' id='word_1_27' title='bbox 567 381 753 418; x_wconf 84' lang='lat' dir='ltr'><strong>mortem?</strong></span> <span class='ocrx_word' id='word_1_28' title='bbox 812 379 970 419; x_wconf 83' lang='lat' dir='ltr'><strong>Hancne</strong></span> <span class='ocrx_word' id='word_1_29' title='bbox 997 393 1092 431; x_wconf 88' lang='lat' dir='ltr'><strong>ergo</strong></span> <span class='ocrx_word' id='word_1_30' title='bbox 1118 381 1186 426; x_wconf 87' lang='lat' dir='ltr'><strong>vis,</strong></span> <span class='ocrx_word' id='word_1_31' title='bbox 1214 382 1379 432; x_wconf 89' lang='lat' dir='ltr'><strong>sapiens,</strong></span> <span class='ocrx_word' id='word_1_32' title='bbox 1407 388 1447 419; x_wconf 90' lang='lat' dir='ltr'><strong>et</strong></span> 
     </span>
     <span class='ocr_line' id='line_1_5' title="bbox 115 435 1444 489; baseline 0.001 -14"><span class='ocrx_word' id='word_1_33' title='bbox 115 437 214 476; x_wconf 91' lang='lat' dir='ltr'><strong>visui</strong></span> <span class='ocrx_word' id='word_1_34' title='bbox 245 443 286 475; x_wconf 86' lang='lat' dir='ltr'><strong>et</strong></span> <span class='ocrx_word' id='word_1_35' title='bbox 317 437 514 475; x_wconf 85' lang='lat' dir='ltr'><strong>contactui</strong></span> <span class='ocrx_word' id='word_1_36' title='bbox 545 443 584 475; x_wconf 87' lang='lat' dir='ltr'><strong>et</strong></span> <span class='ocrx_word' id='word_1_37' title='bbox 621 435 844 475; x_wconf 90' lang='lat' dir='ltr'><strong>recordatui</strong></span> <span class='ocrx_word' id='word_1_38' title='bbox 882 444 946 475; x_wconf 91' lang='lat' dir='ltr'><strong>tuo</strong></span> <span class='ocrx_word' id='word_1_39' title='bbox 985 444 1155 489; x_wconf 86' lang='lat' dir='ltr'><strong>ereptam</strong></span> <span class='ocrx_word' id='word_1_40' title='bbox 1195 437 1444 488; x_wconf 89' lang='lat' dir='ltr'><strong>persuadere,</strong></span> 
     </span>
     <span class='ocr_line' id='line_1_6' title="bbox 117 492 1444 547; baseline 0.002 -15"><span class='ocrx_word' id='word_1_41' title='bbox 117 492 220 546; x_wconf 89' lang='lat' dir='ltr'><strong>quod</strong></span> <span class='ocrx_word' id='word_1_42' title='bbox 245 506 287 533; x_wconf 91' lang='lat' dir='ltr'><strong>se</strong></span> <span class='ocrx_word' id='word_1_43' title='bbox 313 500 521 546; x_wconf 87' lang='lat' dir='ltr'><strong>receptura</strong></span> <span class='ocrx_word' id='word_1_44' title='bbox 547 493 773 546; x_wconf 82' lang='lat' dir='ltr'><strong>quandoque</strong></span> <span class='ocrx_word' id='word_1_45' title='bbox 800 495 850 532; x_wconf 91' lang='lat' dir='ltr'><strong>sit</strong></span> <span class='ocrx_word' id='word_1_46' title='bbox 873 495 911 532; x_wconf 92' lang='lat' dir='ltr'><strong>in</strong></span> <span class='ocrx_word' id='word_1_47' title='bbox 944 495 1132 545; x_wconf 86' lang='lat' dir='ltr'><strong>integrum</strong></span> <span class='ocrx_word' id='word_1_48' title='bbox 1165 493 1214 533; x_wconf 86' lang='lat' dir='ltr'><strong>de</strong></span> <span class='ocrx_word' id='word_1_49' title='bbox 1247 503 1444 547; x_wconf 87' lang='lat' dir='ltr'><strong>corrupto,</strong></span> 
     </span>
     <span class='ocr_line' id='line_1_7' title="bbox 116 550 1446 603; baseline 0.001 -13"><span class='ocrx_word' id='word_1_50' title='bbox 116 551 156 589; x_wconf 87' lang='lat' dir='ltr'><strong>in</strong></span> <span class='ocrx_word' id='word_1_51' title='bbox 181 550 344 590; x_wconf 90' lang='lat' dir='ltr'><strong>solidum</strong></span> <span class='ocrx_word' id='word_1_52' title='bbox 370 550 418 590; x_wconf 91' lang='lat' dir='ltr'><strong>de</strong></span> <span class='ocrx_word' id='word_1_53' title='bbox 446 564 569 597; x_wconf 89' lang='lat' dir='ltr'><strong>casso,</strong></span> <span class='ocrx_word' id='word_1_54' title='bbox 596 551 634 589; x_wconf 91' lang='lat' dir='ltr'><strong>in</strong></span> <span class='ocrx_word' id='word_1_55' title='bbox 660 552 811 602; x_wconf 93' lang='lat' dir='ltr'><strong>plenum</strong></span> <span class='ocrx_word' id='word_1_56' title='bbox 838 550 886 589; x_wconf 90' lang='lat' dir='ltr'><strong>de</strong></span> <span class='ocrx_word' id='word_1_57' title='bbox 911 552 1070 598; x_wconf 84' lang='lat' dir='ltr'><strong>inanito,</strong></span> <span class='ocrx_word' id='word_1_58' title='bbox 1098 552 1134 590; x_wconf 90' lang='lat' dir='ltr'><strong>in</strong></span> <span class='ocrx_word' id='word_1_59' title='bbox 1162 551 1305 603; x_wconf 87' lang='lat' dir='ltr'><strong>aliquid</strong></span> <span class='ocrx_word' id='word_1_60' title='bbox 1326 554 1446 591; x_wconf 90' lang='lat' dir='ltr'><strong>omni-</strong></span> 
     </span>
     <span class='ocr_line' id='line_1_8' title="bbox 117 607 1447 660; baseline 0.001 -14"><span class='ocrx_word' id='word_1_61' title='bbox 117 621 167 646; x_wconf 90' lang='lat' dir='ltr'><strong>no</strong></span> <span class='ocrx_word' id='word_1_62' title='bbox 206 607 254 647; x_wconf 90' lang='lat' dir='ltr'><strong>de</strong></span> <span class='ocrx_word' id='word_1_63' title='bbox 292 609 430 655; x_wconf 86' lang='lat' dir='ltr'><strong>nihilo,</strong></span> <span class='ocrx_word' id='word_1_64' title='bbox 468 615 508 647; x_wconf 92' lang='lat' dir='ltr'><strong>et</strong></span> <span class='ocrx_word' id='word_1_65' title='bbox 538 608 667 660; x_wconf 89' lang='lat' dir='ltr'><strong>utique</strong></span> <span class='ocrx_word' id='word_1_66' title='bbox 700 607 990 647; x_wconf 82' lang='lat' dir='ltr'><strong>redhibentibus</strong></span> <span class='ocrx_word' id='word_1_67' title='bbox 1021 622 1104 647; x_wconf 90' lang='lat' dir='ltr'><strong>eam</strong></span> <span class='ocrx_word' id='word_1_68' title='bbox 1136 609 1288 659; x_wconf 89' lang='lat' dir='ltr'><strong>ignibus</strong></span> <span class='ocrx_word' id='word_1_69' title='bbox 1314 616 1354 647; x_wconf 92' lang='lat' dir='ltr'><strong>et</strong></span> <span class='ocrx_word' id='word_1_70' title='bbox 1377 621 1447 648; x_wconf 84' lang='lat' dir='ltr'><strong>un-</strong></span> 
     </span>
     <span class='ocr_line' id='line_1_9' title="bbox 118 663 1449 717; baseline 0 -13"><span class='ocrx_word' id='word_1_71' title='bbox 118 663 177 704; x_wconf 91' lang='lat' dir='ltr'><strong>dis</strong></span> <span class='ocrx_word' id='word_1_72' title='bbox 202 672 243 704; x_wconf 89' lang='lat' dir='ltr'><strong>et</strong></span> <span class='ocrx_word' id='word_1_73' title='bbox 267 666 363 704; x_wconf 85' lang='lat' dir='ltr'><strong>alvis</strong></span> <span class='ocrx_word' id='word_1_74' title='bbox 388 666 555 704; x_wconf 85' lang='lat' dir='ltr'><strong>ferarum</strong></span> <span class='ocrx_word' id='word_1_75' title='bbox 582 672 622 703; x_wconf 88' lang='lat' dir='ltr'><strong>et</strong></span> <span class='ocrx_word' id='word_1_76' title='bbox 645 666 762 704; x_wconf 87' lang='lat' dir='ltr'><strong>rumis</strong></span> <span class='ocrx_word' id='word_1_77' title='bbox 787 666 918 703; x_wconf 90' lang='lat' dir='ltr'><strong>alitum</strong></span> <span class='ocrx_word' id='word_1_78' title='bbox 951 673 990 704; x_wconf 91' lang='lat' dir='ltr'><strong>et</strong></span> <span class='ocrx_word' id='word_1_79' title='bbox 1021 666 1184 704; x_wconf 89' lang='lat' dir='ltr'><strong>lactibus</strong></span> <span class='ocrx_word' id='word_1_80' title='bbox 1214 667 1373 717; x_wconf 88' lang='lat' dir='ltr'><strong>piscium</strong></span> <span class='ocrx_word' id='word_1_81' title='bbox 1408 674 1449 705; x_wconf 91' lang='lat' dir='ltr'><strong>et</strong></span> 
     </span>
     <span class='ocr_line' id='line_1_10' title="bbox 116 721 1446 775; baseline -0.001 -14"><span class='ocrx_word' id='word_1_82' title='bbox 116 723 284 775; x_wconf 88' lang='lat' dir='ltr'><strong>ipsorum</strong></span> <span class='ocrx_word' id='word_1_83' title='bbox 323 729 537 774; x_wconf 87' lang='lat' dir='ltr'><strong>temporum</strong></span> <span class='ocrx_word' id='word_1_84' title='bbox 574 723 732 772; x_wconf 88' lang='lat' dir='ltr'><strong>propria</strong></span> <span class='ocrx_word' id='word_1_85' title='bbox 769 722 890 772; x_wconf 79' lang='lat' dir='ltr'><strong>gula?</strong></span> <span class='ocrx_word' id='word_1_86' title='bbox 946 721 1110 760; x_wconf 85' lang='lat' dir='ltr'><strong>Adeone</strong></span> <span class='ocrx_word' id='word_1_87' title='bbox 1148 729 1273 760; x_wconf 86' lang='lat' dir='ltr'><strong>autem</strong></span> <span class='ocrx_word' id='word_1_88' title='bbox 1311 722 1446 760; x_wconf 86' lang='lat' dir='ltr'><strong>eadem</strong></span> 
     </span>
     <span class='ocr_line' id='line_1_11' title="bbox 116 777 1447 831; baseline -0.002 -12"><span class='ocrx_word' id='word_1_89' title='bbox 116 779 355 831; x_wconf 85' lang='lat' dir='ltr'><strong>sperabitur,</strong></span> <span class='ocrx_word' id='word_1_90' title='bbox 390 791 486 830; x_wconf 92' lang='lat' dir='ltr'><strong>quae</strong></span> <span class='ocrx_word' id='word_1_91' title='bbox 512 777 729 824; x_wconf 81' lang='lat' dir='ltr'><strong>intercidit,</strong></span> <span class='ocrx_word' id='word_1_92' title='bbox 767 785 809 815; x_wconf 88' lang='lat' dir='ltr'><strong>ut</strong></span> <span class='ocrx_word' id='word_1_93' title='bbox 840 777 997 816; x_wconf 88' lang='lat' dir='ltr'><strong>claudus</strong></span> <span class='ocrx_word' id='word_1_94' title='bbox 1022 785 1064 816; x_wconf 89' lang='lat' dir='ltr'><strong>et</strong></span> <span class='ocrx_word' id='word_1_95' title='bbox 1089 778 1215 816; x_wconf 90' lang='lat' dir='ltr'><strong>luscus</strong></span> <span class='ocrx_word' id='word_1_96' title='bbox 1242 786 1282 816; x_wconf 93' lang='lat' dir='ltr'><strong>et</strong></span> <span class='ocrx_word' id='word_1_97' title='bbox 1307 792 1447 817; x_wconf 82' lang='lat' dir='ltr'><strong>caecus</strong></span> 
     </span>
     <span class='ocr_line' id='line_1_12' title="bbox 116 834 1449 889; baseline -0.001 -14"><span class='ocrx_word' id='word_1_98' title='bbox 116 843 158 875; x_wconf 90' lang='lat' dir='ltr'><strong>et</strong></span> <span class='ocrx_word' id='word_1_99' title='bbox 181 836 356 889; x_wconf 87' lang='lat' dir='ltr'><strong>leprosus</strong></span> <span class='ocrx_word' id='word_1_100' title='bbox 381 842 422 874; x_wconf 90' lang='lat' dir='ltr'><strong>et</strong></span> <span class='ocrx_word' id='word_1_101' title='bbox 445 835 682 887; x_wconf 85' lang='lat' dir='ltr'><strong>paralyticus</strong></span> <span class='ocrx_word' id='word_1_102' title='bbox 708 842 964 882; x_wconf 76' lang='lat' dir='ltr'><strong>revertantur,</strong></span> <span class='ocrx_word' id='word_1_103' title='bbox 990 842 1032 873; x_wconf 93' lang='lat' dir='ltr'><strong>ut</strong></span> <span class='ocrx_word' id='word_1_104' title='bbox 1056 834 1204 874; x_wconf 87' lang='lat' dir='ltr'><strong>redisse</strong></span> <span class='ocrx_word' id='word_1_105' title='bbox 1231 849 1306 874; x_wconf 91' lang='lat' dir='ltr'><strong>non</strong></span> <span class='ocrx_word' id='word_1_106' title='bbox 1329 836 1449 875; x_wconf 89' lang='lat' dir='ltr'><strong>libeat</strong></span> 
     </span>
     <span class='ocr_line' id='line_1_13' title="bbox 117 890 1448 946; baseline 0 -14"><span class='ocrx_word' id='word_1_107' title='bbox 117 892 167 932; x_wconf 88' lang='lat' dir='ltr'><strong>ad</strong></span> <span class='ocrx_word' id='word_1_108' title='bbox 198 893 423 946; x_wconf 83' lang='lat' dir='ltr'><strong>pristinum?</strong></span> <span class='ocrx_word' id='word_1_109' title='bbox 469 890 532 931; x_wconf 92' lang='lat' dir='ltr'><strong>An</strong></span> <span class='ocrx_word' id='word_1_110' title='bbox 562 892 724 943; x_wconf 79' lang='lat' dir='ltr'><strong>integri,</strong></span> <span class='ocrx_word' id='word_1_111' title='bbox 764 899 804 930; x_wconf 92' lang='lat' dir='ltr'><strong>ut</strong></span> <span class='ocrx_word' id='word_1_112' title='bbox 846 893 982 931; x_wconf 89' lang='lat' dir='ltr'><strong>iterum</strong></span> <span class='ocrx_word' id='word_1_113' title='bbox 1021 893 1114 931; x_wconf 87' lang='lat' dir='ltr'><strong>talia</strong></span> <span class='ocrx_word' id='word_1_114' title='bbox 1150 894 1229 944; x_wconf 92' lang='lat' dir='ltr'><strong>pati</strong></span> <span class='ocrx_word' id='word_1_115' title='bbox 1266 894 1448 932; x_wconf 82' lang='lat' dir='ltr'><strong>timeant?</strong></span> 
     </span>
     <span class='ocr_line' id='line_1_14' title="bbox 118 949 1447 1002; baseline 0 -13"><span class='ocrx_word' id='word_1_116' title='bbox 118 950 217 999; x_wconf 80' lang='lat' dir='ltr'><strong>Quid</strong></span> <span class='ocrx_word' id='word_1_117' title='bbox 242 958 320 989; x_wconf 90' lang='lat' dir='ltr'><strong>tum</strong></span> <span class='ocrx_word' id='word_1_118' title='bbox 347 949 394 989; x_wconf 91' lang='lat' dir='ltr'><strong>de</strong></span> <span class='ocrx_word' id='word_1_119' title='bbox 422 950 709 1002; x_wconf 85' lang='lat' dir='ltr'><strong>consequentiis</strong></span> <span class='ocrx_word' id='word_1_120' title='bbox 737 951 890 988; x_wconf 86' lang='lat' dir='ltr'><strong>carnis?</strong></span> <span class='ocrx_word' id='word_1_121' title='bbox 938 949 1131 988; x_wconf 89' lang='lat' dir='ltr'><strong>Rursusne</strong></span> <span class='ocrx_word' id='word_1_122' title='bbox 1159 951 1285 988; x_wconf 88' lang='lat' dir='ltr'><strong>omnia</strong></span> <span class='ocrx_word' id='word_1_123' title='bbox 1311 964 1447 990; x_wconf 87' lang='lat' dir='ltr'><strong>neces-</strong></span> 
     </span>
     <span class='ocr_line' id='line_1_15' title="bbox 117 1007 1447 1059; baseline -0.001 -12"><span class='ocrx_word' id='word_1_124' title='bbox 117 1009 219 1048; x_wconf 86' lang='lat' dir='ltr'><strong>saria</strong></span> <span class='ocrx_word' id='word_1_125' title='bbox 243 1008 312 1055; x_wconf 89' lang='lat' dir='ltr'><strong>illi,</strong></span> <span class='ocrx_word' id='word_1_126' title='bbox 339 1015 379 1047; x_wconf 88' lang='lat' dir='ltr'><strong>et</strong></span> <span class='ocrx_word' id='word_1_127' title='bbox 403 1008 575 1059; x_wconf 92' lang='lat' dir='ltr'><strong>inprimis</strong></span> <span class='ocrx_word' id='word_1_128' title='bbox 600 1007 738 1058; x_wconf 92' lang='lat' dir='ltr'><strong>pabula</strong></span> <span class='ocrx_word' id='word_1_129' title='bbox 764 1013 877 1058; x_wconf 89' lang='lat' dir='ltr'><strong>atque</strong></span> <span class='ocrx_word' id='word_1_130' title='bbox 903 1007 1104 1058; x_wconf 86' lang='lat' dir='ltr'><strong>potacula,</strong></span> <span class='ocrx_word' id='word_1_131' title='bbox 1142 1014 1182 1045; x_wconf 88' lang='lat' dir='ltr'><strong>et</strong></span> <span class='ocrx_word' id='word_1_132' title='bbox 1207 1008 1447 1058; x_wconf 89' lang='lat' dir='ltr'><strong>pulmonibus</strong></span> 
     </span>
     <span class='ocr_line' id='line_1_16' title="bbox 117 1059 1448 1115; baseline -0.002 -11"><span class='ocrx_word' id='word_1_133' title='bbox 117 1064 341 1112; x_wconf 79' lang='lat' dir='ltr'><strong>natandum,</strong></span> <span class='ocrx_word' id='word_1_134' title='bbox 380 1072 421 1104; x_wconf 87' lang='lat' dir='ltr'><strong>et</strong></span> <span class='ocrx_word' id='word_1_135' title='bbox 456 1064 648 1102; x_wconf 89' lang='lat' dir='ltr'><strong>intestinis</strong></span> <span class='ocrx_word' id='word_1_136' title='bbox 680 1059 948 1110; x_wconf 89' lang='lat' dir='ltr'><strong>aestuandum,</strong></span> <span class='ocrx_word' id='word_1_137' title='bbox 988 1071 1028 1101; x_wconf 93' lang='lat' dir='ltr'><strong>et</strong></span> <span class='ocrx_word' id='word_1_138' title='bbox 1056 1062 1245 1115; x_wconf 91' lang='lat' dir='ltr'><strong>pudendis</strong></span> <span class='ocrx_word' id='word_1_139' title='bbox 1277 1078 1352 1102; x_wconf 93' lang='lat' dir='ltr'><strong>non</strong></span> <span class='ocrx_word' id='word_1_140' title='bbox 1378 1078 1448 1115; x_wconf 90' lang='lat' dir='ltr'><strong>pu-</strong></span> 
     </span>
     <span class='ocr_line' id='line_1_17' title="bbox 117 1119 1448 1169; baseline -0.001 -9"><span class='ocrx_word' id='word_1_141' title='bbox 117 1120 302 1169; x_wconf 76' lang='lat' dir='ltr'><strong>«lendum,</strong></span> <span class='ocrx_word' id='word_1_142' title='bbox 335 1129 375 1160; x_wconf 91' lang='lat' dir='ltr'><strong>et</strong></span> <span class='ocrx_word' id='word_1_143' title='bbox 402 1121 575 1160; x_wconf 91' lang='lat' dir='ltr'><strong>omnibus</strong></span> <span class='ocrx_word' id='word_1_144' title='bbox 601 1120 780 1158; x_wconf 87' lang='lat' dir='ltr'><strong>membris</strong></span> <span class='ocrx_word' id='word_1_145' title='bbox 806 1119 1081 1158; x_wconf 81' lang='lat' dir='ltr'><strong>laborandum?</strong></span> <span class='ocrx_word' id='word_1_146' title='bbox 1140 1120 1284 1158; x_wconf 87' lang='lat' dir='ltr'><strong>Rursus</strong></span> <span class='ocrx_word' id='word_1_147' title='bbox 1314 1122 1448 1159; x_wconf 88' lang='lat' dir='ltr'><strong>ulcera</strong></span> 
     </span>
     <span class='ocr_line' id='line_1_18' title="bbox 119 1176 1447 1232; baseline -0.002 -14"><span class='ocrx_word' id='word_1_148' title='bbox 119 1186 160 1218; x_wconf 89' lang='lat' dir='ltr'><strong>et</strong></span> <span class='ocrx_word' id='word_1_149' title='bbox 183 1179 343 1217; x_wconf 88' lang='lat' dir='ltr'><strong>vulnera</strong></span> <span class='ocrx_word' id='word_1_150' title='bbox 367 1185 408 1216; x_wconf 92' lang='lat' dir='ltr'><strong>et</strong></span> <span class='ocrx_word' id='word_1_151' title='bbox 432 1178 552 1216; x_wconf 82' lang='lat' dir='ltr'><strong>febris</strong></span> <span class='ocrx_word' id='word_1_152' title='bbox 578 1184 617 1215; x_wconf 90' lang='lat' dir='ltr'><strong>et</strong></span> <span class='ocrx_word' id='word_1_153' title='bbox 647 1176 820 1229; x_wconf 87' lang='lat' dir='ltr'><strong>podagra</strong></span> <span class='ocrx_word' id='word_1_154' title='bbox 852 1184 892 1215; x_wconf 88' lang='lat' dir='ltr'><strong>et</strong></span> <span class='ocrx_word' id='word_1_155' title='bbox 923 1190 1024 1215; x_wconf 89' lang='lat' dir='ltr'><strong>mors</strong></span> <span class='ocrx_word' id='word_1_156' title='bbox 1056 1176 1323 1232; x_wconf 55' lang='lat' dir='ltr'><strong>redoptaifla?</strong></span> <span class='ocrx_word' id='word_1_157' title='bbox 1375 1177 1447 1216; x_wconf 88' lang='lat' dir='ltr'><strong>Ni-</strong></span> 
     </span>
     <span class='ocr_line' id='line_1_19' title="bbox 118 1232 1445 1286; baseline -0.002 -11"><span class='ocrx_word' id='word_1_158' title='bbox 118 1237 253 1274; x_wconf 88' lang='lat' dir='ltr'><strong>mirum</strong></span> <span class='ocrx_word' id='word_1_159' title='bbox 279 1235 376 1274; x_wconf 88' lang='lat' dir='ltr'><strong>haec</strong></span> <span class='ocrx_word' id='word_1_160' title='bbox 403 1241 516 1272; x_wconf 87' lang='lat' dir='ltr'><strong>erunt</strong></span> <span class='ocrx_word' id='word_1_161' title='bbox 539 1241 630 1272; x_wconf 88' lang='lat' dir='ltr'><strong>vota</strong></span> <span class='ocrx_word' id='word_1_162' title='bbox 656 1235 783 1272; x_wconf 88' lang='lat' dir='ltr'><strong>carnis</strong></span> <span class='ocrx_word' id='word_1_163' title='bbox 809 1232 1111 1285; x_wconf 85' lang='lat' dir='ltr'><strong>recuperandae,</strong></span> <span class='ocrx_word' id='word_1_164' title='bbox 1138 1236 1275 1273; x_wconf 90' lang='lat' dir='ltr'><strong>iterum</strong></span> <span class='ocrx_word' id='word_1_165' title='bbox 1303 1247 1445 1286; x_wconf 91' lang='lat' dir='ltr'><strong>cupere</strong></span> 
     </span>
     <span class='ocr_line' id='line_1_20' title="bbox 119 1290 1447 1342; baseline -0.002 -10"><span class='ocrx_word' id='word_1_166' title='bbox 119 1292 167 1332; x_wconf 84' lang='lat' dir='ltr'><strong>de</strong></span> <span class='ocrx_word' id='word_1_167' title='bbox 206 1306 254 1332; x_wconf 89' lang='lat' dir='ltr'><strong>ea</strong></span> <span class='ocrx_word' id='word_1_168' title='bbox 284 1290 465 1331; x_wconf 88' lang='lat' dir='ltr'><strong>evadere.</strong></span> <span class='ocrx_word' id='word_1_169' title='bbox 527 1291 577 1328; x_wconf 91' lang='lat' dir='ltr'><strong>Et</strong></span> <span class='ocrx_word' id='word_1_170' title='bbox 606 1304 676 1328; x_wconf 93' lang='lat' dir='ltr'><strong>nos</strong></span> <span class='ocrx_word' id='word_1_171' title='bbox 709 1290 859 1342; x_wconf 89' lang='lat' dir='ltr'><strong>quidem</strong></span> <span class='ocrx_word' id='word_1_172' title='bbox 891 1291 989 1329; x_wconf 86' lang='lat' dir='ltr'><strong>hacc</strong></span> <span class='ocrx_word' id='word_1_173' title='bbox 1022 1291 1216 1342; x_wconf 81' lang='lat' dir='ltr'><strong>aliquanto</strong></span> <span class='ocrx_word' id='word_1_174' title='bbox 1250 1292 1447 1330; x_wconf 84' lang='lat' dir='ltr'><strong>honestius</strong></span> 
     </span>
     <span class='ocr_line' id='line_1_21' title="bbox 119 1347 1448 1403; baseline -0.002 -14"><span class='ocrx_word' id='word_1_175' title='bbox 119 1363 190 1403; x_wconf 87' lang='lat' dir='ltr'><strong>pro</strong></span> <span class='ocrx_word' id='word_1_176' title='bbox 216 1349 294 1389; x_wconf 89' lang='lat' dir='ltr'><strong>stili</strong></span> <span class='ocrx_word' id='word_1_177' title='bbox 318 1348 479 1402; x_wconf 86' lang='lat' dir='ltr'><strong>pudore.</strong></span> <span class='ocrx_word' id='word_1_178' title='bbox 530 1347 710 1386; x_wconf 89' lang='lat' dir='ltr'><strong>Ceterum</strong></span> <span class='ocrx_word' id='word_1_179' title='bbox 737 1354 914 1399; x_wconf 90' lang='lat' dir='ltr'><strong>quantum</strong></span> <span class='ocrx_word' id='word_1_180' title='bbox 941 1349 1054 1386; x_wconf 88' lang='lat' dir='ltr'><strong>etiam</strong></span> <span class='ocrx_word' id='word_1_181' title='bbox 1081 1349 1329 1400; x_wconf 89' lang='lat' dir='ltr'><strong>spurciloquii</strong></span> <span class='ocrx_word' id='word_1_182' title='bbox 1355 1349 1448 1387; x_wconf 89' lang='lat' dir='ltr'><strong>licet</strong></span> 
     </span>
     <span class='ocr_line' id='line_1_22' title="bbox 119 1404 1446 1456; baseline -0.004 -9"><span class='ocrx_word' id='word_1_183' title='bbox 119 1408 272 1446; x_wconf 87' lang='lat' dir='ltr'><strong>illorum</strong></span> <span class='ocrx_word' id='word_1_184' title='bbox 308 1408 347 1446; x_wconf 93' lang='lat' dir='ltr'><strong>in</strong></span> <span class='ocrx_word' id='word_1_185' title='bbox 385 1405 657 1456; x_wconf 85' lang='lat' dir='ltr'><strong>congressibus</strong></span> <span class='ocrx_word' id='word_1_186' title='bbox 694 1405 883 1455; x_wconf 87' lang='lat' dir='ltr'><strong>experiri,</strong></span> <span class='ocrx_word' id='word_1_187' title='bbox 921 1411 997 1442; x_wconf 85' lang='lat' dir='ltr'><strong>tam</strong></span> <span class='ocrx_word' id='word_1_188' title='bbox 1036 1404 1295 1452; x_wconf 84' lang='lat' dir='ltr'><strong>ethnicorum,</strong></span> <span class='ocrx_word' id='word_1_189' title='bbox 1335 1418 1446 1456; x_wconf 90' lang='lat' dir='ltr'><strong>quam</strong></span> 
     </span>
     <span class='ocr_line' id='line_1_23' title="bbox 118 1464 423 1504; baseline -0.013 0"><span class='ocrx_word' id='word_1_190' title='bbox 118 1464 423 1504; x_wconf 85' lang='lat' dir='ltr'><strong>haereticorum!</strong></span> 
     </span>
    </p>

    <p class='ocr_par' dir='ltr' id='par_1_3' title="bbox 119 1518 1481 1911">
     <span class='ocr_line' id='line_1_24' title="bbox 235 1518 1446 1572; baseline -0.002 -12"><span class='ocrx_word' id='word_1_191' title='bbox 235 1524 274 1563; x_wconf 87' lang='lat'><strong>5.</strong></span> <span class='ocrx_word' id='word_1_192' title='bbox 323 1520 448 1572; x_wconf 87' lang='lat' dir='ltr'><strong>Igitur</strong></span> <span class='ocrx_word' id='word_1_193' title='bbox 484 1521 661 1572; x_wconf 85' lang='lat' dir='ltr'><strong>quoniam</strong></span> <span class='ocrx_word' id='word_1_194' title='bbox 699 1527 739 1559; x_wconf 90' lang='lat' dir='ltr'><strong>et</strong></span> <span class='ocrx_word' id='word_1_195' title='bbox 774 1518 890 1559; x_wconf 90' lang='lat' dir='ltr'><strong>rudes</strong></span> <span class='ocrx_word' id='word_1_196' title='bbox 928 1521 1066 1572; x_wconf 88' lang='lat' dir='ltr'><strong>quique</strong></span> <span class='ocrx_word' id='word_1_197' title='bbox 1099 1518 1147 1558; x_wconf 91' lang='lat' dir='ltr'><strong>de</strong></span> <span class='ocrx_word' id='word_1_198' title='bbox 1186 1520 1446 1558; x_wconf 86' lang='lat' dir='ltr'><strong>communibus</strong></span> 
     </span>
     <span class='ocr_line' id='line_1_25' title="bbox 119 1576 1446 1629; baseline -0.003 -10"><span class='ocrx_word' id='word_1_199' title='bbox 119 1577 244 1619; x_wconf 84' lang='lat' dir='ltr'><strong>adbuc</strong></span> <span class='ocrx_word' id='word_1_200' title='bbox 270 1578 444 1618; x_wconf 90' lang='lat' dir='ltr'><strong>sensibus</strong></span> <span class='ocrx_word' id='word_1_201' title='bbox 475 1578 644 1629; x_wconf 89' lang='lat' dir='ltr'><strong>sapiunt,</strong></span> <span class='ocrx_word' id='word_1_202' title='bbox 683 1584 724 1616; x_wconf 89' lang='lat' dir='ltr'><strong>et</strong></span> <span class='ocrx_word' id='word_1_203' title='bbox 754 1576 859 1615; x_wconf 93' lang='lat' dir='ltr'><strong>dubii</strong></span> <span class='ocrx_word' id='word_1_204' title='bbox 890 1584 930 1615; x_wconf 83' lang='lat' dir='ltr'><strong>et</strong></span> <span class='ocrx_word' id='word_1_205' title='bbox 961 1578 1153 1628; x_wconf 87' lang='lat' dir='ltr'><strong>simplices</strong></span> <span class='ocrx_word' id='word_1_206' title='bbox 1182 1590 1254 1628; x_wconf 91' lang='lat' dir='ltr'><strong>per</strong></span> <span class='ocrx_word' id='word_1_207' title='bbox 1289 1576 1446 1616; x_wconf 91' lang='lat' dir='ltr'><strong>eosdem</strong></span> 
     </span>
     <span class='ocr_line' id='line_1_26' title="bbox 119 1634 1446 1686; baseline -0.004 -10"><span class='ocrx_word' id='word_1_208' title='bbox 119 1649 253 1676; x_wconf 83' lang='lat' dir='ltr'><strong>sensus</strong></span> <span class='ocrx_word' id='word_1_209' title='bbox 291 1635 417 1675; x_wconf 91' lang='lat' dir='ltr'><strong>denuo</strong></span> <span class='ocrx_word' id='word_1_210' title='bbox 455 1635 733 1686; x_wconf 88' lang='lat' dir='ltr'><strong>inquietantur,</strong></span> <span class='ocrx_word' id='word_1_211' title='bbox 772 1641 812 1671; x_wconf 84' lang='lat' dir='ltr'><strong>et</strong></span> <span class='ocrx_word' id='word_1_212' title='bbox 847 1634 986 1684; x_wconf 89' lang='lat' dir='ltr'><strong>ubique</strong></span> <span class='ocrx_word' id='word_1_213' title='bbox 1024 1634 1166 1684; x_wconf 84' lang='lat' dir='ltr'><strong>primus</strong></span> <span class='ocrx_word' id='word_1_214' title='bbox 1202 1634 1274 1671; x_wconf 86' lang='lat' dir='ltr'><strong>iste</strong></span> <span class='ocrx_word' id='word_1_215' title='bbox 1307 1635 1344 1671; x_wconf 91' lang='lat' dir='ltr'><strong>in</strong></span> <span class='ocrx_word' id='word_1_216' title='bbox 1377 1647 1446 1671; x_wconf 93' lang='lat' dir='ltr'><strong>nos</strong></span> 
     </span>
     <span class='ocr_line' id='line_1_27' title="bbox 119 1687 1481 1743; baseline -0.004 -11"><span class='ocrx_word' id='word_1_217' title='bbox 119 1695 222 1732; x_wconf 87' lang='lat' dir='ltr'><strong>aries</strong></span> <span class='ocrx_word' id='word_1_218' title='bbox 246 1698 497 1743; x_wconf 85' lang='lat' dir='ltr'><strong>temperatur,</strong></span> <span class='ocrx_word' id='word_1_219' title='bbox 525 1704 599 1742; x_wconf 91' lang='lat' dir='ltr'><strong>quo</strong></span> <span class='ocrx_word' id='word_1_220' title='bbox 626 1691 753 1728; x_wconf 86' lang='lat' dir='ltr'><strong>carnis</strong></span> <span class='ocrx_word' id='word_1_221' title='bbox 780 1689 951 1728; x_wconf 90' lang='lat' dir='ltr'><strong>conditio</strong></span> <span class='ocrx_word' id='word_1_222' title='bbox 978 1696 1196 1740; x_wconf 87' lang='lat' dir='ltr'><strong>quassatur:</strong></span> <span class='ocrx_word' id='word_1_223' title='bbox 1224 1691 1445 1728; x_wconf 85' lang='lat' dir='ltr'><strong>necessario</strong></span> <span class='ocrx_word' id='word_1_224' title='bbox 1478 1687 1481 1689; x_wconf 68' lang='grc'><strong>’</strong></span> 
     </span>
     <span class='ocr_line' id='line_1_28' title="bbox 120 1745 1445 1798; baseline -0.003 -10"><span class='ocrx_word' id='word_1_225' title='bbox 120 1757 160 1789; x_wconf 90' lang='lat' dir='ltr'><strong>et</strong></span> <span class='ocrx_word' id='word_1_226' title='bbox 185 1763 208 1788; x_wconf 90' lang='lat' dir='ltr'><strong>a</strong></span> <span class='ocrx_word' id='word_1_227' title='bbox 233 1749 343 1787; x_wconf 91' lang='lat' dir='ltr'><strong>nobis</strong></span> <span class='ocrx_word' id='word_1_228' title='bbox 370 1749 497 1786; x_wconf 88' lang='lat' dir='ltr'><strong>carnis</strong></span> <span class='ocrx_word' id='word_1_229' title='bbox 522 1748 682 1797; x_wconf 90' lang='lat' dir='ltr'><strong>primum</strong></span> <span class='ocrx_word' id='word_1_230' title='bbox 709 1745 880 1785; x_wconf 83' lang='lat' dir='ltr'><strong>conditio</strong></span> <span class='ocrx_word' id='word_1_231' title='bbox 912 1747 1121 1793; x_wconf 87' lang='lat' dir='ltr'><strong>munietur,</strong></span> <span class='ocrx_word' id='word_1_232' title='bbox 1162 1747 1445 1798; x_wconf 85' lang='lat' dir='ltr'><strong>vituperatione</strong></span> 
     </span>
     <span class='ocr_line' id='line_1_29' title="bbox 120 1801 1446 1856; baseline -0.004 -10"><span class='ocrx_word' id='word_1_233' title='bbox 120 1805 341 1846; x_wconf 86' lang='lat' dir='ltr'><strong>laudatione</strong></span> <span class='ocrx_word' id='word_1_234' title='bbox 374 1803 592 1856; x_wconf 89' lang='lat' dir='ltr'><strong>depulsa.¹)</strong></span> <span class='ocrx_word' id='word_1_235' title='bbox 654 1801 712 1840; x_wconf 90' lang='lat' dir='ltr'><strong>Ita</strong></span> <span class='ocrx_word' id='word_1_236' title='bbox 748 1816 818 1840; x_wconf 90' lang='lat' dir='ltr'><strong>nos</strong></span> <span class='ocrx_word' id='word_1_237' title='bbox 854 1803 1087 1841; x_wconf 89' lang='lat' dir='ltr'><strong>rhetoricari</strong></span> <span class='ocrx_word' id='word_1_238' title='bbox 1125 1816 1274 1855; x_wconf 92' lang='lat' dir='ltr'><strong>quoque</strong></span> <span class='ocrx_word' id='word_1_239' title='bbox 1305 1816 1446 1854; x_wconf 90' lang='lat' dir='ltr'><strong>provo—</strong></span> 
     </span>
     <span class='ocr_line' id='line_1_30' title="bbox 121 1859 1446 1911; baseline -0.003 -9"><span class='ocrx_word' id='word_1_240' title='bbox 121 1870 211 1903; x_wconf 88' lang='lat' dir='ltr'><strong>cant</strong></span> <span class='ocrx_word' id='word_1_241' title='bbox 234 1862 436 1907; x_wconf 87' lang='lat' dir='ltr'><strong>haeretici,</strong></span> <span class='ocrx_word' id='word_1_242' title='bbox 463 1861 562 1898; x_wconf 90' lang='lat' dir='ltr'><strong>sicut</strong></span> <span class='ocrx_word' id='word_1_243' title='bbox 587 1860 702 1897; x_wconf 84' lang='lat' dir='ltr'><strong>etiam</strong></span> <span class='ocrx_word' id='word_1_244' title='bbox 726 1860 1001 1911; x_wconf 87' lang='lat' dir='ltr'><strong>philosophari.</strong></span> <span class='ocrx_word' id='word_1_245' title='bbox 1057 1859 1179 1898; x_wconf 73' lang='lat' dir='ltr'><strong>Futile</strong></span> <span class='ocrx_word' id='word_1_246' title='bbox 1205 1867 1245 1898; x_wconf 91' lang='lat' dir='ltr'><strong>et</strong></span> <span class='ocrx_word' id='word_1_247' title='bbox 1269 1860 1446 1898; x_wconf 82' lang='lat' dir='ltr'><strong>frivolum</strong></span> 
     </span>
    </p>
   </div>
   <div class='ocr_carea' id='block_1_3' title="bbox 59 1915 1446 1972">
    <p class='ocr_par' dir='ltr' id='par_1_4' title="bbox 59 1915 1446 1972">
     <span class='ocr_line' id='line_1_31' title="bbox 59 1915 1446 1972; baseline -0.004 -12"><span class='ocrx_word' id='word_1_248' title='bbox 59 1962 70 1971; x_wconf 59' lang='grc'>,</span> <span class='ocrx_word' id='word_1_249' title='bbox 119 1919 221 1960; x_wconf 87' lang='lat' dir='ltr'><strong>istud</strong></span> <span class='ocrx_word' id='word_1_250' title='bbox 247 1918 527 1972; x_wconf 82' lang='lat' dir='ltr'><strong>corpusculum,</strong></span> <span class='ocrx_word' id='word_1_251' title='bbox 554 1915 654 1968; x_wconf 89' lang='lat' dir='ltr'><strong>quod</strong></span> <span class='ocrx_word' id='word_1_252' title='bbox 680 1917 816 1955; x_wconf 91' lang='lat' dir='ltr'><strong>malum</strong></span> <span class='ocrx_word' id='word_1_253' title='bbox 843 1916 1006 1969; x_wconf 88' lang='lat' dir='ltr'><strong>denique</strong></span> <span class='ocrx_word' id='word_1_254' title='bbox 1031 1918 1228 1969; x_wconf 89' lang='lat' dir='ltr'><strong>appellare</strong></span> <span class='ocrx_word' id='word_1_255' title='bbox 1254 1930 1330 1955; x_wconf 92' lang='lat' dir='ltr'><strong>non</strong></span> <span class='ocrx_word' id='word_1_256' title='bbox 1355 1917 1446 1955; x_wconf 81' lang='lat' dir='ltr'><strong>hor-</strong></span> 
     </span>
    </p>
   </div>
   <div class='ocr_carea' id='block_1_4' title="bbox 121 1973 1446 2373">
    <p class='ocr_par' dir='ltr' id='par_1_5' title="bbox 121 1973 1446 2373">
     <span class='ocr_line' id='line_1_32' title="bbox 121 1973 1445 2027; baseline -0.005 -9"><span class='ocrx_word' id='word_1_257' title='bbox 121 1985 221 2025; x_wconf 79' lang='lat' dir='ltr'><strong>rent,</strong></span> <span class='ocrx_word' id='word_1_258' title='bbox 248 1978 322 2016; x_wconf 84' lang='lat' dir='ltr'><strong>etsi</strong></span> <span class='ocrx_word' id='word_1_259' title='bbox 347 1975 571 2027; x_wconf 88' lang='lat' dir='ltr'><strong>angelorum</strong></span> <span class='ocrx_word' id='word_1_260' title='bbox 599 1973 734 2012; x_wconf 84' lang='lat' dir='ltr'><strong>fuisset</strong></span> <span class='ocrx_word' id='word_1_261' title='bbox 758 1975 947 2026; x_wconf 86' lang='lat' dir='ltr'><strong>operatio,</strong></span> <span class='ocrx_word' id='word_1_262' title='bbox 973 1981 1015 2012; x_wconf 89' lang='lat' dir='ltr'><strong>ut</strong></span> <span class='ocrx_word' id='word_1_263' title='bbox 1038 1973 1250 2012; x_wconf 83' lang='lat' dir='ltr'><strong>Menandro</strong></span> <span class='ocrx_word' id='word_1_264' title='bbox 1278 1981 1317 2012; x_wconf 91' lang='lat' dir='ltr'><strong>et</strong></span> <span class='ocrx_word' id='word_1_265' title='bbox 1341 1973 1445 2012; x_wconf 84' lang='lat' dir='ltr'><strong>Mar-</strong></span> 
     </span>
     <span class='ocr_line' id='line_1_33' title="bbox 122 2031 1446 2087; baseline -0.005 -13"><span class='ocrx_word' id='word_1_266' title='bbox 122 2049 170 2074; x_wconf 88' lang='lat' dir='ltr'><strong>co</strong></span> <span class='ocrx_word' id='word_1_267' title='bbox 202 2035 350 2087; x_wconf 90' lang='lat' dir='ltr'><strong>placet,</strong></span> <span class='ocrx_word' id='word_1_268' title='bbox 389 2034 461 2072; x_wconf 89' lang='lat' dir='ltr'><strong>etsi</strong></span> <span class='ocrx_word' id='word_1_269' title='bbox 492 2031 598 2082; x_wconf 87' lang='lat' dir='ltr'><strong>ignei</strong></span> <span class='ocrx_word' id='word_1_270' title='bbox 629 2031 789 2070; x_wconf 89' lang='lat' dir='ltr'><strong>alicuius</strong></span> <span class='ocrx_word' id='word_1_271' title='bbox 820 2032 1032 2071; x_wconf 87' lang='lat' dir='ltr'><strong>exstructio</strong></span> <span class='ocrx_word' id='word_1_272' title='bbox 1064 2044 1187 2083; x_wconf 89' lang='lat' dir='ltr'><strong>aeque</strong></span> <span class='ocrx_word' id='word_1_273' title='bbox 1218 2031 1365 2082; x_wconf 87' lang='lat' dir='ltr'><strong>angeli,</strong></span> <span class='ocrx_word' id='word_1_274' title='bbox 1406 2038 1446 2068; x_wconf 87' lang='lat' dir='ltr'><strong>ut</strong></span> 
     </span>
     <span class='ocr_line' id='line_1_34' title="bbox 121 2087 1444 2144; baseline -0.005 -13"><span class='ocrx_word' id='word_1_275' title='bbox 121 2091 280 2144; x_wconf 87' lang='lat' dir='ltr'><strong>Apelles</strong></span> <span class='ocrx_word' id='word_1_276' title='bbox 305 2090 440 2137; x_wconf 89' lang='lat' dir='ltr'><strong>docet,</strong></span> <span class='ocrx_word' id='word_1_277' title='bbox 474 2087 666 2127; x_wconf 81' lang='lat' dir='ltr'><strong>sufficeret</strong></span> <span class='ocrx_word' id='word_1_278' title='bbox 690 2087 739 2127; x_wconf 92' lang='lat' dir='ltr'><strong>ad</strong></span> <span class='ocrx_word' id='word_1_279' title='bbox 763 2091 1034 2129; x_wconf 84' lang='lat' dir='ltr'><strong>auctoritatem</strong></span> <span class='ocrx_word' id='word_1_280' title='bbox 1067 2090 1212 2135; x_wconf 87' lang='lat' dir='ltr'><strong>carnis,</strong></span> <span class='ocrx_word' id='word_1_281' title='bbox 1251 2087 1444 2127; x_wconf 88' lang='lat' dir='ltr'><strong>secundae</strong></span> 
     </span>
     <span class='ocr_line' id='line_1_35' title="bbox 122 2144 1443 2199; baseline -0.005 -12"><span class='ocrx_word' id='word_1_282' title='bbox 122 2148 330 2187; x_wconf 81' lang='lat' dir='ltr'><strong>divinitatis</strong></span> <span class='ocrx_word' id='word_1_283' title='bbox 354 2147 622 2199; x_wconf 88' lang='lat' dir='ltr'><strong>patrocinium.</strong></span> <span class='ocrx_word' id='word_1_284' title='bbox 682 2144 857 2198; x_wconf 86' lang='lat' dir='ltr'><strong>Angelos</strong></span> <span class='ocrx_word' id='word_1_285' title='bbox 882 2153 970 2199; x_wconf 90' lang='lat' dir='ltr'><strong>post</strong></span> <span class='ocrx_word' id='word_1_286' title='bbox 994 2145 1104 2185; x_wconf 91' lang='lat' dir='ltr'><strong>deum</strong></span> <span class='ocrx_word' id='word_1_287' title='bbox 1130 2146 1314 2184; x_wconf 87' lang='lat' dir='ltr'><strong>novimus.</strong></span> <span class='ocrx_word' id='word_1_288' title='bbox 1366 2144 1443 2182; x_wconf 87' lang='lat' dir='ltr'><strong>lam</strong></span> 
     </span>
     <span class='ocr_line' id='line_1_36' title="bbox 121 2202 1444 2256; baseline -0.006 -11"><span class='ocrx_word' id='word_1_289' title='bbox 121 2219 221 2245; x_wconf 90' lang='lat' dir='ltr'><strong>nunc</strong></span> <span class='ocrx_word' id='word_1_290' title='bbox 248 2205 416 2256; x_wconf 91' lang='lat' dir='ltr'><strong>quisquis</strong></span> <span class='ocrx_word' id='word_1_291' title='bbox 440 2204 504 2241; x_wconf 90' lang='lat' dir='ltr'><strong>ille</strong></span> <span class='ocrx_word' id='word_1_292' title='bbox 530 2215 693 2241; x_wconf 88' lang='lat' dir='ltr'><strong>summus</strong></span> <span class='ocrx_word' id='word_1_293' title='bbox 719 2202 813 2243; x_wconf 87' lang='lat' dir='ltr'><strong>deus</strong></span> <span class='ocrx_word' id='word_1_294' title='bbox 836 2204 1025 2243; x_wconf 87' lang='lat' dir='ltr'><strong>haeretici</strong></span> <span class='ocrx_word' id='word_1_295' title='bbox 1051 2204 1232 2254; x_wconf 91' lang='lat' dir='ltr'><strong>cuiusque</strong></span> <span class='ocrx_word' id='word_1_296' title='bbox 1259 2208 1335 2246; x_wconf 92' lang='lat' dir='ltr'><strong>est,</strong></span> <span class='ocrx_word' id='word_1_297' title='bbox 1368 2213 1444 2238; x_wconf 87' lang='lat' dir='ltr'><strong>non</strong></span> 
     </span>
     <span class='ocr_line' id='line_1_37' title="bbox 122 2259 1444 2312; baseline -0.008 -9"><span class='ocrx_word' id='word_1_298' title='bbox 122 2263 312 2303; x_wconf 85' lang='lat' dir='ltr'><strong>immerito</strong></span> <span class='ocrx_word' id='word_1_299' title='bbox 350 2261 397 2300; x_wconf 90' lang='lat' dir='ltr'><strong>ab</strong></span> <span class='ocrx_word' id='word_1_300' title='bbox 429 2262 512 2312; x_wconf 90' lang='lat' dir='ltr'><strong>ipso</strong></span> <span class='ocrx_word' id='word_1_301' title='bbox 547 2272 697 2312; x_wconf 85' lang='lat' dir='ltr'><strong>quoque</strong></span> <span class='ocrx_word' id='word_1_302' title='bbox 729 2260 961 2300; x_wconf 88' lang='lat' dir='ltr'><strong>deducerem</strong></span> <span class='ocrx_word' id='word_1_303' title='bbox 994 2261 1121 2298; x_wconf 86' lang='lat' dir='ltr'><strong>carnis</strong></span> <span class='ocrx_word' id='word_1_304' title='bbox 1152 2259 1394 2309; x_wconf 88' lang='lat' dir='ltr'><strong>dignitatem,</strong></span> <span class='ocrx_word' id='word_1_305' title='bbox 1421 2269 1444 2293; x_wconf 82' lang='lat' dir='ltr'><strong>a</strong></span> 
     </span>
     <span class='ocr_line' id='line_1_38' title="bbox 123 2314 1443 2373; baseline -0.007 -13"><span class='ocrx_word' id='word_1_306' title='bbox 123 2334 197 2373; x_wconf 89' lang='lat' dir='ltr'><strong>quo</strong></span> <span class='ocrx_word' id='word_1_307' title='bbox 221 2319 399 2359; x_wconf 86' lang='lat' dir='ltr'><strong>voluntas</strong></span> <span class='ocrx_word' id='word_1_308' title='bbox 424 2316 697 2370; x_wconf 87' lang='lat' dir='ltr'><strong>producendae</strong></span> <span class='ocrx_word' id='word_1_309' title='bbox 723 2320 760 2357; x_wconf 90' lang='lat' dir='ltr'><strong>ei</strong></span> <span class='ocrx_word' id='word_1_310' title='bbox 791 2319 980 2365; x_wconf 83' lang='lat' dir='ltr'><strong>affuisset3</strong></span> <span class='ocrx_word' id='word_1_311' title='bbox 1021 2318 1149 2368; x_wconf 89' lang='lat' dir='ltr'><strong>utique</strong></span> <span class='ocrx_word' id='word_1_312' title='bbox 1182 2316 1280 2354; x_wconf 90' lang='lat' dir='ltr'><strong>enim</strong></span> <span class='ocrx_word' id='word_1_313' title='bbox 1312 2314 1443 2366; x_wconf 88' lang='lat' dir='ltr'><strong>prohi-</strong></span> 
     </span>
    </p>
   </div>
   <div class='ocr_carea' id='block_1_5' title="bbox 123 2511 1443 2599">
    <p class='ocr_par' dir='ltr' id='par_1_6' title="bbox 123 2511 1443 2599">
     <span class='ocr_line' id='line_1_39' title="bbox 214 2511 1443 2555; baseline -0.004 -8"><span class='ocrx_word' id='word_1_314' title='bbox 214 2514 252 2555; x_wconf 86' lang='lat'><strong>1)</strong></span> <span class='ocrx_word' id='word_1_315' title='bbox 278 2514 335 2547; x_wconf 86' lang='lat' dir='ltr'><strong>Sic</strong></span> <span class='ocrx_word' id='word_1_316' title='bbox 354 2514 462 2545; x_wconf 85' lang='lat' dir='ltr'><strong>Rhen.</strong></span> <span class='ocrx_word' id='word_1_317' title='bbox 482 2513 534 2545; x_wconf 82' lang='lat' dir='ltr'><strong>ed.</strong></span> <span class='ocrx_word' id='word_1_318' title='bbox 550 2514 575 2543; x_wconf 89' lang='lat'><strong>1.</strong></span> <span class='ocrx_word' id='word_1_319' title='bbox 589 2514 623 2544; x_wconf 82' lang='lat' dir='ltr'><strong>et</strong></span> <span class='ocrx_word' id='word_1_320' title='bbox 644 2512 718 2545; x_wconf 85' lang='lat' dir='ltr'><strong>cod.</strong></span> <span class='ocrx_word' id='word_1_321' title='bbox 739 2512 891 2552; x_wconf 80' lang='lat' dir='ltr'><strong>Pithoei3</strong></span> <span class='ocrx_word' id='word_1_322' title='bbox 918 2511 1043 2544; x_wconf 86' lang='lat' dir='ltr'><strong>ceteri:</strong></span> <span class='ocrx_word' id='word_1_323' title='bbox 1071 2511 1443 2551; x_wconf 81' lang='lat' dir='ltr'><strong>Vituperationem</strong></span> 
     </span>
     <span class='ocr_line' id='line_1_40' title="bbox 123 2559 607 2599; baseline -0.004 -7"><span class='ocrx_word' id='word_1_324' title='bbox 123 2560 376 2592; x_wconf 76' lang='lat' dir='ltr'><strong>laudatione</strong></span> <span class='ocrx_word' id='word_1_325' title='bbox 402 2559 607 2599; x_wconf 72' lang='lat' dir='ltr'><strong>depellas.</strong></span> 
     </span>
    </p>
   </div>
   <div class='ocr_carea' id='block_1_6' title="bbox 179 2606 1158 2649">
    <p class='ocr_par' dir='ltr' id='par_1_7' title="bbox 179 2606 1158 2649">
     <span class='ocr_line' id='line_1_41' title="bbox 179 2606 1158 2649; baseline -0.004 -1"><span class='ocrx_word' id='word_1_326' title='bbox 179 2618 381 2649; x_wconf 73' lang='lat' dir='ltr'><strong>Tim-rum..</strong></span> <span class='ocrx_word' id='word_1_327' title='bbox 414 2618 468 2647; x_wconf 83' lang='lat' dir='ltr'><strong>tv.</strong></span> <span class='ocrx_word' id='word_1_328' title='bbox 1130 2606 1158 2644; x_wconf 92' lang='lat'>7</span> 
     </span>
    </p>
   </div>
  </div>
 </body>
</html>
