1604 2800
548 233 675 267 Anv.
711 234 1004 268 PRAXEAN.
1339 239 1437 279 255

128 323 277 377 quando
305 323 392 376 quid
418 324 501 363 fieri
527 323 715 364 diversum
747 327 845 371 eius,
883 339 953 377 per
978 325 1076 378 quod
1102 328 1160 375 fit,
1193 329 1285 369 nihil
1312 338 1436 372 tamen

60 414 63 416 .
125 388 254 434 potest
283 381 367 420 fieri
397 394 468 434 per
497 380 553 428 id,
593 381 692 433 quod
717 396 872 421 vacuum
900 390 937 421 et
963 384 1072 423 inane
1099 392 1169 424 est.
1242 386 1374 427 Vacua
1399 397 1439 428 et

126 439 248 477 inanis
272 452 335 477 res
361 446 418 477 est
443 451 566 477 sermo
593 438 667 486 dei,
695 440 757 491 qui
783 439 878 478 filius
904 439 1027 479 dictus
1053 449 1123 489 est,
1152 444 1212 494 qui
1238 441 1325 495 ipse
1344 445 1437 485 deus

128 497 415 546 cognominatus
441 498 523 535 est?
562 495 612 534 Et
637 509 760 535 sermo
787 504 870 535 erat
894 496 992 549 apud
1018 497 1140 545 deum,
1174 506 1213 538 et
1238 500 1328 540 deus
1355 511 1439 541 erat

126 554 317 601 sermo.¹)
363 551 552 605 Scriptum
579 561 655 591 est:
682 567 757 591 non
783 567 905 592 sumes
931 568 1068 594 nomen
1095 555 1155 594 dei
1181 558 1218 595 in
1243 558 1436 608 vanum.2)

126 608 197 648 Hic
230 617 335 648 certe
368 617 443 657 est,
483 611 543 662 qui
576 611 613 648 in
645 609 767 661 effigie
799 610 862 649 dei
898 613 1121 651 constitutus
1158 627 1233 652 non
1269 616 1436 668 rapinam

126 667 355 706 existimavit
385 680 469 705 esse
499 680 539 706 se
572 668 767 719 aequalem
800 667 887 706 deo.
905 669 941 715 3)
1014 666 1058 708 In
1090 683 1160 721 qua
1191 670 1315 722 effigie
1352 672 1438 711 dei?

124 723 252 775 utique
278 724 316 762 in
341 724 430 774 alia,
456 738 531 762 non
557 731 681 762 tamen
707 726 742 763 in
770 725 882 763 nulla.
922 725 1010 773 Quis
1036 727 1133 764 enim
1154 728 1309 778 negabit
1328 728 1436 768 deum

125 793 264 832 corpus
302 793 405 827 esse,
443 782 514 819 etsi
547 780 638 819 deus
670 782 822 832 spiritus
853 784 934 819 est?
988 781 1150 833 Spiritus
1176 786 1274 822 enim
1300 799 1438 837 corpus

123 837 181 877 sui
201 838 354 888 generis
378 838 416 875 in
441 850 508 875 sna
533 837 669 887 effigie.
710 836 786 875 Sed
812 838 891 886 si4)
920 838 1120 876 invisibilia
1145 840 1222 887 illa,
1249 854 1438 892 quaecun-

125 906 195 944 que
220 900 323 940 sunt,
355 894 497 931 habent
526 893 624 944 apud
657 893 764 931 deum
798 900 836 931 et
867 907 969 931 suum
1004 908 1141 946 corpus
1167 903 1206 935 et
1231 910 1334 935 suam
1359 899 1438 936 for-

122 962 237 996 mam,
271 962 339 1001 per
364 962 458 1001 quae
484 949 556 988 soli
581 948 653 988 deo
679 950 842 988 visibilia
867 956 970 988 sunt:
1003 958 1140 1002 quanto
1168 955 1303 1004 magis,
1338 954 1437 1005 quod

123 1006 302 1058 exipsius
314 1005 523 1045 substantia
539 1008 711 1044 emissum
727 1008 762 1055 ⁵)
791 1013 860 1052 est,
881 1008 962 1044 sine
977 1008 1184 1046 substantia
1199 1023 1272 1047 non
1288 1012 1386 1048 erit?
1398 1010 1436 1058 ⁶)

124 1061 380 1114 Quaecunque
413 1075 506 1113 ergo
538 1062 746 1100 substantia
776 1064 960 1100 sermonis
991 1064 1077 1109 fuit,
1110 1064 1209 1103 illam
1237 1065 1323 1104 dico
1348 1079 1436 1117 per-

122 1131 271 1164 sonam,
310 1125 349 1157 et
378 1117 433 1156 illi
464 1131 601 1156 nomen
633 1119 699 1156 filii
729 1117 900 1165 vindico,
939 1126 976 1157 et
1001 1118 1086 1157 dum
1113 1120 1225 1159 filium
1252 1135 1435 1172 agnosco,

122 1173 326 1214 secundum
353 1187 374 1212 a
399 1182 507 1226 patre
535 1173 712 1212 defendo.

236 1235 274 1273 8.
335 1230 418 1269 Hoc
444 1231 476 1269 si
509 1232 569 1282 qui
600 1232 789 1283 putaverit
819 1244 877 1270 me
909 1229 1098 1286 προβολὴν
1128 1233 1289 1286 aliquam
1315 1235 1443 1273 intro-·

123 1286 277 1335 ducere,
304 1286 342 1326 id
367 1295 426 1326 est
450 1288 700 1339 prolationem
726 1288 783 1326 rei
809 1288 964 1327 alterius
990 1302 1037 1328 ex
1062 1290 1195 1338 altera,
1223 1290 1322 1342 quod
1343 1292 1436 1329 facit

81 1384 85 1387 ,
123 1344 357 1391 Valentinus,
385 1345 496 1383 alium
523 1352 633 1396 atque
660 1345 771 1382 alium
798 1358 956 1383 aeonem
983 1345 1030 1383 de
1057 1359 1177 1385 aeone
1199 1347 1433 1398 producens3

122 1402 242 1453 primo
281 1400 430 1454 quidem
468 1400 590 1440 dicam
628 1401 716 1439 tibi:
756 1414 831 1439 non
861 1401 949 1440 ideo
982 1416 1055 1440 non
1080 1410 1207 1441 utatur
1232 1411 1270 1442 et
1293 1405 1435 1442 veritas

121 1457 308 1498 vocabulo
339 1459 412 1496 isto
446 1465 484 1496 et
515 1471 556 1496 re
583 1471 628 1496 ac
655 1471 770 1496 censu
797 1459 895 1504 eius,
930 1460 1015 1509 quia
1040 1466 1079 1497 et
1105 1459 1272 1498 haeresis
1298 1461 1434 1507 utitur3

120 1515 196 1561 imo
221 1514 393 1554 haeresis
411 1515 537 1566 potius
557 1527 605 1552 ex
623 1515 785 1552 veritate
811 1515 974 1566 accepit,
1002 1514 1099 1566 quod
1127 1514 1174 1553 ad
1200 1515 1435 1555 mendacium

121 1584 225 1612 suum
251 1578 430 1610 strueret.
469 1570 646 1609 Prolatus
676 1578 734 1610 est
758 1583 882 1609 sermo
909 1570 971 1609 dei
996 1584 1042 1609 an
1069 1574 1169 1610 non?
1199 1571 1269 1611 Hic
1289 1585 1435 1611 mecum

120 1627 277 1679 gradum
303 1628 391 1680 fige,
454 1626 494 1665 Si
519 1627 689 1680 prolatus
716 1634 786 1674 est,
814 1641 1006 1678 cognosce
1031 1625 1223 1680 προβολὴν
1246 1630 1433 1675 veritatis,

122 1692 162 1723 et
188 1683 331 1723 viderit
360 1685 550 1729 haeresis,
589 1684 620 1720 si
653 1683 740 1735 quid
771 1683 818 1720 de
848 1684 1009 1720 veritate
1042 1684 1184 1720 imitata
1217 1691 1287 1721 est.
1357 1683 1434 1721 lam

123 1753 221 1779 nunc
247 1741 452 1792 quaeritur,
481 1741 562 1790 quis
589 1738 776 1789 quomodo
802 1745 929 1775 utatur
952 1739 1076 1789 aliqua
1101 1751 1155 1785 re,
1183 1746 1222 1776 et
1244 1738 1432 1777 vocabulo

122 1797 227 1836 eius?
272 1795 496 1834 Valentinus
521 1791 713 1847 προβολὰς
737 1806 823 1831 suas
849 1792 1032 1831 discernit
1056 1800 1095 1832 et
1119 1801 1271 1846 separat
1295 1794 1342 1832 ab
1368 1807 1433 1832 au-

122 1859 248 1900 ctore,
286 1858 326 1890 et
355 1853 407 1889 ita
438 1851 551 1900 longe
577 1850 623 1887 ab
650 1862 696 1887 eo
723 1850 848 1900 ponit,
888 1856 928 1887 ut
957 1862 1054 1888 aeon
1090 1857 1234 1901 patrem
1266 1851 1430 1898 neseiat3

121 1908 282 1960 denique
305 1905 498 1947 desiderat
517 1917 642 1951 nosse,
668 1918 739 1943 nec
759 1912 897 1956 potest,
923 1906 998 1944 imo
1024 1912 1064 1944 et
1086 1918 1207 1957 paene
1229 1905 1434 1945 devoratur

121 1973 160 2005 et
190 1965 409 2003 dissolvitur
439 1964 476 2001 in
506 1963 689 2014 reliquam
725 1962 982 2000 substantiam.
1053 1962 1165 2015 Apud
1202 1977 1271 2002 nos
1307 1970 1430 2002 autem

121 2023 223 2061 solus
249 2022 345 2060 filius
369 2027 516 2073 patrem
542 2019 657 2065 novit,
670 2019 708 2067 ⁷)
736 2026 774 2057 et
798 2020 917 2057 sinum
943 2019 1060 2071 patris
1085 2019 1167 2071 ipse
1193 2021 1380 2072 exposuit,
1396 2021 1432 2071 8)

121 2086 161 2118 et
185 2079 309 2118 omnia
341 2076 438 2130 apud
469 2083 614 2129 patrem
652 2074 794 2114 audivit
818 2082 858 2114 et
879 2074 992 2122 vidit,
1030 2082 1070 2113 et
1106 2089 1200 2128 quae
1236 2076 1433 2115 mandatus

123 2141 182 2175 est
205 2149 227 2174 a
251 2142 373 2187 patre,
401 2147 446 2173 ea
472 2140 511 2172 et
535 2133 769 2184 loquum-3⁹)
796 2145 867 2170 nec
892 2145 1008 2179 suam,
1034 2132 1102 2171 sed
1128 2134 1433 2184 patris—perfecit

120 2192 451 2242 voluntatem‚¹>⁰)
485 2202 594 2242 quam
624 2188 671 2227 de
702 2190 896 2241 proximo,
933 2190 1008 2227 imo
1041 2188 1089 2228 de
1120 2190 1226 2227 initio
1259 2196 1430 2227 noverat.

124 2248 213 2297 Quis
245 2250 342 2287 enim
374 2248 463 2293 scit,
498 2258 593 2298 quae
619 2246 698 2283 ‚sint
722 2246 759 2283 in
785 2244 877 2291 deo,
915 2246 986 2284 nisi
1022 2247 1173 2298 spiritus
1200 2246 1260 2296 qui
1285 2246 1322 2282 in
1347 2246 1431 2295 ipso

123 2307 281 2352 est?¹¹)
321 2303 455 2343 Sermo
481 2309 605 2341 autem
631 2303 763 2354 spiritu
788 2308 952 2340 structus
977 2309 1046 2348 est,
1073 2309 1112 2340 et
1132 2309 1171 2340 ut
1191 2302 1242 2339 ita
1257 2299 1428 2346 dixerim,

213 2417 250 2461 1)
262 2422 311 2450 lo.
326 2420 357 2456 1,
374 2419 405 2447 1.
499 2417 535 2456 2)
547 2416 658 2447 Exod.
671 2417 725 2456 20,
739 2417 772 2448 7.
866 2412 1001 2452 syphil.
1016 2416 1046 2454 2,
1063 2416 1094 2446 6.
1165 2411 1204 2454 4)
1222 2413 1328 2444 Rhen.
1353 2413 1430 2444 Sed

123 2468 162 2495 et
188 2464 221 2495 ni
245 2468 311 2495 etc.
358 2463 420 2495 Ed.
443 2463 557 2502 Fran„
581 2462 654 2502 Rig.
693 2461 770 2492 Sed
795 2462 834 2491 et
859 2460 1028 2491 invisib.
1139 2461 1172 2496 5)
1195 2459 1301 2490 Rhen.
1328 2458 1379 2490 ed.
1404 2459 1430 2488 Ι.

124 2509 392 2541 substantiae
413 2510 591 2539 missum.
660 2504 695 2543 6)
711 2507 760 2536 Cf.
775 2506 831 2535 lib.
846 2506 886 2535 de
901 2515 1002 2536 carne
1017 2505 1093 2535 Chr.
1107 2514 1135 2534 c.
1150 2505 1204 2535 11.
1265 2502 1298 2542 Ἰ)
1309 2503 1429 2534 Matth.

115 2557 177 2594 ¹11,
192 2557 245 2587 27.
341 2553 374 2595 8)
388 2556 432 2585 10.
448 2555 478 2593 1,
495 2554 547 2585 18.
643 2550 739 2594 9)1o.
754 2553 784 2590 8,
800 2552 852 2580 26.
935 2548 1054 2592 10)10.
1069 2551 1099 2589 6,
1116 2551 1168 2580 38.
1251 2547 1307 2581 11)
1327 2549 1428 2580 1C0r.

124 2602 155 2638 2,
183 2602 236 2631 11.
