1604 2800
352 161 429 192 DE
467 161 978 194 RESURRECTIONE
1014 164 1244 199 CARle.
1358 167 1461 205 1⁰1

130 258 376 300 servaverat3
405 253 468 291 ubi
483 254 596 298 etiam
610 254 767 306 Moyses
782 262 820 294 et
835 255 976 303 Helias,
1002 257 1103 297 alter
1124 259 1164 297 in
1184 259 1348 311 imagine
1374 274 1461 301 car-

130 311 190 349 nis
215 308 384 349 nondum
409 318 613 363 receptae,
650 312 751 351 alter
776 314 812 351 in
837 315 1001 353 veritate
1037 314 1202 355 noudum
1240 316 1459 367 defunctae,

131 365 294 407 eandem
319 373 451 407 tamen
475 368 735 408 habitudinem
767 373 942 422 corporis
976 373 1090 411 etiam
1115 374 1152 411 in
1179 373 1304 425 gloria
1328 388 1462 427 perse-

130 437 269 464 verare
300 423 531 465 docuerunt.
597 426 656 466 De
687 441 760 479 quo
793 430 967 482 exemplo
1000 431 1207 470 instructus
1238 439 1278 471 et
1302 431 1460 472 Paulus:

133 483 197 535 qui
221 482 525 535 transfigurabit,
551 484 685 536 iuquit,
713 499 852 538 corpus
877 486 1098 526 humilitatis
1123 495 1278 528 nostrae
1305 491 1462 529 confor-

131 539 231 579 male
263 541 422 592 corpori
452 541 602 592 gloriae
627 555 731 582 suae.
747 545 782 591 ¹)
853 543 962 591 Quod
989 546 1063 583 etsi
1088 546 1462 597 transfigurationem

133 604 174 636 et
199 599 495 637 conversionem
520 599 559 637 in
584 600 783 639 transitum
808 601 1043 642 substantiae
1065 604 1245 655 cuiusque
1266 603 1461 643 defendis:

133 667 230 706 ergo
255 661 298 693 et
320 653 413 694 Saul
439 657 479 694 iu
503 656 617 695 alium
641 658 760 696 virum
788 671 1007 707 conversus,
1034 659 1082 698 de
1108 673 1274 712 corpore
1299 675 1367 700 suo
1394 675 1462 700 ex-

135 712 266 759 cessit,
291 718 335 751 et
357 713 439 764 ipse
464 720 630 760 satanas,
658 727 741 752 cum
766 716 805 753 in
830 716 1006 766 angelum
1032 717 1128 754 lucis
1153 718 1459 769 transfiguratur,

134 770 358 822 qualitatem
381 783 487 808 suam
512 771 662 808 amittit.
698 770 788 809 Non
802 773 953 823 opinor.
992 773 1047 810 lta
1061 774 1153 811 etin
1166 775 1463 813 resurrectionis

134 833 312 866 eventum
354 827 518 873 mutari,
563 828 756 874 converti,
799 829 1004 867 reformari
1046 829 1181 868 licebit
1218 843 1301 869 cum
1339 832 1463 870 salute

95 908 100 912 -
135 883 384 923 substantiae.

254 943 324 983 56.
384 940 536 980 Etenim
562 955 672 994 quam
698 941 914 990 absurdum,
948 956 1058 996 qnam
1082 957 1175 983 vero
1202 945 1462 995 ethnicum,'-')

133 1004 334 1050 utrumque
371 1005 498 1046 antem
537 1012 646 1050 quam
683 998 757 1038 deo
795 999 1015 1051 indignum,
1059 1002 1170 1039 aliam
1214 1001 1463 1040 substantiam

136 1056 305 1110 operari,
337 1056 448 1094 aliam
474 1055 655 1094 mercede
682 1055 878 1107 dispungi,
912 1064 952 1094 ut
975 1058 1072 1095 haec
1099 1057 1249 1109 quidem
1276 1071 1368 1096 caro
1393 1071 1465 1110 per

134 1114 323 1164 martyria
347 1113 524 1159 lanietur,
551 1113 626 1150 alia
644 1125 739 1151 vero
759 1120 980 1160 coronetur,
1007 1115 1096 1152 item
1112 1127 1132 1152 e
1147 1115 1344 1152 contrario
1366 1114 1462 1152 haec

138 1168 290 1222 quidem
327 1182 419 1207 caro
450 1171 490 1207 in
521 1170 714 1220 spurcitiis
748 1170 965 1216 volutetur,
1009 1171 1084 1209 alia
1119 1183 1212 1209 vero
1250 1169 1461 1209 damnetur.

137 1225 279 1265 Nonne
303 1232 477 1278 praestat
501 1238 650 1264 omnem
675 1226 793 1264 semel
819 1225 1048 1278 fidemaspe
1074 1229 1370 1266 resurrectionis
1395 1227 1464 1266 ab-

143 1282 302 1330 ducere,
337 1296 445 1335 quam
471 1281 519 1321 de
546 1284 735 1334 gravitate
760 1290 874 1335 atque
899 1284 1043 1322 iustitia
1068 1283 1131 1323 dei
1156 1283 1315 1323 ludere?
1359 1284 1465 1323 Mar-

140 1341 292 1380 cionem
322 1353 392 1392 pro
418 1339 625 1379 Valentino
658 1341 906 1379 resuscitari?
948 1340 1097 1392 quando
1129 1354 1253 1393 neque
1285 1348 1463 1387 mentem,

139 1410 265 1450 neque
289 1398 523 1443 memoriam,
549 1410 672 1449 neque
698 1398 974 1435 conscientiam
998 1398 1160 1436 hominis
1179 1397 1356 1436 hodierni
1379 1411 1466 1436 cre-

139 1453 258 1494 dibile
283 1455 333 1492 sit
355 1454 504 1493 aboleri
528 1467 602 1505 per
624 1453 883 1492 indumentum
914 1453 1007 1493 illud
1038 1456 1280 1492 mutatorium
1311 1455 1466 1492 immor-

138 1513 300 1551 talitatis
330 1517 371 1550 et
400 1511 704 1563 incorruptelae,
741 1517 925 1549 vacaturo
962 1511 1115 1550 scilicet
1144 1511 1400 1550 emolumento
1426 1518 1467 1549 et

139 1570 270 1615 fructu
299 1568 596 1607 resurrectionis
626 1574 667 1606 et
695 1574 795 1606 statu
826 1567 944 1606 divini
975 1568 1178 1620 utrobique
1209 1567 1354 1606 iudicii.
1423 1567 1467 1606 Si

140 1639 218 1665 non
242 1626 491 1673 meminerim,
522 1638 582 1664 me
608 1638 706 1671 esse,
740 1626 802 1676 qui
826 1626 960 1671 merui,
988 1624 1178 1676 quomodo
1204 1625 1366 1676 gloriam
1391 1623 1467 1662 deo

141 1682 292 1722 dicam?
325 1681 516 1734 quomodo
548 1694 682 1720 canam
707 1681 763 1719 illi
789 1694 924 1719 novum
958 1682 1175 1736 canticum,
1198 1682 1375 1720 nesciens
1406 1693 1467 1719 me

141 1752 242 1786 esse,
267 1740 331 1790 qui
355 1739 519 1789 gratiam
544 1737 730 1776 debeam?
790 1737 868 1775 Cur
891 1744 1015 1776 autem
1042 1738 1311 1781 soliuscarnis
1336 1735 1467 1775 demu-

142 1797 240 1835 tatio
261 1796 467 1846 excipitur,
493 1807 569 1832 non
595 1800 635 1831 et
658 1794 807 1831 animae
830 1794 954 1840 simul,
982 1807 1078 1845 quae
1098 1795 1136 1832 in
1156 1794 1329 1831 omnihus
1351 1805 1466 1845 prae-

142 1853 215 1892 fuit
245 1852 377 1891 carni?
430 1850 548 1899 Quale
575 1857 646 1895 est,
671 1856 713 1887 ut
738 1848 872 1888 eadem
896 1851 1033 1897 anima,
1066 1864 1162 1902 quae
1187 1852 1225 1889 in
1252 1850 1323 1888 hac
1349 1862 1467 1889 carne

143 1917 266 1949 totum
301 1909 403 1947 vitae
441 1905 615 1946 ordinem
652 1905 889 1954 decucurrit,
929 1920 1025 1959 quae
1050 1908 1089 1945 in
1114 1908 1186 1947 hac
1213 1920 1328 1946 carne
1354 1905 1467 1945 deum

145 1965 283 2006 didicit
306 1972 347 2005 et
370 1964 560 2003 Christum
586 1961 711 2001 induit
734 1970 775 2002 et
797 1977 902 2016 spem
927 1965 1060 2003 salutis
1083 1965 1295 2011 seminavit,
1327 1965 1366 2002 in
1391 1964 1467 2002 alia

144 2024 279 2063 nescio
306 2036 379 2075 qua
403 2028 523 2060 metat
546 2021 735 2059 fructum?
768 2020 854 2060 Nae
879 2021 944 2060 illa
968 2022 1246 2073 gratiosissima
1271 2034 1376 2068 caro,
1404 2022 1467 2059 cui

146 2081 267 2132 gratis
290 2081 369 2118 vita
394 2078 596 2118 constabit.
657 2076 800 2125 Quodsi
824 2092 900 2116 non
925 2085 965 2117 et
988 2080 1113 2117 anima
1137 2078 1360 2125 mutabitur,
1393 2079 1466 2116 iam

145 2133 233 2176 nec*
244 2138 392 2175 animae
418 2135 653 2174 resurrectio
678 2141 756 2182 est;
783 2148 855 2174 nec
879 2136 963 2188 ipsa
981 2137 1080 2175 enim
1101 2137 1360 2175 resurrexisse
1380 2136 1468 2173 cre-

147 2194 272 2240 detur,
297 2194 331 2232 si
355 2206 432 2231 nou
455 2192 531 2230 alia
555 2193 824 2230 resurrexerit.

261 2253 340 2299 57„
391 2249 488 2287 Hinc
520 2250 594 2287 iam
624 2249 690 2287 illa
717 2249 886 2300 vulgaris
916 2249 1195 2289 incredulitatis
1220 2249 1370 2299 argutia
1394 2253 1465 2286 est.

149 2309 205 2356 Si,
230 2308 421 2360 inquiunt,
451 2307 535 2358 ipsa
565 2304 776 2357 eademque
807 2306 1017 2345 substantia
1046 2313 1254 2345 revocatur
1284 2317 1367 2342 cum
1397 2316 1467 2342 sua

148 2367 284 2412 forma,
311 2364 426 2410 linea,
452 2363 647 2415 qualitate,
673 2375 768 2414 ergo
793 2370 834 2402 et
857 2376 940 2402 cum
965 2363 1175 2414 insignibus
1200 2362 1276 2400 suis
1295 2361 1466 2412 reliquis,

146 2423 277 2475 itaque
308 2428 348 2460 et
379 2420 487 2459 caeci
518 2427 558 2459 et
588 2418 714 2458 claudi
745 2427 785 2458 et
815 2421 1035 2471 paralytici,
1068 2426 1108 2458 et
1137 2426 1178 2457 ut
1202 2419 1283 2470 quis
1307 2418 1467 2468 insignis

242 2547 281 2591 1)
295 2547 380 2579 Phil.
397 2548 428 2586 3,
443 2547 497 2575 21.
570 2546 607 2586 2)
620 2546 712 2577 Pam.
726 2548 760 2576 et
773 2545 845 2587 Rig.
861 2554 879 2576 e
892 2546 966 2578 cod.
982 2545 1189 2584 Anglicano:
1210 2546 1250 2576 et
1268 2543 1466 2582 iniquum.

209 2606 411 2637 Tssurunn.
444 2604 496 2633 lv.
802 2615 810 2623 ·
1129 2594 1176 2631 11
