1604 2800
171 181 235 218 18
571 177 682 208 anv.
715 174 1106 206 HERMOGENEM.

288 276 354 312 21.
388 269 511 320 Ergo,
552 268 694 319 inquis,
734 268 765 304 si
802 274 841 305 tn
878 265 967 304 ideo
1005 262 1248 318 praeiudicas
1288 275 1337 301 ex
1373 262 1490 301 nihilo

174 332 275 368 facta
307 328 450 373 omnia,
490 325 577 377 quia
615 338 691 362 non
728 325 777 362 sit
813 324 1012 362 manifeste
1051 322 1211 360 relatum
1248 318 1296 359 de
1332 320 1493 359 materia

172 384 421 438 praecedenti
448 384 588 421 factum
616 380 717 433 quid,
743 379 844 427 vide,
871 393 918 419 ne
945 379 1095 418 diversa
1115 391 1203 430 pars
1222 375 1310 416 ideo
1333 383 1492 416 conten-

173 443 239 482 dat
263 455 313 481 ex
336 442 496 480 materia
523 440 647 477 omnia
673 439 789 484 facta,
817 439 903 489 quia
928 435 1089 490 proinde
1115 449 1190 474 non
1216 441 1349 487 aperte
1375 434 1493 485 signi-

175 502 323 539 ficatum
350 499 417 545 sit,
444 510 492 536 ex
518 496 636 534 nihilo
663 494 752 547 quid
777 495 930 533 factum.
991 494 1108 532 Plane
1134 492 1352 544 retorqueri
1378 503 1495 543 quae-

173 557 257 596 dam
290 556 404 595 facile
436 560 613 606 possunt,
640 566 714 590 non
746 552 871 590 statim
904 559 944 590 et
979 564 1029 590 ex
1064 563 1187 601 aequo
1225 548 1390 594 admitti,
1429 547 1493 586 uhi

175 614 376 653 diversitas
409 623 568 650 caussae
601 617 671 648 est.
733 609 830 648 Dico
862 610 981 655 enim,
1017 608 1089 646 etsi
1126 619 1201 644 non
1232 612 1366 658 aperte
1398 605 1495 644 scri-

174 678 286 722 ptura
309 668 569 722 pronuntiavit
594 680 642 705 ex
667 667 785 704 nihilo
811 666 914 704 facta
940 666 1078 711 omnia,
1105 665 1204 702 sicut
1233 667 1306 702 nec
1338 675 1387 701 ex
1417 674 1496 700 ma-

175 728 284 772 teria,
311 739 387 763 non
413 731 555 762 tantam
581 724 696 761 fuisse
723 723 993 761 necessitatem
1022 728 1153 774 aperte
1179 717 1422 771 significandi
1447 717 1494 757 de

176 783 293 821 nihilo
320 782 423 820 facta
450 781 588 825 omnia,
616 786 755 830 quanta
780 786 902 824 esset,
936 780 966 816 si
998 791 1048 816 ex
1079 784 1239 815 materia
1270 777 1372 815 facta
1403 776 1497 814 fuis-

176 846 273 885 sent,
301 839 490 890 quoniam,
518 834 617 887 quod
645 836 686 873 fit
711 848 759 873 ex
785 835 923 881 nihilo,
950 848 997 872 eo
1023 835 1125 885 ipso,
1153 832 1238 871 dum
1265 846 1341 871 non
1366 839 1496 871 osten-

177 895 279 934 ditur
308 908 358 933 ex
388 894 515 945 aliquo
547 893 707 938 factum,
743 892 1008 930 manifestatur
1039 904 1087 929 ex
1119 890 1237 927 nihilo
1263 891 1424 935 factum,
1457 896 1498 927 et

177 966 251 991 non
277 951 536 1004 periclitatur,
570 962 617 987 ne
644 962 693 987 ex
722 949 848 999 aliquo
880 949 1023 986 factum
1056 947 1312 992 existimetur,
1345 945 1495 998 quando

177 1023 252 1048 non
277 1008 573 1052 demonstretur,
606 1019 655 1044 ex
680 1019 753 1057 quo
780 1006 828 1043 sit
853 1005 1008 1042 factum.
1070 1002 1179 1052 Quod
1205 1010 1330 1041 autem
1357 1015 1406 1041 ex
1425 1003 1496 1041 ali-

178 1079 250 1118 quo
278 1066 332 1111 fit,
366 1066 437 1102 nisi
463 1064 536 1102 hoc
564 1064 682 1114 ipsum
709 1069 842 1114 aperte
869 1060 1099 1106 declaratur,
1126 1073 1175 1098 ex
1195 1060 1321 1111 aliquo
1341 1059 1496 1107 factum,

178 1122 262 1162 dum
295 1121 386 1160 illud
419 1134 468 1158 ex
500 1133 572 1171 quo
604 1120 745 1158 factum
778 1120 927 1157 sitnon
953 1114 1236 1166 ostenditur21)
1261 1116 1498 1169 periclitabi-

176 1187 238 1218 tur
262 1180 381 1230 primo
407 1176 529 1216 videri
556 1189 603 1214 ex
629 1176 747 1214 nihilo
778 1177 938 1221 factum,
967 1176 1053 1226 quia
1079 1187 1154 1212 non
1180 1172 1324 1221 editur,
1350 1186 1398 1212 ex
1423 1187 1497 1225 quo

177 1238 226 1275 sit
255 1237 415 1282 factum,
454 1233 612 1279 dehine,
652 1234 725 1272 etsi
756 1245 803 1271 ea
835 1233 884 1270 sit
914 1232 1158 1278 conditione,
1199 1237 1241 1269 ut
1270 1244 1347 1269 non
1377 1231 1507 1283 possit„

175 1292 299 1331 videri
324 1305 399 1330 non
418 1292 455 1337 ²)
484 1303 533 1329 ex
554 1291 693 1341 aliquo,
721 1288 881 1341 proinde
901 1288 1195 1341 periclitabitur,
1216 1301 1267 1327 ex
1283 1287 1361 1326 alio
1382 1288 1497 1339 longe

177 1350 319 1387 factum
344 1346 486 1392 videri,
514 1360 622 1397 quam
648 1359 698 1384 ex
723 1359 796 1397 quo
823 1346 963 1384 factum
995 1353 1072 1392 est,
1100 1344 1186 1383 dum
1212 1358 1288 1383 non
1311 1345 1498 1397 proponi-

181 1412 259 1450 tur,
286 1403 385 1442 unde
412 1404 462 1441 sit
486 1403 640 1441 factum.
703 1402 772 1448 lta,
798 1403 830 1440 si
855 1414 905 1440 ex
930 1402 1047 1439 nihilo
1075 1401 1168 1440 deus
1194 1409 1332 1440 cuncta
1357 1402 1498 1441 fecisse

181 1474 255 1499 non
287 1460 428 1512 potuit,
458 1460 529 1496 etsi
548 1460 585 1504 3)
615 1459 805 1509 scriptura
832 1471 907 1495 non
933 1457 1152 1504 adiecisset,
1178 1458 1281 1496 illum
1307 1471 1357 1497 ex
1381 1458 1498 1497 nihilo

180 1518 339 1556 fecisse:
362 1529 411 1554 ex
437 1519 595 1553 materia
621 1527 704 1552 eum
730 1515 869 1553 fecisse
897 1516 997 1553 omni
1023 1514 1135 1552 modo
1163 1513 1294 1552 debuit
1319 1513 1497 1559 edixisse,

180 1575 212 1613 si
238 1580 277 1612 et
303 1586 352 1612 ex
375 1573 536 1611 materia
561 1572 731 1618 fecisset,
759 1572 847 1623 quia
871 1570 963 1609 illud
989 1572 1026 1609 in
1054 1577 1173 1608 totum
1191 1572 1230 1618 4)
1257 1570 1424 1610 habebat
1442 1571 1498 1609 in-

182 1631 324 1681 telligi,
364 1630 435 1668 etsi
473 1642 549 1667 non
586 1628 883 1680 significaretur.
949 1627 1003 1667 At
1038 1626 1137 1666 istud
1174 1628 1211 1665 in
1250 1625 1385 1674 dubio,
1427 1627 1497 1667 nisi

182 1687 477 1738 significaretur.

294 1747 362 1786 22.
394 1742 521 1794 Atque
548 1741 647 1780 adeo
675 1743 830 1794 spiritus
856 1748 1010 1780 sanctus
1037 1741 1134 1779 hane
1161 1742 1375 1792 scripturae
1408 1753 1499 1780 suae

180 1802 366 1840 rationem
393 1799 602 1845 constituit,
629 1806 687 1845 ut,
715 1812 798 1837 cum
825 1797 914 1850 quid
940 1812 989 1838 ex
1012 1799 1139 1850 aliquo
1167 1798 1225 1845 fit,
1253 1805 1292 1837 et
1317 1796 1419 1850 quod
1443 1798 1498 1844 fit,

182 1865 222 1896 et
245 1857 343 1895 unde
371 1857 423 1903 fit,
450 1857 607 1895 referat.
658 1855 893 1902 Fructificet,
920 1856 1052 1907 inquit,
1082 1862 1182 1894 terra
1204 1855 1360 1894 herbam
1381 1855 1497 1902 foeni,

187 1915 432 1952 seminantem
459 1926 587 1951 semen
613 1912 819 1951 secundum
846 1926 966 1964 genus
991 1920 1030 1951 et
1055 1911 1260 1952 secundum
1286 1910 1499 1950 similitudi·

186 1983 282 2016 nem,
309 1977 348 2009 et
372 1970 511 2020 lignum
538 1970 771 2008 fructuosum
799 1971 945 2009 faciens
971 1971 1147 2016 fructum,
1175 1970 1280 2008 cuius
1305 1981 1443 2020 semen*
1460 1969 1497 2007 iu

186 2028 268 2079 ipso
305 2027 343 2064 in
380 2025 672 2064 similitudinem.
740 2026 788 2064 Et
824 2028 965 2065 factum
1004 2034 1063 2065 est
1099 2027 1167 2064 sic.
1233 2025 1284 2064 Et
1318 2024 1500 2077 produxit

186 2090 292 2122 terra
316 2082 472 2121 herbam
497 2083 601 2121 foeni
627 2084 875 2122 seminantem
901 2097 1030 2122 semen
1057 2081 1263 2122 secundum
1288 2095 1426 2134 genus,
1459 2088 1499 2121 et

187 2140 327 2191 lignum
354 2139 586 2177 fructuosum
612 2141 758 2179 faciens
783 2142 965 2187 fructum,
998 2141 1104 2180 cuius
1129 2152 1259 2178 semen
1283 2140 1320 2178 in
1346 2140 1428 2191 ipso
1459 2139 1498 2177 in

186 2195 480 2235 similitudinem.
548 2195 598 2234 Et
633 2198 774 2235 factum
812 2205 871 2236 est
905 2199 974 2236 sic.
1040 2197 1091 2235 Et
1126 2210 1273 2235 rursus:
1317 2195 1366 2234 Et
1403 2194 1499 2234 dixit

187 2252 296 2292 deus:
326 2252 541 2305 producant
565 2266 685 2305 aquae
711 2255 884 2306 repentia
904 2254 1310 2300 animarum'vivarum,
1336 2260 1376 2291 et
1393 2251 1498 2291 vola-

279 2409 318 2454 1)
344 2413 399 2444 Sic
414 2413 628 2452 Rig.;Rhen.
645 2413 787 2451 aliique:
818 2414 928 2444 illud
959 2415 1049 2445 dum
1081 2423 1130 2444 ex
1156 2422 1235 2452 quo
1258 2413 1416 2443 factum
1439 2411 1497 2442 sit

189 2458 448 2490 ostenditur.
588 2456 625 2500 2)
657 2459 797 2490 Praeter
821 2460 1007 2499 Rigaltium
1032 2459 1104 2492 edd.
1120 2467 1254 2491 omnen:
1285 2457 1420 2487 videri
1447 2465 1499 2487 ex

190 2502 343 2540 aliquo.
461 2501 499 2545 3)
529 2504 568 2536 V.
594 2503 676 2534 etui
705 2504 833 2535 addidit
859 2506 932 2545 Rig.
1050 2502 1090 2547 4)
1121 2504 1177 2536 Sic
1204 2503 1277 2536 cod.
1302 2502 1438 2534 Wouw.
1471 2505 1505 2533 et

193 2546 287 2586 Rig.;
314 2548 436 2579 ceteri:
460 2549 571 2579 licet
596 2558 645 2579 ex
670 2551 850 2582 materia
873 2551 983 2581 -in
1007 2551 1108 2583 toto.
