1624 2826
171 199 270 237 224
416 197 937 230 ADV.MAR010NEM
972 195 1149 227 ΜΒΕΒ
1185 195 1225 226 v.

172 294 342 341 sumust)
370 292 568 343 magno.2)
619 290 736 329 Plane
764 290 882 338 nullo,
908 290 939 328 si
965 289 1187 342 phantasma
1213 287 1284 326 suit
1311 285 1497 334 Christus,

171 365 243 391 nec
281 350 413 390 habuit
449 349 560 387 ullam
594 348 841 387 substantiam
875 348 1070 400 corporis,
1109 360 1217 398 quam
1250 357 1320 397 pro
1357 344 1500 382 nostris

173 408 399 461 corporibus
437 405 685 458 dependeret.
760 405 865 457 Ergo
905 405 1079 444 Christus
1122 404 1279 449 habuit,
1318 414 1391 454 quo
1429 414 1499 440 nos

172 467 405 511 redimeret,
443 472 483 502 et
513 465 543 502 si
575 465 701 516 aliquo
734 477 873 515 niagno
905 462 1070 502 redemit
1103 462 1197 501 hacc
1232 472 1422 512 corpora,
1460 459 1499 498 in

173 537 268 577 quae
295 521 428 561 eadem
456 521 726 560 committenda
751 521 958 560 fornicatio
986 535 1060 559 non
1088 521 1174 567 erit,
1201 525 1242 557 ut
1267 519 1304 556 in
1330 516 1500 556 membra

171 584 245 620 iam
273 580 432 626 Christi,
471 593 546 617 non
573 587 722 626 nostra,
760 580 890 631 utique
917 579 988 617 sibi
1016 579 1118 617 salva
1144 575 1374 630 praestabit,
1402 587 1499 628 quae

171 651 309 689 magno
337 638 585 689 comparavit..
641 637 718 676 Iam
746 651 843 676 nunc
872 635 1062 689 quomodo
1090 634 1376 680 honorabimus,
1404 646 1499 686 quo-

171 695 285 734 modo
318 695 494 733 tollemus
526 694 636 733 deum
669 696 705 733 in
738 709 903 746 corpore
938 695 1136 747 perituro?
1154 694 1192 743 ³)
1244 690 1427 744 Sequitur
1451 689 1498 730 de

171 753 310 805 nuptiis
338 751 536 802 congredi,
570 765 662 803 quas
686 752 860 790 Marcion
889 752 1128 790 constantior
1159 750 1341 802 apostolo
1367 748 1500 801 prohi-

170 811 252 849 het.
315 809 464 847 Etenim
492 810 706 860 apostolus,
746 810 816 846 etsi
848 809 988 847 bonum
1022 808 1285 846 continentiae
1311 807 1498 859 praefert,

171 875 299 906 tamen
333 867 551 917 coniugium
584 873 623 905 et
660 866 835 904 contrahi
874 867 1079 918 permittit,
1119 872 1159 904 et
1195 864 1276 902 usui
1316 876 1421 910 esse,
1460 870 1500 902 et

171 926 293 976 magis
329 925 506 971 retineri,
547 937 654 975 quam
694 922 859 974 disiungi
897 923 1044 961 suadet.
1064 924 1102 971 ⁴)
1166 922 1283 961 Plane
1325 921 1498 959 Christus

170 989 276 1021 vetat
312 981 533 1028 divortium,
570 981 727 1032 Moyses
765 994 856 1020 vero
896 982 1094 1033 permittit.
1166 979 1344 1018 Marcion
1377 981 1495 1016 totum

172 1039 413 1078 concubitum
447 1039 625 1077 auferens
659 1038 851 1085 fidelibus,
893 1038 1076 1084 (viderint
1102 1038 1200 1075 enim
1228 1035 1496 1075 catechumeni

170 1098 281 1145 eius,)
314 1096 510 1148 repudium
538 1103 625 1134 ante
652 1097 846 1147 nuptias⁵)
874 1096 1020 1142 iubens,
1049 1096 1154 1134 cuius
1180 1093 1408 1132 sententiam
1434 1105 1497 1132 se-

169 1156 307 1206 quitur,
333 1154 459 1206 Moysi
485 1167 531 1191 an
560 1153 725 1191 Christi?
751 1152 891 1205 Atquin
919 1161 958 1191 et
984 1153 1156 1191 Christus
1182 1165 1265 1191 cum
1291 1151 1496 1204 praecipit,

168 1212 363 1250 mulierem
391 1225 411 1249 a
437 1212 520 1249 viro
547 1224 621 1248 non
649 1210 870 1258 discedere,
910 1218 975 1250 aut
999 1212 1030 1249 si
1058 1210 1300 1257 discesserit,
1338 1220 1494 1248 manere

167 1271 387 1321 innuptam,
426 1275 491 1307 aut
527 1269 774 1307 reconciliari
802 1269 962 1318 viro:⁶)
1003 1275 1042 1307 et
1072 1267 1270 1320 repudium
1309 1266 1493 1319 permisit,

169 1326 267 1378 quod
295 1340 370 1364 non
396 1327 432 1364 in
459 1333 577 1364 totum
610 1326 822 1377 prohibuit,
863 1333 902 1365 et
933 1327 1210 1364 matrimonium
1240 1324 1493 1371 confirmavit,

169 1383 268 1436 quod
294 1385 415 1435 primo
442 1384 562 1421 vetuit
588 1383 770 1434 disiungi,
810 1391 866 1430 et,
905 1385 935 1421 si
962 1385 1062 1422 forte
1090 1383 1336 1430 disiunctum,
1374 1381 1496 1422 voluit

169 1441 385 1479 reformari.
455 1439 532 1478 Sed
570 1448 610 1478 et
647 1442 908 1479 continentiae
947 1454 1039 1492 quas
1076 1442 1131 1478 ait
1169 1441 1349 1479 caussas?
1397 1439 1495 1487 Quia

168 1505 315 1550 tempus
346 1498 384 1535 in
411 1497 577 1535 collecto
617 1499 731 1548 est.⁷)
781 1497 1032 1544 Putaveram,
1071 1499 1158 1550 quia
1191 1497 1285 1536 deus
1321 1498 1418 1536 alius
1455 1497 1492 1536 in

169 1555 342 1603 Christo3
382 1562 421 1593 et
446 1561 570 1592 tamen
597 1568 619 1593 a
646 1568 718 1606 quo
745 1562 804 1592 est
829 1555 1010 1593 collectio
1038 1556 1241 1606 temporis,
1268 1555 1315 1593 ab
1343 1568 1391 1593 eo
1417 1555 1494 1594 erit

167 1619 207 1650 et
238 1611 338 1664 quod
372 1612 595 1650 collectioni
627 1613 810 1663 temporis
837 1613 1028 1663 congruit.
1089 1612 1214 1650 Nemo
1241 1612 1368 1650 alieno
1396 1619 1492 1650 tem-

165 1670 251 1721 pori
278 1670 455 1708 consulit.
489 1668 668 1707 Pusillum
696 1668 806 1708 deum
833 1670 996 1708 affirmas
1020 1677 1136 1717 tuum,
1162 1669 1353 1715 Marcion,
1381 1681 1490 1720 quem

166 1728 203 1764 in
229 1726 356 1778 aliquo
385 1733 785 1778 coangustattempus
812 1729 1013 1766 creatoris.
1079 1726 1195 1766 Certe
1221 1726 1492 1779 praescribens

165 1790 307 1821 tantum
334 1784 372 1821 in
399 1782 551 1822 domino
579 1797 663 1822 esse
689 1784 964 1833 nubendum,8)
993 1797 1039 1822 ne
1062 1786 1144 1836 quis
1160 1783 1282 1822 fidelis
1297 1783 1490 1822 ethnicum

164 1842 443 1887 matrimonium
471 1841 685 1888 contrahat,
712 1842 836 1892 legem
863 1849 993 1880 tuetur
1007 1843 1196 1880 creatoris
1210 1840 1491 1893 allophylorum

165 1899 316 1949 nuptias
342 1899 481 1949 ubique
507 1899 759 1951 prohibentis.
789 1898 866 1937 Sed
894 1901 966 1938 etsi
992 1906 1090 1947 sunt,
1119 1901 1182 1951 qui
1208 1898 1387 1951 dicuntur
1412 1897 1488 1944 dei,

165 1955 243 1992 sive
271 1955 308 1992 in
341 1956 480 2002 coelis,
515 1957 593 1994 sive
626 1957 662 1993 in
691 1957 875 2006 terris,9)
909 1964 1082 2010 apparet,
1110 1954 1301 2009 quomodo
1328 1954 1488 2004 dixerit3

164 2024 238 2048 non
266 2013 371 2062 quasi
395 2025 486 2050 vere
513 2014 600 2059 sint,
627 2012 692 2064 sed
722 2014 804 2065 quia
833 2015 919 2061 sint,
947 2014 1213 2067 quidicantur,
1241 2009 1392 2066 quando
1410 2026 1488 2052 uon

165 2068 250 2105 sint..
313 2068 368 2106 De
407 2068 519 2107 idolis
557 2070 654 2108 enim
694 2072 822 2122 coepit
860 2071 906 2110 de
943 2072 1170 2124 idolothytis
1207 2070 1485 2123 disputaturus:

164 2125 325 2171 scimus,
365 2125 464 2177 quod
502 2125 642 2165 idolum
680 2128 771 2166 nihil
809 2130 869 2167 sit.
892 2131 956 2180 ¹⁰)
1019 2130 1246 2168 Creatorem
1282 2134 1409 2167 autem
1447 2134 1487 2166 et

163 2181 338 2220 Marcion
365 2182 473 2221 deum
500 2197 574 2221 non
602 2192 735 2235 negat3
763 2199 856 2237 ergo
884 2201 958 2225 non
985 2194 1114 2239 potest
1137 2185 1262 2226 videri
1287 2185 1485 2238 apostolus

163 2246 378 2279 creatorem
405 2254 554 2293 quoque
580 2243 682 2280 inter
707 2255 774 2281 eos
806 2246 1010 2295 posuisses
1035 2246 1097 2297 qui
1123 2242 1184 2282 dei
1211 2243 1406 2290 dicantur,
1446 2249 1486 2282 et

163 2303 287 2335 tamen
302 2310 379 2337 non
399 2299 487 2345 sint,
515 2298 679 2351 quando,
706 2301 778 2339 etsi
794 2302 965 2351 fuissent,
993 2302 1104 2342 nobis
1123 2309 1249 2341 tamen
1272 2314 1366 2340 unus
1380 2306 1484 2340 esset

252 2413 288 2451 1)
313 2413 433 2450 Rhen.‚
461 2414 550 2454 quod
577 2415 611 2445 in
638 2416 688 2448 ed.
715 2418 739 2447 1.
753 2426 820 2447 non
836 2418 1013 2461 habuerat,
1026 2420 1147 2459 postea
1161 2418 1305 2449 addidit:
1325 2415 1480 2456 pretio·

162 2457 197 2494 2)
213 2459 230 2487 1
247 2459 324 2488 Cor.
340 2461 371 2498 6,
388 2461 441 2491 20.
503 2461 539 2501 3)
554 2461 632 2493 ibid.
693 2463 729 2502 4)
747 2465 762 2493 1
774 2465 850 2495 Cor.
865 2467 896 2504 7,
914 2468 932 2495 7
948 2475 996 2504 sq.
1012 2467 1053 2496 26
1064 2475 1111 2504 sq.
1184 2462 1222 2507 5)
1236 2462 1412 2501 Gelenius,
1428 2462 1480 2492 ed.

160 2502 261 2533 Fran.
282 2504 354 2542 Rig.
382 2507 478 2536 ante
503 2516 554 2537 nu
566 2510 635 2546 pta
647 2517 689 2547 e,
714 2509 768 2540 Fr.
787 2511 904 2541 Iunius
929 2512 1017 2542 coni.
1037 2515 1134 2542 ante
1160 2521 1179 2541 n
1192 2520 1240 2550 up
1252 2509 1319 2542 tia.
1342 2509 1392 2540 cf.
1404 2507 1478 2540 adv.

159 2548 266 2578 Marc.
281 2550 375 2588 4,11.
392 2552 446 2584 ao.
542 2555 579 2591 ο)
605 2556 623 2584 1
640 2556 762 2596 eon-1,
780 2558 832 2588 10.
848 2559 903 2588 11.
977 2558 1013 2597 7)
1042 2557 1085 2589 ih.
1102 2566 1130 2588 v.
1146 2558 1199 2588 29.
1271 2552 1310 2598 8)
1324 2555 1367 2587 ib.
1378 2564 1408 2586 v.
1424 2555 1466 2585 39

161 2594 196 2633 9)
225 2596 242 2624 1
259 2595 335 2626 cor.
349 2596 380 2634 8,
397 2598 424 2626 5.
520 2597 579 2641 10)
606 2600 649 2632 ῑι».
663 2610 691 2632 v.
707 2603 739 2633 4.
