1604 2800
177 203 278 241 133
396 200 468 232 DE
504 196 1015 230 RESURRECTIONE
1053 195 1282 228 CARle.

180 303 339 337 mortem
366 300 406 332 et
430 304 548 344 usque
573 289 623 329 ad
649 296 809 328 mortem
834 288 1101 329 vexationibus
1127 295 1167 327 et
1190 287 1397 340 pressuris,
1423 295 1503 327 tor-

180 353 316 393 mentis
351 357 466 403 atque
504 348 719 400 suppliciiS,
758 347 920 385 nominis
952 359 1087 385 caussa
1112 346 1348 398 experietur.
1407 345 1506 385 Nam

181 418 221 451 et
256 410 370 449 homo
408 408 572 447 interior
608 406 670 444 hic
708 405 837 456 utique
869 404 1048 443 renovari
1078 403 1236 444 habebit
1266 416 1337 456 per
1367 415 1507 455 sugge-

182 476 279 507 stum
303 466 476 519 spiritus,
518 463 726 516 proficiens
757 461 832 502 fide
857 469 898 502 et
922 461 1125 514 disciplina
1149 460 1212 500 die
1237 474 1285 500 ac
1311 459 1394 508 die,
1431 473 1510 500 non

182 526 274 573 illic,
300 523 341 563 id
366 530 426 562 est
451 536 527 560 non
552 527 640 573 post
663 520 1002 567 resurrectionem,
1028 519 1092 558 nbi
1117 532 1193 558 non
1218 520 1348 571 utique
1375 517 1437 558 die
1463 531 1509 557 ac

183 582 246 622 die
270 581 450 621 renovari
476 579 672 625 habemus,
699 576 768 616 sed
793 578 912 616 semel
937 576 986 616 ad
1011 590 1204 616 summam.
1264 575 1322 616 De
1348 589 1512 628 sequen·

184 640 284 679 tibus
309 637 451 677 discer
475 635 577 690 quod
603 637 702 674 enim
729 634 777 674 ad
801 647 986 688 praesens
1011 642 1088 682 est,
1119 635 1260 687 inquit,
1297 633 1511 686 temporale

186 705 226 737 et
260 697 344 736 leve
377 707 581 748 pressurae
614 700 770 732 nostrae
802 706 874 745 per
903 705 1193 745 supergressum
1225 693 1263 730 in
1287 703 1514 744 supergres-

187 768 267 794 sum
293 760 491 792 aeternum
517 752 666 802 gloriae
692 749 841 802 pondus
872 750 1027 802 perficit
1057 750 1186 797 nobis,
1202 750 1237 800 ¹)
1261 762 1339 788 non
1364 749 1516 787 intuen-

188 812 289 849 tibus
315 823 411 862 quae
443 808 640 855 videntur,
666 807 705 846 id
729 814 790 845 est
814 808 1032 859 passiones,
1065 807 1132 846 sed
1159 819 1256 859 quae
1282 820 1358 845 non
1381 805 1517 845 viden-

189 876 269 914 tur,
296 866 335 906 id
359 873 420 905 est
444 863 665 911 mercedes3
693 877 790 915 quae
817 865 916 902 enim
940 863 1137 910 videntur,
1165 864 1393 915 temporalia
1417 869 1515 907 sunt,

191 937 288 978 quae
312 937 407 963 vero
439 936 515 961 non
545 921 742 968 videntur,
780 928 939 960 aeterna
971 927 1069 959 sunt.
1084 922 1122 970 2)
1183 920 1388 959 Pressuras
1418 919 1519 959 enim

191 990 232 1022 et
256 983 446 1027 laesuras,
473 979 608 1032 quihus
635 979 892 1030 corrumpitur
916 979 1029 1016 homo
1056 978 1247 1024 exterior,
1283 984 1327 1016 ut
1351 977 1456 1016 leves
1481 982 1522 1014 et

191 1039 437 1091 temporales,
462 1035 613 1075 idcirco
639 1033 940 1074 contemnendas
965 1034 1143 1081 affirmat,
1170 1034 1395 1085 praeferens
1420 1045 1522 1072 mer·

192 1095 328 1137 cedum
365 1102 608 1134 aeternarum
641 1092 885 1131 invisibilium
917 1097 957 1130 et
985 1091 1135 1143 gloriae
1167 1089 1315 1143 pondus
1345 1091 1385 1129 in
1418 1102 1523 1130 com·

193 1154 458 1206 pensationem
485 1151 677 1196 laborum,
712 1163 806 1202 quos
831 1149 894 1188 bic
921 1162 1013 1187 caro
1038 1147 1220 1201 patiendo
1248 1149 1519 1201 corrumpitur.

194 1209 307 1249 Adeo
332 1223 408 1248 non
435 1209 500 1247 illa
527 1215 586 1247 est
612 1208 828 1259 corruptio,
861 1220 971 1259 quam
997 1207 1035 1244 in
1060 1213 1286 1259 perpetuum
1312 1206 1440 1244 carnis
1465 1206 1524 1244 in-

195 1269 347 1309 teritum
385 1265 432 1304 ad
472 1265 796 1304 resurrectionem
841 1262 1108 1316 expellendam
1151 1264 1339 1303 exteriori
1381 1262 1525 1302 bomini

196 1324 431 1364 adscribunt.
494 1321 560 1361 Sic
588 1330 627 1361 et
651 1322 761 1361 alibi:
788 1321 995 1374 siquidem,
1022 1322 1088 1368 ait,
1116 1322 1380 1373 compatimur,
1405 1321 1462 1359 uti
1484 1324 1526 1358 et

198 1381 557 1431 conglorificemur,
608 1387 744 1431 reputo
782 1380 881 1418 enim
919 1393 995 1418 non
1033 1378 1168 1430 dignas
1206 1391 1290 1417 esse
1327 1378 1526 1430 passiones

199 1438 309 1476 buius
335 1438 518 1488 temporis
543 1435 589 1474 ad
618 1437 780 1474 futuram
808 1437 990 1486 gloriam,
1030 1449 1126 1488 quae
1156 1437 1195 1474 in
1227 1448 1297 1474 nos
1323 1435 1439 1474 babet
1464 1445 1528 1473 re-

198 1494 380 1539 vetari.³)
436 1492 487 1530 Et
510 1493 572 1530 hic
599 1493 747 1530 minora
773 1492 942 1530 ostendit
965 1492 1208 1531 incommoda
1230 1493 1412 1545 praemiis
1437 1492 1527 1530 suis.

201 1550 324 1590 Porro
350 1550 382 1587 si
407 1561 479 1600 per
503 1561 657 1587 carnem
685 1549 954 1600 compatimur,
983 1550 1089 1586 cuius
1115 1556 1174 1587 est
1198 1551 1355 1601 proprie
1381 1550 1529 1601 passio-

202 1607 312 1646 nibus
338 1607 544 1658 corrumpi,
571 1604 741 1644 eiusdem
767 1606 843 1643 erit
867 1612 906 1644 et
930 1604 1032 1657 quod
1058 1618 1127 1657 pro
1155 1607 1421 1657 compassione
1441 1618 1530 1656 pro-

204 1666 380 1704 mittitur.
439 1662 568 1715 Atque
595 1662 695 1701 adeo
722 1664 828 1701 carni
854 1661 1041 1701 adscribit
1066 1675 1328 1714 pressurarum
1354 1662 1531 1714 proprIe-

204 1729 335 1769 tatem,
360 1729 404 1760 ut
427 1728 467 1760 et
491 1734 605 1772 supra
630 1719 744 1759 dicit:
772 1733 856 1758 cum
881 1721 1116 1758 venissemus
1141 1725 1268 1758 autem
1294 1720 1332 1757 in
1345 1717 1532 1758 Macedo-

205 1780 318 1826 niam,
345 1779 484 1818 nullam
510 1778 775 1817 remissionem
801 1777 935 1815 hahuit
959 1789 1052 1815 caro
1078 1783 1228 1824 nostra3
1263 1775 1402 1815 debinc
1426 1782 1470 1814 ut
1493 1782 1534 1814 et

204 1837 355 1876 animae
381 1835 492 1876 daret
517 1836 842 1887 compassionem:
869 1836 907 1873 in
934 1834 1119 1880 omnibus,
1146 1834 1280 1886 inquit,
1307 1833 1531 1886 compressi,

207 1895 448 1933 extrinsecus
473 1906 637 1945 pugnae,
665 1892 905 1932 debellantes
931 1892 1083 1930 scilicet
1108 1904 1276 1938 carnem,
1303 1891 1533 1929 intrinsecus

208 1952 386 1998 timor,⁴)
414 1951 600 1989 afflictans
626 1951 778 1988 scilicet
802 1951 977 1988 animam.
1039 1948 1150 1987 Adeo
1178 1949 1250 1988 etsi
1277 1949 1534 2002 corrumpitur

209 2009 323 2046 homo
349 2009 540 2054 exterior,
567 2021 643 2046 non
668 2015 710 2046 ut
734 2009 912 2046 amittens
937 2007 1280 2052 resurrectionem,
1312 2005 1382 2044 sed
1406 2012 1449 2044 ut
1472 2018 1535 2044 sn-

211 2065 357 2103 stinens
381 2066 644 2111 vexationem,
683 2066 876 2117 corrumpi
902 2065 1158 2116 intelligetur,
1185 2069 1225 2101 et
1248 2063 1323 2100 boc
1351 2075 1426 2100 non
1451 2063 1534 2100 sine

211 2122 411 2160 interiore.
473 2121 531 2160 Ita
556 2122 750 2161 amborum
777 2124 852 2169 erit
877 2123 991 2160 etiam
1018 2120 1327 2172 conglorificari,
1365 2120 1467 2158 sicut
1496 2126 1536 2158 et

212 2179 390 2231 compati.
453 2177 670 2218 Secundum
708 2180 875 2231 collegia
911 2179 1102 2226 laborum,
1153 2178 1348 2216 consortia
1385 2188 1536 2229 qnoque

213 2234 422 2275 decurrant
447 2238 609 2275 necesse
635 2244 694 2275 est
718 2238 986 2289 praemiorum.
1240 2240 1250 2242 ’“

328 2297 397 2334 41.
447 2292 618 2332 Eandem
656 2294 780 2333 adhuc
817 2295 1043 2333 sententiam
1080 2293 1322 2345 exsequitur,
1359 2302 1537 2331 remune-

216 2351 386 2389 rationes
421 2351 688 2390 vexationibus
723 2353 961 2404 praeferens.
1047 2348 1200 2389 Scimus
1232 2351 1353 2397 enim,
1401 2348 1536 2403 inquit,

310 2498 346 2538 ⁴1)
374 2499 479 2532 Rhen.
513 2500 668 2539 perfici
694 2510 714 2532 a
737 2502 869 2533 nobis.
918 2501 1008 2542 Gal„
1044 2502 1137 2535 Pam.
1169 2501 1203 2531 et
1229 2499 1303 2540 mg.
1330 2496 1541 2538 perficiet

217 2542 428 2619 {nem-¹1³¹?
540 2547 577 2587 2)
603 2548 623 2577 2
645 2548 721 2579 cor.
746 2549 785 2588 4,
819 2549 860 2577 17
882 2556 930 2585 sq.
1037 2548 1073 2587 3)
1099 2548 1194 2578 nom.
1221 2547 1259 2586 8,
1291 2545 1332 2574 17
1359 2553 1408 2582 ιιι·
1503 2543 1540 2582 4)

286 2598 334 2619 or.
371 2613 379 2630 ‚
418 2611 425 2619 .
