1566 2808
314 243 439 274 ADV.
475 242 838 274 MARCIONEM
875 214 1052 273 LIBER=
1083 243 1136 272 n'.
1282 241 1388 278 193

59 336 186 388 possit
222 332 347 374 viden‘
371 336 682 387 pronuntiasset>
712 334 886 372 dominus
914 334 1082 381 validus,
1122 333 1295 373 dominus
1319 349 1390 387 po-

61 400 149 432 tens
173 393 213 431 iu
242 391 412 440 bello.¹)
473 391 683 433 Nam-cum
709 392 843 430 ultimo
869 392 981 431 hoste
1007 389 1131 430 morte
1163 393 1388 444 proeliatus,

58 463 131 502 per
160 457 360 502 tropaeum
393 450 522 488 crucis
552 450 814 502 triumphavit.
878 449 994 488 Cuius
1025 457 1151 489 autem
1184 449 1246 488 dei
1273 450 1389 488 filium

60 508 186 554 Iesum
216 507 321 559 legio
354 511 497 545 testata
526 510 611 546 est?
623 508 688 556 2),
722 506 814 545 Sine
847 505 963 545 dubio
997 508 1104 546 cuius
1135 514 1325 546 tormenta
1352 514 1393 546 et

60 565 240 618 abyssum
261 570 460 603 *noverant
495 571 536 602 et
572 565 776 610 timebant,
816 577 888 603 nec
927 566 1026 603 enim
1062 564 1242 603 videntur
1276 577 1391 617 posse

61 624 263 674 ignorasse
288 621 435 668 adhuc,
475 621 576 673 quod
602 623 690 660 novi
717 629 757 660 et
782 623 903 673 ignoti
929 621 991 660 dei
1018 623 1136 660 virtus
1163 630 1394 674 operaretur

59 681 99 718 111
125 681 260 726 terris,
293 680 383 731 quia
405 680 614 718 verisimile
641 693 717 718 non
743 686 801 717 est
828 686 1044 717 creatorem
1071 681 1286 729 ignorasse.
1349 677 1393 717 Si

60 738 162 776 euim
193 737 307 776 alium
338 749 454 788 supra
484 749 526 774 se
564 735 675 774 deum
714 736 962 786 ignoraverat
993 735 1219 787 aliqnando,
1264 743 1391 774 tamen

57 795 135 833 iam
158 795 261 833 iufra
285 794 436 832 coelum
462 806 568 831 suum
594 799 774 843 agentem
800 794 929 844 utique
962 800 1218 844 compererat.
1251 793 1392 841 “Quod

58 857 188 891 autem
218 845 698 902 domiuus-comperisset,
737 851 810 888 iam
844 857 883 888 et
913 851 1115 889 universae
1142 850 1309 889 familiae
1335 852 1392 888 in-

59 909 251 948 uetuisset
267 909 314 953 Ι111
339 906 478 947 eodem
503 907 643 946 mundo
677 914 717 958 et
747 908 848 945 intra
878 907 1040 946 eundem
1067 908 1247 946 ambitum
1275 909 1390 953 coeli,

59 979 135 1020 quo
165 966 376 1021 peregriua
413 964 593 1004 divinitas
632 972 943 1004 conversaretur.
1006 965 1048 1003 In
1083 973 1261 1017 quantum
1295 979 1391 1017 ergo

60 1030 104 1063 et
131 1030 289 1073 creator
318 1024 458 1062 scisset
485 1036 591 1070 eam,
630 1030 671 1062 et
701 1023 938 1061 substantiae
972 1024 1073 1069 eius,
1111 1025 1143 1061 si
1174 1024 1327 1069 fuisset,
1354 1024 1393 1061 in

61 1087 225 1128 tantum,
252 1081 468 1132 quianulla
493 1081 578 1127 fuit,
606 1094 681 1118 nou
702 1081 815 1119 alium
837 1079 1045 1118 daemones
1065 1080 1254 1126 sciebant,
1282 1094 1393 1132 quam

61 1137 127 1178 dei
149 1139 210 1177 sui
234 1137 440 1177 Christum.
502 1137 592 1176 Non
618 1139 718 1176 enim
745 1138 967 1188 peterentss)
994 1138 1042 1175 ab
1068 1138 1158 1183 alio,
1186 1136 1288 1188 quod
1314 1150 1396 1175 me-

62 1196 265 1242 minissent
287 1193 497 1247 petendum
524 1195 596 1232 sibi
621 1208 644 1233 a
669 1201 869 1240 creatore,
907 1195 1057 1235 veniam
1083 1195 1236 1232 scilicet
1261 1194 1395 1246 abyssi

65 1253 298 1301 creatoris-5
348 1251 522 1303 Denique
566 1252 887 1303 impetraverunt3
950 1264 1023 1303 quo
1067 1252 1238 1289 merito?
1297 1251 1395 1299 Quia

63 1311 215 1350 mentiti
240 1316 364 1356 eraut,
391 1311 481 1361 quia
506 1310 611 1347 saevi
643 1308 706 1347 dei
732 1309 848 1347 filium
875 1322 960 1360 eum
985 1309 1193 1347 fecerant?
1227 1308 1277 1346 Et
1302 1304 1395 1360 qua-

64 1367 112 1407 lis
143 1368 237 1418 erit,
276 1367 339 1419 qili
371 1367 552 1409 mentitos
584 1365 755 1417 iuvabat,
795 1367 858 1416 qui
889 1367 1118 1404 infamantes
1154 1365 1396 1403 sustinebat?

65 1423 148 1464 Sed
177 1425 278 1464 euim
315 1425 403 1476 quia
439 1424 588 1463 mentiti
626 1436 700 1461 11011
733 1429 867 1469 erant,
914 1424 1001 1474 quia
1039 1421 1150 1461 deum
1188 1422 1327 1474 abyssi.
1355 1430 1396 1460 et

62 1488 488 1533 suum-cognoverant.
527 1481 581 1518 ita
614 1487 698 1518 eum
731 1493 773 1518 se
800 1486 846 1527 ‚et
876 1480 959 1531 ipse
985 1479 1243 1526 confirmavit,
1282 1492 1393 1532 quem
1425 1497 1429 1501 <

64 1539 330 1591 cognorerunt
355 1537 563 1581 daemones
589 1537 727 1583 Iesum,
754 1536 919 1575 iudicem
948 1544 988 1576 et
1011 1537 1147 1575 ultoris
1173 1536 1236 1576 dei
1263 1537 1393 1576 filium.

62 1595 171 1642 Ecce
195 1595 339 1649 aliquid
364 1603 405 1635 et
430 1595 479 1634 de
504 1595 581 1634 illis
612 1595 882 1646 pusillitatibus
908 1602 949 1633 et
974 1595 1257 1641 infirmitatibus
1283 1607 1395 1634 crea-

62 1654 161 1698 toris
190 1655 230 1693 iu
262 1653 433 1692 Christo.
493 1652 755 1703 Ignorantiam
782 1654 888 1691 >enim
920 1659 960 1690 et
989 1665 1067 1703 ego
1097 1651 1323 1691 adscribere
1355 1654 1394 1691 ei

62 1712 174 1758 volo3
222 1711 432 1763 permittite
475 1710 567 1748 1111111
603 1709 786 1751 adversus
830 1710 1080 1748 haereticum.
1124 1709 1336 1761 *Tangitur
1372 1722 1396 1747 a

65 1769 227 1814 femina,
250 1766 363 1818 uuae
393 1767 580 1816 sauguine
613 1766 811 1811 fluitabat‚·
842 1773 882 1804 et
913 1767 1077 1804 nescivit
1107 1779 1130 1803 a
1155 1778 1240 1817 qua.
1302 1765 1396 1813 Quis

32 1840 35 1842 “
66 1837 140 1871 me,
166 1824 300 1876 inquit,
322 1823 479 1874 tetigit?
503 1822 628 1860 Etiam
643 1822 915 1860 excusantibus
930 1822 1141 1873 discipulis,
1167 1830 1396 1874 perseverat

67 1883 110 1926 iu
145 1880 392 1933 ignorantiae
429 1892 541 1918 voce.
601 1879 747 1929 Tetigit
776 1891 836 1917 me
867 1879 1022 1930 aliquis,
1066 1878 1180 1932 idque
1206 1879 1254 1918 de
1280 1893 1395 1934 argu-

66 1945 201 1979 mento
226 1938 401 1977 affirmat.
464 1935 577 1975 Sensi
604 1937 704 1974 enim
734 1937 914 1975 virtutem
940 1949 991 1975 ex
1019 1949 1080 1975 me
1099 1935 1333 1989 profectam.
1352 1939 1392 1986 ⁴)

69 1995 168 2046 Quid
193 1994 290 2035 dicit
313 1995 560 2034 haereticus?
608 1992 816 2032 Sciebatne
837 1996 1070 2046 personam?
1115 1994 1167 2032 Et
1192 2008 1263 2033 eur
1287 1996 1395 2047 quasi

66 2054 252 2106 ignorans
277 2052 532 2104 loquebatur?
567 2057 610 2088 ut
634 2051 915 2090 confessionem
940 2059 1049 2091 certe
1074 2059 1326 2104 provocaret,
1354 2060 1396 2091 ut

68 2111 244 2151 timorem
279 2110 478 2164 probaret.
553 2106 620 2147 Sic
661 2116 703 2154 et
741 2107 867 2148 ‘Adam
908 2109 1114 2162 aliquando
1159 2111 1392 2162 quaesierat,

55 2169 178 2220 unasi
212 2169 415 2219 ignoraus:
452 2165 577 2211 Adam
612 2165 679 2207 uhi
714 2169 781 2205 es?
828 2166 957 2207 Habes
993 2174 1033 2206 et
1064 2174 1289 2209 creatorem
1309 2164 1394 2206 cum

69 2225 227 2273 Christo¹
255 2231 479 2264 excusatum
510 2230 551 2262 et
575 2223 766 2263 Christum
792 2225 964 2271 creatori
985 2224 1251 2276 adaequatum.
1314 2218 1394 2262 Sed

67 2289 108 2321 et
132 2282 221 2328 boc,
259 2283 393 2334 quia⁵)
420 2280 663 2334 adversarius
688 2281 797 2333 legis,
829 2289 872 2320 ut
902 2283 1003 2334 quia.
1023 2283 1085 2320 lex
1097 2282 1135 2329 ⁶)
1163 2295 1188 2333 a¹
1212 2288 1410 2335 contactu,

67 2341 233 2379 feminae
258 2339 522 2390 sanguinantis
547 2346 768 2385 summovet,
793 2337 941 2378 idcirco
962 2340 1139 2391 gestierit
1158 2352 1232 2376 uon
1249 2336 1393 2377 tautum

69 2404 291 2436 contactum
327 2397 410 2435 eius
451 2394 674 2443 admittere,
724 2395 793 2435 sed
835 2398 951 2436 etiam
993 2398 1196 2435 sanitatem
1231 2395 1391 2435 donare.

161 2545 199 2590 1)
223 2547 278 2579 Pa.
297 2549 352 2587 24,
374 2548 407 2580 8.
502 2548 539 2587 2)
566 2548 647 2578 Luc.
669 2549 700 2587 8,
721 2549 775 2577 28.
848 2538 852 2539 ⁷
871 2545 909 2590 3)
935 2547 992 2580 Sic
1014 2547 1152 2578 IVouw.
1172 2556 1285 2587 ems.;
1312 2550 1393 2579 cett.

70 2594 159 2635 Nun,
183 2593 400 2638 depetunt.
494 2595 531 2633 4)
557 2594 639 2624 Luc.
660 2595 692 2631 8,
714 2595 863 2625 43—46.
959 2591 995 2633 5)
1010 2591 1125 2625 Eam.
1145 2603 1280 2626 omnes:
1305 2595 1392 2634 qui;

70 2637 125 2670 Fr.
138 2639 269 2680 lunius,
294 2642 463 2678 probante
473 2640 559 2680 Aug.
576 2640 729 2672 Halmio:
756 2650 846 2679 qua.
942 2642 979 2680 6)
1005 2641 1084 2671 hev.
1099 2642 1153 2679 15,
1169 2642 1211 2672 19
1223 2650 1295 2680 sqq.

129 2696 322 2729 'ren-rum..
346 2698 402 2729 ul.
1054 2700 1105 2738 13
