1566 2808
123 228 230 266 18⁰
376 229 500 259 Anv.
536 229 898 263 MARcmNEM
932 229 1110 269 [ΑΒΕΒ
1143 230 1199 258 ur.

125 323 238 361 hatur
262 321 388 367 Iesus,
422 322 461 365 in
488 320 642 359 Christo
676 322 886 368 creatoris,
914 321 993 359 sive
1019 319 1108 359 ideo
1137 319 1264 366 lesus,
1290 326 1332 358 ut
1356 319 1454 358 alte-

126 381 205 418 rius
231 378 459 425 haberetur,
488 391 564 416 non
590 379 681 416 sinit
707 378 894 425 Christus,
922 379 1010 430 quia
1036 392 1111 416 non
1137 378 1297 416 alterius
1321 390 1455 429 spera-

126 438 238 475 batur
253 435 427 483 Christus
443 449 552 487 quam
568 437 773 474 creatoris.
825 435 923 484 Quid
948 436 1083 474 horum
1111 443 1292 474 constare
1317 435 1452 487 possit,

127 496 282 545 ignoro.
342 492 546 531 Constabit
582 501 708 533 autem
746 490 946 545 utrumque
984 494 1023 531 in
1056 493 1210 534 Christo
1250 493 1460 539 creatoris,

127 553 164 589 in
192 564 265 603 quo
293 551 486 589 invenitur
518 551 632 589 etiam
660 550 794 589 Iesus.·
821 547 1054 599 Quomodo,
1081 551 1230 602 inquis?
1273 549 1390 589 Disce
1417 556 1457 588 et

127 609 188 647 hic
216 622 301 647 cum
327 609 521 660 partiariis
547 610 692 647 erroris
709 609 761 646 tui
782 607 947 647 Iudaeis.
999 607 1092 646 Cum
1107 621 1311 648 successor
1329 605 1457 659 Moysi

128 666 388 705 destinaretur
411 663 536 704 Auses
564 666 662 704 filius
676 665 799 713 Nave,
828 667 1059 704 transfertur
1085 672 1193 704 certe
1221 664 1268 704 de
1294 665 1457 717 pristino

128 724 280 762 nomine
320 730 359 761 et
396 724 531 775 incipit
568 725 701 763 vocari
740 723 912 772 Iesus1).
972 723 1108 770 Certe,
1148 723 1285 775 inquis.
1349 722 1457 765 Hanc

128 782 232 833 prius
266 780 427 824 dicimus
454 781 614 832 figuram
640 782 759 820 futuri
790 782 921 819 fuisse.
972 780 1070 819 Nam
1099 779 1186 832 quia
1213 780 1320 826 Iesus
1346 780 1458 818 Chri--

129 845 208 876 stus
235 837 443 877 secundum
470 839 663 889 populum,
692 838 794 890 quod
821 851 949 876 sumus
975 851 1045 875 nos
1071 838 1151 875 nati
1177 838 1214 875 in
1241 838 1363 876 seculi
1389 836 1460 875 de-

129 896 262 942 sertis,
301 894 589 934 introducturus
621 903 707 934 erat
737 896 775 933 in
801 903 943 934 terram
975 896 1240 947 promissionis
1274 895 1386 941 melle
1419 900 1460 941 et

130 954 230 991 lacte
264 952 570 999 111anantem„'i‹1
603 961 663 991 est
695 954 795 991 vitae
829 960 1014 991 aeternae
1047 950 1352 1004 possessionem,
1385 964 1460 1003 qua

130 1010 223 1048 nihil
250 1009 419 1057 dulcius,
458 1009 571 1061 idque
598 1024 674 1048 non
700 1024 770 1062 per
794 1010 977 1062 Moysen,
1010 1009 1051 1047 id
1081 1016 1140 1049 est
1165 1023 1241 1047 non
1266 1023 1338 1062 per
1362 1010 1460 1060 legis

131 1067 390 1119 disciplinam,
430 1066 498 1104 sed
525 1080 595 1118 per
611 1063 763 1115 Iesum,
804 1067 842 1105 id
875 1075 933 1106 est
959 1080 1029 1118 per
1054 1068 1248 1118 evangelii
1279 1068 1458 1118 gratiam,

130 1126 337 1176 provenire
376 1123 562 1171 habebat,
604 1125 842 1164 circumcisis
880 1125 992 1163 nobis
1018 1125 1169 1176 petrina
1195 1125 1301 1171 acie,
1337 1123 1375 1163 id
1401 1131 1461 1177 est

132 1182 348 1230 Christi&
389 1188 500 1234 petra
533 1183 633 1228 enini
661 1181 852 1221 Christus:
903 1181 995 1221 ideo
1021 1183 1052 1220 is
1080 1183 1157 1229 vir,
1197 1184 1260 1233 qui
1286 1179 1324 1220 i'n
1350 1182 1461 1220 lulius

131 1239 364 1277 sacramenti
407 1240 614 1290 imagines,
637 1239 864 1291 parabatur,
916 1240 1032 1278 etiam
1076 1240 1240 1278 nomin1s
1278 1238 1462 1278 dominici

130 1298 381 1347 inauguratus
419 1303 479 1337 est
509 1297 651 1348 figura,
697 1297 803 1337 lesus
841 1294 1148 1352 cognominatus.
1200 1297 1284 1336 Hoc
1322 1309 1462 1336 nomen

117 1355 213 1405 *ipse
236 1353 409 1394 Christus
435 1368 542 1398 suum
560 1356 641 1394 ,iam
666 1361 757 1394 tunc
784 1368 869 1393 esse
890 1361 1050 1406 testatus
1076 1362 1148 1402 est,
1176 1368 1260 1394 cum
1280 1353 1330 1393 ad
1347 1354 1462 1407 Moy-,-

133 1423 200 1448 sen
233 1411 476 1461 loquebatur.
534 1411 626 1459 Quis
653 1413 753 1450 enim
781 1413 1028 1463 loquebatur,
1056 1409 1129 1450 nisi
1162 1413 1318 1464 spiritus
1350 1425 1462 1451 crea-

132 1468 241 1513 toris,
270 1468 332 1518 qui
361 1475 419 1505 est
440 1468 638 1508 Christus?
676 1469 769 1507 Cum
796 1482 891 1520 ergo
919 1469 1098 1507 mandato
1125 1468 1276 1512 diceret
1296 1470 1459 1521 populo:

134 1538 228 1563 ecce
256 1537 330 1575 ego
364 1526 473 1562 mitto
506 1526 684 1576 angelum
717 1539 838 1564 meum
873 1533 962 1564 ante
989 1527 1130 1572 faciem
1162 1533 1282 1573 tuam,
1321 1528 1385 1579 qui
1423 1534 1461 1565 te

134 1581 328 1620 custodiat
353 1582 391 1619 in
415 1583 478 1620 via
504 1590 544 1621 et
568 1582 790 1646 introducat
816 1585 854 1621 in
882 1590 1041 1631 terram,
1082 1597 1192 1636 quam
1218 1586 1351 1635 paravi
1378 1584 1460 1631 tihi,

134 1638 291 1678 intende
318 1639 374 1678 illi
399 1646 440 1677 et
465 1639 604 1678 exaudi
631 1654 735 1688 eum,
763 1654 810 1679 ne
838 1640 1101 1693 inobaudieris
1127 1654 1335 1690 eun13non
1362 1642 1462 1680 enim

136 1696 327 1746 celavit3)
356 1703 407 1742 te,
436 1699 613 1748 quoniam
635 1711 772 1736 nomen
799 1711 922 1736 meum
948 1711 1064 1749 super
1083 1699 1186 1736 illum
1207 1700 1330 1747 cst4).
1379 1698 1463 1738 An-

135 1754 262 1804 gelum
295 1753 445 1804 quidem
479 1767 563 1792 eum
598 1753 693 1798 dixit
725 1755 773 1793 ob
812 1755 1111 1806 magnitudinem
1143 1757 1342 1803 virtutum,
1370 1770 1463 1808 quas

135 1817 220 1849 c1at
246 1809 436 1858 editurus,
471 1818 511 1849 et
537 1811 585 1850 ob
613 1811 777 1850 officium
809 1813 1043 1864 prophetae,
1071 1814 1279 1852 nuntiantis
1310 1814 1465 1853 scilicet

136 1868 302 1906 divinam
326 1868 582 1916 voluntatem·
611 1869 734 1907 Iesum
761 1877 888 1915 autem
915 1870 963 1908 ob
985 1872 1148 1909 nominis
1174 1872 1231 1910 sui
1250 1872 1369 1910 futuri
1402 1884 1463 1909 sa-

137 1932 384 1963 crumentum.
436 1899 650 1974 Identidem
676 1941 815 1973 nomen
840 1941 946 1966 suum
974 1928 1226 1977 confirmavit,
1253 1927 1355 1980 quod
1380 1929 1463 1980 ipse

137 1983 173 2020 ei
199 1981 406 2029 indiderat,
435 1985 523 2034 quia
548 1998 624 2022 non
651 1985 828 2036 angelum
855 1998 926 2023 nec
953 1984 1104 2032 Ausen,
1132 1985 1200 2024 sed
1227 1985 1350 2024 lesum
1377 1999 1463 2026 eum

135 2041 302 2078 iusselat
339 2039 478 2079 exinde
516 2043 694 2080 vocitari.
751 2041 856 2093 Ergo
890 2043 922 2081 si
953 2050 1153 2095 utrumque
1187 2056 1325 2083 nomen
1357 2038 1462 2081 com-

135 2097 235 2149 petit
265 2097 303 2134 in
337 2096 527 2136 Christum
555 2112 621 2146 cie
626 2101 766 2147 1t011s,
806 2107 911 2138 tanto
940 2108 1143 2152 utrumque
1175 2114 1252 2139 non
1278 2101 1464 2152 competit

135 2159 174 2191 in
208 2153 400 2192 Christum
432 2169 508 2193 non
542 2158 885 2204 creatoris‚·sicut
916 2164 994 2196 non·
1023 2159 1192 2209 reliquus
1224 2156 1334 2196 ordo.
1390 2157 1463 2196 Fa-

138 2210 276 2249 cienda
309 2218 369 2250 est
400 2211 564 2263 denique
598 2215 671 2252 iam
704 2215 792 2252 hinc
825 2216 927 2252 inter
958 2228 1028 2253 nos
1060 2222 1168 2253 certa
1201 2215 1273 2253 ista
1299 2222 1339 2253 et
1363 2216 1464 2254 iusta

137 2269 395 2320 praescriptio
423 2276 462 2307 et
478 2271 638 2321 utiique
665 2272 764 2322 parti
792 2272 1032 2319 necessaria,
1067 2285 1140 2324 qua
1166 2268 1471 2312 determinatum-

137 2328 198 2373 sit‚
225 2326 319 2364 nihil
345 2327 498 2381 omnino
526 2340 724 2367 commune
751 2341 835 2367 esse
863 2328 1007 2368 debere
1034 2330 1192 2368 alterius
1218 2329 1280 2369 dei
1307 2330 1460 2370 Christo

138 2397 221 2422 cum
249 2383 402 2422 Christo
431 2378 633 2424 creatoris.
683 2385 782 2425 Nam
815 2393 855 2425 et
879 2400 902 2425 a
927 2387 1036 2427 vobis
1063 2387 1225 2439 proinde
1258 2387 1461 2427 diversitas

230 2537 265 2573 1)
292 2537 392 2567 Num.
408 2537 462 2574 13,
480 2539 512 2567 9.
530 2539 583 2568 17.
600 2538 642 2567 cf.
657 2539 765 2570 LXX.
858 2537 892 2579 2)
917 2540 979 2572 Ed.
994 2541 1094 2571 Fran.
1109 2542 1143 2570 et
1158 2539 1229 2579 Rig.
1244 2538 1318 2571 add.
1339 2548 1460 2578 prae-

138 2581 289 2623 ceptis.
386 2580 423 2624 3)
451 2584 558 2616 Rhen.
580 2584 630 2614 ed.
654 2586 679 2616 1.
706 2585 885 2617 caelavi.
911 2587 966 2617 Fr.
992 2587 1110 2618 lunius
1134 2585 1264 2616 emend.
1288 2585 1461 2617 celabit.

137 2625 175 2669 4)
202 2625 310 2657 Exod.
328 2629 381 2666 23,
398 2629 439 2658 20
455 2639 503 2667 sq.
