1624 2826
195 220 300 259 25ss
453 222 975 254 ADV.MAR010NEM
1011 220 1188 253 LIBER
1219 221 1260 253 v.

195 318 413 363 mentiatur,
441 322 581 368 quanto
608 316 728 367 magis
755 316 816 367 qui
843 328 883 353 se
909 314 1122 367 apostolum
1138 312 1341 365 praedicet
1355 311 1522 352 Christi?

194 375 332 414 Adhuc
365 387 438 426 ego
471 375 509 412 in
540 386 705 425 persona
737 373 912 425 discipuli
951 380 990 411 et
1021 373 1257 424 inquisitoris
1294 384 1519 419 conversor,

194 440 236 471 ut
261 434 332 471 iam
359 426 447 471 hinc
474 439 513 470 et
539 432 648 470 iidem
676 439 776 470 tuam
804 429 1024 478 obtundam,
1053 431 1114 483 qui
1140 428 1240 468 unde
1268 442 1349 468 eam
1366 429 1520 481 probes,

194 504 271 528 non
297 489 427 536 habes,
455 497 494 528 et
519 489 786 541 impudentiam
814 488 1038 535 suffundam,
1067 488 1129 540 qui
1142 485 1328 534 vindicas,
1357 493 1396 525 et
1419 486 1521 526 unde

194 549 317 600 possis
346 547 563 594 vindicare,
602 562 676 585 non
702 548 857 599 recipis.
921 546 980 584 Sit
1007 545 1197 593 Christus,
1236 546 1285 583 sit
1310 545 1519 597 apostolus,

195 613 236 644 ut
260 606 436 652 alterius,
464 603 549 643 dum
577 619 650 643 non
677 606 889 656 probantur
914 606 986 643 nisi
1012 604 1059 642 de
1086 605 1339 642 instrumento
1366 610 1522 642 creato-

194 665 260 702 ris.
333 663 431 702 Nam
468 664 559 701 mihi
597 663 750 701 Paulum
794 664 907 701 etiam
949 661 1110 701 Genesis
1154 662 1243 699 olim
1287 661 1522 713 repromisit.

195 721 301 760 Inter
324 721 409 760 illas
435 722 533 759 enim
562 721 699 771 liguras
725 728 765 759 et
790 721 1036 773 propheticas
1068 733 1183 771 super
1213 719 1312 758 filios
1338 731 1427 759 suos
1452 719 1522 758 be-

195 778 436 817 nedictiones
474 778 610 824 Iacob,
651 792 734 816 cum
773 778 820 816 ad
848 778 1046 816 Beniamin
1087 777 1267 815 dixisset:
1305 775 1519 824 Beniamin,

194 836 334 888 inquit,
374 836 481 887 lupus
513 849 633 887 rapax
663 834 711 873 ad
744 837 963 873 matutinum
999 834 1176 873 comedet
1207 834 1356 880 adhue,
1395 841 1434 873 et
1471 834 1521 874 ad
1561 845 1568 848 '

193 907 392 945 vesperam
424 893 530 931 dabit
563 894 757 944 escam.ยน)
819 893 878 930 Ex
909 893 1009 930 trihu
1042 893 1140 930 enim
1168 891 1367 930 Beniamin
1399 892 1519 930 oritu-

194 964 275 989 rum
302 951 457 989 Paulum
483 951 728 1002 providebat,
769 951 891 1002 lupum
920 963 1097 1002 rapacem
1124 948 1172 988 ad
1204 950 1425 987 matutinum
1452 963 1520 988 co-

193 1007 427 1055 medentem,
467 1008 505 1046 id
532 1016 612 1055 est,
646 1010 767 1060 prima
794 1015 921 1046 aetate
948 1015 1179 1046 vastaturum
1208 1018 1350 1058 pecora
1377 1005 1518 1046 domini

193 1073 234 1105 ut
263 1073 551 1118 persecutorem
585 1067 856 1112 ecclesiarum,
896 1065 1035 1103 dehinc
1073 1064 1121 1103 ad
1158 1077 1356 1116 vesperam
1390 1077 1519 1103 escam

194 1123 379 1171 daturum,
406 1123 443 1162 id
471 1132 541 1171 est,
570 1123 805 1174 devergente
833 1125 905 1161 iam
932 1130 1060 1161 aetate
1087 1135 1179 1162 oves
1207 1122 1349 1160 Christi
1375 1121 1518 1161 educa-

192 1188 315 1219 turum
347 1188 388 1219 ut
413 1181 613 1219 doctorem
646 1183 852 1219 nationum.
914 1180 1011 1219 Nam
1039 1187 1079 1218 ct
1105 1179 1231 1219 Saulis
1257 1181 1380 1232 primo
1405 1193 1518 1232 aspe-

192 1240 284 1277 ritas
309 1240 573 1277 insectationis
599 1252 692 1290 erga
719 1238 860 1284 David,
901 1237 1042 1277 dehinc
1073 1239 1311 1289 poenitentia
1342 1244 1382 1276 et
1405 1238 1518 1277 satis-

191 1297 324 1343 factio,
352 1297 452 1335 bona
478 1311 547 1348 pro
575 1298 682 1335 malis
709 1296 990 1348 recipientis,2)
1020 1309 1094 1334 non
1121 1295 1223 1334 aliud
1243 1293 1515 1348 portendebat,

193 1367 301 1406 quam
328 1354 482 1392 Paulum
515 1355 554 1392 in
582 1353 696 1392 Saule
723 1353 929 1393 secundum
963 1354 1083 1392 tribus
1116 1360 1156 1392 et
1182 1354 1304 1392 lesum
1329 1354 1368 1392 in
1394 1351 1518 1392 David

192 1410 397 1449 secundum
427 1413 587 1462 virginis
614 1425 782 1450 censum.
843 1411 949 1450 llaec
978 1412 1182 1462 figurarum
1215 1417 1458 1452 sacramenta
1482 1411 1517 1450 si

191 1469 260 1506 tibi
286 1468 502 1520 displicent,
531 1476 637 1507 certe
651 1469 750 1507 Acta
764 1469 1086 1520 Apostolorum3)
1115 1469 1214 1507 hunc
1230 1469 1318 1507 mihi
1341 1467 1515 1508 ordinem

190 1525 299 1564 Pauli
324 1525 565 1564 tradiderunt
589 1540 611 1564 a
636 1534 673 1565 te
701 1539 849 1578 quoque
876 1540 951 1564 non
979 1525 1206 1577 negandum.
1240 1526 1332 1565 Inde
1359 1533 1516 1579 aposto-

191 1583 265 1621 lum
303 1583 466 1622 ostendo
499 1591 812 1636 persecutorem,
852 1597 926 1621 nou
958 1584 1004 1621 ab
1038 1583 1253 1622 hominibus
1285 1597 1407 1635 neque
1444 1597 1516 1637 per

190 1641 446 1692 hominem34)
474 1641 562 1680 inde
590 1649 630 1680 et
654 1643 725 1694 ipsi
753 1640 915 1680 credere
941 1640 1123 1689 inducor3
1151 1639 1239 1680 inde
1267 1646 1304 1680 te
1331 1654 1353 1679 a
1379 1640 1515 1680 defeu-

188 1699 296 1737 sione
334 1700 414 1737 eius
452 1700 628 1751 expello,
668 1713 738 1738 nec
777 1701 892 1738 timeo
931 1698 1142 1737 dicentem:
1186 1704 1225 1737 tu
1263 1711 1358 1750 ergo
1396 1697 1516 1750 negas

187 1756 400 1808 apostolum
426 1756 607 1795 Paulum?
653 1757 742 1796 Non
773 1757 1016 1808 blasphemo,
1056 1770 1166 1808 quem
1198 1763 1324 1795 tueor.
1383 1755 1514 1808 Nego,

186 1820 227 1851 ut
251 1821 289 1852 te
316 1814 482 1866 probare
509 1815 747 1866 compellam.
791 1814 920 1866 Nego,
946 1821 988 1852 ut
1013 1827 1135 1853 meum
1161 1827 1247 1853 esse
1275 1814 1514 1854 convincam.

184 1869 264 1909 Aut
289 1873 320 1910 si
345 1871 393 1910 ad
419 1879 586 1910 nostram
614 1872 724 1911 fidem
745 1879 911 1924 spectas,
938 1872 1084 1924 recipe,
1113 1884 1209 1924 quae
1237 1884 1322 1911 eam
1345 1872 1514 1920 faciunt3

185 1929 218 1966 si
242 1929 290 1966 ad
316 1936 416 1967 tuam
441 1943 642 1981 provocas,
670 1929 756 1978 ede,
784 1943 880 1982 quae
907 1943 990 1968 eam
1016 1937 1283 1982 praestruunt,
1307 1935 1372 1968 aut
1391 1929 1516 1980 proba

186 1998 284 2031 esse,
312 1999 407 2037 quae
435 1986 573 2033 credis,
605 1994 671 2025 aut
695 1989 727 2025 si
753 2001 827 2025 non
854 1987 1007 2039 probas,
1036 1986 1226 2040 quomodo
1253 1985 1406 2026 eredis?
1434 1985 1515 2026 Aut

187 2043 307 2094 qualis
333 2056 387 2090 es,
419 2042 603 2082 adversus
628 2058 712 2083 eum
739 2044 916 2092 credens,
943 2059 966 2084 a
991 2059 1065 2097 quo
1091 2045 1175 2084 solo
1201 2044 1388 2097 probatur
1412 2057 1512 2092 esse,

186 2098 287 2151 quod
320 2099 471 2138 credis?
519 2100 625 2139 Habe
663 2116 762 2140 nune
793 2109 869 2141 tam
900 2103 1114 2155 apostolum
1145 2101 1193 2141 de
1225 2115 1310 2151 meo
1342 2102 1443 2140 sicut
1473 2109 1514 2141 et

186 2156 403 2204 Christum,
435 2171 544 2209 quam
582 2166 622 2197 et
658 2173 780 2198 meum
817 2161 1050 2211 apostolum,
1089 2173 1198 2213 quam
1234 2167 1275 2198 et
1305 2159 1509 2198 Christum.

184 2213 323 2253 lisdem
349 2222 388 2254 et
413 2215 475 2253 hic
501 2215 762 2255 dimicabimus
788 2218 917 2265 lineis,
956 2219 994 2256 in
1019 2219 1102 2270 ipso
1134 2216 1256 2270 gradu
1281 2217 1512 2269 provo'eabi-

183 2285 263 2311 mus
299 2274 639 2325 praescriptionis,
678 2282 860 2326 oportere
899 2276 1051 2315 scilicet
1086 2283 1127 2315 et
1162 2275 1402 2327 apostolum,
1446 2275 1511 2327 qui

185 2332 372 2369 creatoris
409 2338 591 2382 negetur,
629 2333 704 2370 imo
737 2340 776 2371 et
805 2333 988 2372 adversus
1020 2340 1239 2378 creatorem
1274 2333 1508 2386 proferatur,

183 2388 274 2426 nihil
301 2387 458 2435 docere,
491 2389 583 2427 nihil
609 2403 765 2441 sapere,
798 2392 890 2429 nihil
915 2391 1014 2430 velle
1040 2390 1248 2437 secundum
1275 2397 1506 2435 creatorem,

183 2451 222 2482 et
245 2446 416 2498 inprimis
441 2453 546 2485 tanta
579 2449 796 2487 constantia
827 2450 941 2488 alium
967 2447 1079 2488 deum
1104 2448 1280 2496 edicere,
1319 2453 1460 2500 quanta
1483 2459 1506 2485 a

275 2582 311 2625 1)
338 2586 420 2616 Gen.
446 2587 502 2624 49,
531 2588 585 2618 27.
681 2588 718 2629 2)
745 2589 870 2621 1Sam.
895 2599 969 2630 cap.
997 2591 1039 2621 18
1054 2599 1125 2628 sqq.
1220 2587 1256 2628 3)
1282 2584 1358 2617 Act.
1385 2587 1505 2625 Apost.

183 2637 257 2668 cap.
272 2631 303 2659 9.
396 2632 432 2671 4)
458 2633 531 2664 Gal.
547 2635 576 2675 1,
592 2634 624 2667 1.
