1604 2800
158 199 232 236 48
488 194 1157 228 anv.VA1,ENr1N1AN0s.

162 306 234 333 nac
258 296 291 339 ¹)
309 290 505 330 denotabo
533 288 839 341 perversitatem,
867 286 968 340 quod
995 285 1249 333 docebantur,
1275 285 1495 339 incompre-

162 350 350 391 hensibile
379 346 530 401 quidem
557 347 678 399 patris
704 358 877 384 caussam
904 357 990 383 esse
1017 343 1286 398 perpetuitatis
1311 345 1497 396 ipsorum,

164 406 511 461 comprehensibile
537 418 630 443 vero
656 404 739 443 eius
764 403 1029 455 generationis
1054 403 1204 442 illorum
1231 407 1272 441 et
1295 398 1498 441 formatio·

164 468 222 505 nis
248 478 333 506 esse
359 465 563 504 rationem.
608 461 690 501 Hac
717 462 818 500 enim
845 460 1102 514 dispositione
1127 458 1234 508 illud,
1261 460 1414 512 opinor,
1440 461 1500 499 in-

164 526 355 570 sinuatur,
383 521 553 574 experiri
572 522 613 572 ²)
639 519 766 567 deum,
794 533 870 558 non
896 516 1151 572 apprehendi,
1178 515 1365 571 siquidem
1391 519 1501 571 inap-

164 581 425 635 prehensibile
463 580 545 618 eius
583 579 852 631 perpetuitatis
890 584 950 616 est
988 589 1142 624 caussa,
1186 576 1500 629 apprehensibile

166 648 293 679 autem
336 651 412 677 non
457 637 747 689 perpetuitatis,
797 634 866 674 sed
904 635 1118 674 nativitatis
1160 641 1201 674 et
1241 634 1500 681 formationis,

167 698 362 749 egentium
401 695 684 747 perpetuitatis.
747 693 882 732 Filium
920 699 1047 732 autem
1086 693 1325 731 constituunt
1360 698 1502 745 appre-

167 754 394 794 hensibilem
432 753 566 804 patris·
641 750 842 799 Quomodo
880 757 1008 789 tamen
1046 749 1379 802 apprehendatur,
1425 756 1503 789 tum

171 812 343 864 prolatus
369 810 543 848 Christus
570 807 739 847 edo'cuit.
786 806 952 859 Spiritus
977 820 1071 846 vero
1099 806 1233 846 Sancti
1259 808 1436 860 propria,
1463 813 1505 845 ut

173 869 220 908 de
251 867 454 907 doctrinae
487 865 612 905 studio
645 877 777 904 omnes
808 865 1033 917 peraequati
1067 865 1277 918 gratiarum
1310 866 1504 903 actionem

173 926 354 980 prosequi
380 930 550 970 nossent,
577 930 617 962 et
642 935 769 962 veram
796 921 1073 961 inducerentur
1098 923 1282 974 quietem.

294 988 359 1025 12.
417 982 549 1034 ltaque
588 993 720 1020 omnes
756 981 882 1019 forma
919 987 959 1019 et
996 981 1159 1018 scientia
1198 985 1506 1032 peraequantur3

175 1042 267 1080 facti
301 1052 451 1086 omnes,
492 1037 593 1091 quod
627 1039 901 1090 unusquisque3
947 1049 1060 1076 nemo
1098 1035 1222 1083 aliud,
1267 1037 1355 1090 quia
1392 1036 1508 1076 alteri

176 1111 308 1138 omnes
334 1096 589 1136 refunduntur
613 1097 651 1134 in
678 1095 779 1142 Nun,
808 1107 940 1133 omnes
965 1094 1004 1133 in
1031 1093 1228 1142 Homines,
1254 1094 1294 1133 in
1319 1093 1506 1141 philetos,

176 1164 217 1195 et
242 1168 338 1208 quae
366 1155 544 1200 feminae,
572 1155 609 1192 in
636 1153 763 1205 sigas,
789 1154 827 1190 in
853 1153 967 1199 Zoas,
995 1153 1032 1191 in
1065 1152 1280 1200 Ecelesias,
1305 1153 1344 1191 iu
1370 1151 1510 1192 Fortu—

176 1221 303 1260 natas,
335 1220 375 1251 ut
402 1211 559 1251 Ovidius
585 1210 929 1263 metamorphoseis
954 1223 1042 1249 suas
1068 1209 1296 1258 delevisset,
1334 1210 1366 1249 si
1391 1207 1508 1249 hodie

178 1273 362 1310 maiorem
396 1270 658 1321 cognovisset.
720 1267 871 1307 Exinde
898 1269 1037 1307 refecti
1064 1274 1168 1316 sunt,
1208 1275 1249 1308 et
1273 1267 1510 1308 constabiliti

178 1336 282 1374 sunt,
316 1335 356 1366 et
380 1329 417 1365 in
443 1328 614 1379 requiem
641 1339 691 1365 ex
714 1327 880 1365 veritate
908 1327 1112 1378 compositi
1137 1323 1277 1378 magn'o
1303 1331 1388 1365 cum
1414 1339 1510 1378 gau-

180 1386 233 1424 dii
259 1386 384 1423 fructu
411 1385 560 1436 hymnis
585 1391 733 1436 patrem
760 1385 981 1421 concinunt.
1043 1383 1340 1423 Diffundebatur
1363 1390 1404 1424 et
1427 1384 1511 1436 ipse

181 1443 341 1487 laetitia,
368 1442 498 1493 utique
525 1442 624 1480 bene
651 1440 894 1479 cantantibus
922 1441 1009 1478 liliis
1034 1447 1074 1479 et
1099 1442 1316 1493 nepotibus.
1373 1439 1513 1490 Quidni

182 1498 462 1538 diffunderetur
493 1499 593 1536 omni
627 1496 883 1544 iucunditate,
922 1497 1141 1537 Pleromate
1169 1499 1361 1537 liberato?
1420 1498 1515 1547 Quis

183 1557 388 1596 nauclerus
437 1569 513 1594 non
556 1556 670 1594 etiam
716 1568 798 1594 cum
844 1553 1041 1594 dedecore
1079 1555 1270 1595 laetatur?
1327 1554 1514 1595 Videmus

184 1614 357 1668 quotidie
385 1615 623 1652 nauticorum
651 1613 827 1651 lascivias
853 1611 1093 1664 gaudiorum.
1151 1612 1282 1665 ltaque
1310 1619 1349 1651 ut
1373 1620 1514 1652 nautae

184 1672 232 1712 ad
259 1671 468 1725 symbolam
495 1683 647 1722 semper
666 1671 871 1717 exsultant,
899 1671 976 1710 tale
991 1669 1134 1722 aliquid
1149 1677 1189 1709 et
1201 1670 1374 1718 Aeones,
1401 1683 1515 1710 unum

184 1732 258 1769 iam
285 1742 417 1768 omnes
449 1729 562 1767 etiam
595 1730 737 1775 forma,
777 1727 914 1767 nedum
946 1728 1157 1775 sententia,
1197 1728 1516 1768 convenientibus

185 1789 279 1840 ipsis
305 1799 455 1839 quoque
484 1787 590 1824 novis
616 1786 798 1824 fratribus
824 1793 863 1824 et
894 1787 1106 1837 magistris,
1145 1785 1301 1825 Christo
1326 1792 1370 1824 etv
1391 1784 1516 1839 Spiri-

185 1854 246 1893 tu,
286 1843 385 1897 quod
419 1845 600 1897 optimum
633 1851 748 1896 atque
780 1844 1077 1896 pulcherrimum
1110 1844 1366 1897 unusquisque
1398 1844 1516 1883 flore-

187 1904 271 1949 bat,
300 1903 504 1941 conferunt
529 1903 565 1940 in
592 1900 772 1940 medium.
836 1901 966 1949 Vane,
994 1903 1146 1954 opinor.
1208 1901 1250 1940 Si
1276 1902 1377 1940 enim
1402 1914 1516 1940 unum

189 1967 300 1999 erant
331 1973 480 2006 omnes,
520 1972 568 1998 ex
599 1972 712 2011 supra
745 1958 850 1998 dieta
880 1960 1183 2013 peraequatione
1216 1959 1380 1998 vacabat
1415 1972 1518 2012 sym·

189 2018 303 2056 belae
329 2018 441 2063 ratio,
469 2030 565 2071 quae
593 2017 713 2055 ferme
739 2030 789 2056 ex
813 2019 1012 2057 varietatis
1037 2018 1171 2070 gratia?
1185 2023 1355 2056 constat.
1395 2015 1517 2055 Unum

191 2086 324 2113 omnes
355 2074 492 2112 bonum
511 2071 797 2121 conferebant,
837 2075 937 2128 quod
971 2089 1103 2114 omnes
1134 2081 1258 2114 erant.
1318 2073 1376 2113 De
1402 2072 1518 2119 modo

192 2133 353 2171 forsitan
379 2132 496 2170 fuerit
521 2132 639 2179 ratio,
678 2140 744 2171 aut
774 2132 821 2172 de
854 2135 977 2173 form-a
1002 2135 1013 2172 i
1060 2134 1121 2172 ’σε
1146 2134 1219 2172 iam
1246 2132 1520 2185 peraequatio-

191 2191 264 2229 nis.
326 2189 448 2241 Igitur
472 2202 521 2227 ex
546 2202 637 2228 aere
665 2190 880 2239 collaticio,
919 2205 994 2244 quo
1046 2193 1171 2238 aiunt,
1203 2191 1242 2229 in
1267 2190 1454 2229 honorem
1480 2196 1520 2228 et

193 2248 356 2300 gloriam
394 2248 514 2299 patris
552 2247 847 2299 pulcherrimum
879 2249 1109 2288 Pleromatis
1141 2247 1246 2287 sidus
1278 2248 1519 2300 fructumque

193 2306 407 2358 perfectum
435 2306 701 2356 compingunt,
742 2306 882 2355 lesum3
922 2321 1006 2346 eum
1040 2307 1315 2359 cognominant
1340 2304 1519 2349 Soterem

194 2369 232 2401 et
259 2362 449 2401 Christum
477 2369 517 2400 et
537 2361 760 2402 Sermonem
788 2363 835 2403 de
863 2366 1052 2416 patruitis,
1079 2372 1119 2403 et
1133 2364 1267 2403 Omnia
1292 2364 1380 2409 iam,
1405 2370 1448 2401 ut
1471 2375 1519 2400 ex

290 2511 326 2556 1)
352 2513 402 2543 lta
420 2513 518 2544 codd.
543 2522 596 2544 vv.
623 2515 766 2545 mutavit
784 2515 905 2554 Rhen.;
932 2516 965 2546 in
987 2516 1038 2547 ed.
1058 2517 1080 2545 1.
1109 2515 1168 2545 ita
1192 2512 1420 2544 discedunt
1447 2520 1517 2551 pa-

196 2561 302 2589 trem
329 2567 472 2599 nosse,
499 2569 547 2590 ne
573 2569 647 2591 nos
672 2563 713 2591 et
738 2561 843 2591 illud
870 2562 1016 2602 magis.
1067 2560 1302 2590 Doctrinae
1323 2561 1388 2588 ete.
1485 2557 1520 2597 2>

198 2603 304 2634 Rhen.
319 2614 408 2637 corr.
424 2614 472 2635 ex
483 2606 638 2644 pedire.
