1604 2800
450 177 579 208 ADV.
614 175 1049 207 HERMOGENEM.
1361 173 1432 211 1¹)

105 271 190 311 tilia
214 270 384 309 volantia
409 280 525 320 super
549 275 692 307 terram
717 281 788 319 per
819 267 1093 306 firmamentum
1126 266 1240 305 coeli.
1302 264 1351 305 Et
1375 267 1434 306 fa-

108 337 211 369 ctum
236 335 296 367 est
319 328 390 366 sic.
450 325 503 364 Et
531 326 628 364 fecit
658 324 752 365 deus
778 332 887 363 cetos
913 338 1084 376 magnos,
1111 332 1150 363 et
1176 336 1324 362 omnem
1351 325 1435 362 ani·

108 399 206 425 mam
231 385 448 424 animalium
474 385 703 435 repentium,
736 395 833 434 quae
858 381 1123 434 produxerunt
1147 394 1270 434 aquae
1296 394 1435 420 secun-

108 443 197 483 dum
221 455 343 495 genus
367 443 551 494 ipsorum.
615 439 710 479 Item
735 447 823 492 post
848 440 965 478 haec:
1004 439 1054 478 Et
1078 438 1175 478 dixit
1199 438 1313 478 dcus:
1345 452 1437 491 pro-

109 500 226 540 ducat
248 507 355 539 terra
379 500 542 538 animam
565 499 755 537 viventem
781 496 989 536 secundum
1015 510 1149 549 genus,
1175 495 1438 549 quadrupedia

109 566 151 598 et
173 559 350 611 repentia
374 563 416 595 et
439 556 583 595 bestias
607 563 737 594 terrae
763 554 970 594 secundum
996 568 1117 606 genus
1142 551 1369 606 ipsorum.¹)
1396 552 1439 592 Si

110 629 207 668 ergo
238 628 289 654 ex
318 615 392 653 iam
424 614 539 652 factis
569 613 685 652 rebus
710 613 807 651 alias
831 625 895 651 res
921 612 1015 651 deus
1040 612 1244 664 proferens
1270 610 1438 650 ostendit

110 686 182 727 per
204 672 454 725 prophetam,
492 677 532 710 et
557 669 665 717 dicit,
703 669 791 722 quid
818 669 918 709 unde
943 670 1168 721 protnlerit;
1197 669 1437 721 (quamquam

110 731 299 784 possimus
336 727 443 767 unde,
473 726 574 766 unde
611 728 696 766 illas
733 727 905 779 prolatas
930 727 1170 771 existimare,
1216 725 1354 764 dumne
1391 738 1440 764 ex

111 787 251 834 nihilo;
290 787 364 824 iam
390 786 491 823 enim
516 785 622 822 facta
646 790 758 822 erant
782 782 988 835 quaedam,
1028 796 1078 821 ex
1102 782 1238 834 quibus
1264 783 1440 834 prolatae

109 843 236 884 videri
265 843 468 896 possent3)
499 842 533 880 si
557 847 702 879 tantam
733 853 863 879 curam
895 841 1160 879 instructionis
1192 846 1348 879 nostrae
1381 841 1440 878 in-

112 901 273 954 sumpsit
295 901 452 952 spiritus
477 905 646 945 sanctus,
672 904 714 936 ut
726 899 925 944 sciremus,
953 896 1042 950 quid
1063 896 1164 936 unde
1183 898 1441 949 processerit:

113 971 240 999 nonne
271 955 434 1010 proinde
467 969 537 994 nos
561 962 604 995 et
633 954 681 994 de
714 955 827 994 coelo
853 962 894 994 et
918 954 967 994 de
994 962 1099 994 terra
1125 962 1326 1006 compotes
1351 953 1440 993 red·

114 1016 276 1056 didisset
299 1012 575 1066 significando,
612 1011 713 1052 unde
739 1025 786 1051 ca
811 1019 916 1051 esset
940 1019 1141 1065 operatus,
1180 1013 1211 1050 si
1242 1011 1291 1050 de
1317 1012 1443 1064 aliqua

115 1074 276 1114 materia
301 1073 413 1123 origo
446 1077 646 1110 constaret
675 1071 847 1116 illorum,
885 1077 927 1108 ut
950 1077 1059 1108 tanto
1090 1070 1211 1121 magis
1243 1082 1292 1108 ex
1323 1066 1443 1107 nihilo

115 1145 165 1171 ea
186 1129 386 1170 videretur
410 1134 611 1180 operatus,
650 1134 791 1179 quanto
818 1127 910 1164 nihil
935 1126 1060 1166 adhuc
1086 1133 1172 1165 erat
1196 1127 1357 1171 factum,
1395 1138 1445 1164 ex

118 1201 192 1241 quo
225 1193 407 1239 operatus
436 1184 661 1223 videretur?
709 1183 842 1235 Itaque
874 1185 974 1222 sicut
999 1196 1066 1230 ea,
1104 1195 1202 1235 quae
1235 1182 1283 1221 de
1316 1183 1444 1234 aliquo

120 1244 274 1299 prolata
285 1249 386 1290 sunt,
414 1240 596 1287 ostendit,
622 1239 723 1280 unde
738 1240 888 1293 prolata
902 1242 990 1287 sint,
1017 1242 1084 1287 ita,
1111 1253 1208 1293 quae
1223 1253 1298 1278 non
1315 1248 1445 1278 osten-

118 1301 193 1348 dit,
229 1299 332 1340 unde
363 1299 516 1352 prolata
546 1299 640 1344 sint,
680 1311 730 1337 ex
760 1298 880 1336 nihilo
912 1298 1066 1350 prolata
1092 1297 1306 1336 confirmat.
1368 1296 1441 1348 Igi-

118 1367 182 1399 tur
216 1359 255 1397 in
290 1357 482 1410 principio
521 1354 615 1394 deus
651 1355 747 1394 fecit
784 1355 934 1394 coelum
971 1362 1012 1394 ct
1048 1355 1250 1403 terram.²)
1310 1352 1446 1392 Adoro

120 1417 336 1468 scripturae
361 1411 650 1466 plenitudinem,
678 1425 752 1464 qua
777 1412 868 1450 mihi
893 1419 934 1451 ct
958 1412 1148 1451 factorem
1173 1412 1445 1450 manifestate!

120 1475 238 1514 facta.
298 1471 342 1511 In
366 1471 570 1522 evangelio
595 1482 690 1508 vero
715 1469 874 1521 amplius
901 1476 942 1508 et
965 1469 1176 1508 ministrum
1202 1475 1318 1521 atque
1344 1468 1445 1507 arbi-

120 1539 219 1571 trum
243 1529 452 1576 factoris³)
477 1528 646 1574 invenio,
672 1528 955 1577 sermonem.⁴)
1003 1526 1067 1565 An
1092 1533 1220 1565 autem
1246 1525 1294 1565 de
1320 1527 1448 1579 aliqua

120 1588 336 1629 subiacenti
370 1586 533 1625 materia
568 1585 672 1623 sacta
702 1585 778 1623 sint
814 1585 960 1631 omnia,
998 1597 1180 1636 nusquam
1206 1583 1330 1623 adhuc
1358 1584 1448 1635 legi.

123 1645 317 1698 Scriptum
353 1656 439 1683 esse
476 1642 620 1682 doceat
661 1641 917 1692 Hermogenis
959 1641 1124 1680 officina.
1198 1639 1240 1679 Si
1278 1654 1355 1679 non
1392 1647 1450 1679 est

123 1704 325 1755 scriptum,
361 1702 497 1740 timeat
524 1712 596 1738 vae
627 1697 721 1738 illud
752 1697 1023 1737 adiicientibus
1058 1705 1124 1737 aut
1160 1697 1451 1737 detrahentibus

125 1758 412 1804 destinatum.⁵)
1024 1796 1029 1805 ,

240 1817 309 1857 23.
360 1811 440 1852 Sed
465 1825 515 1851 ex
539 1811 786 1863 sequentibus
810 1817 1118 1862 argumentatur,
1157 1811 1245 1863 quia
1269 1811 1450 1863 scriptum

126 1875 196 1914 sit:
234 1879 342 1910 terra
365 1876 492 1909 autem
518 1875 604 1907 erat
629 1868 829 1907 invisibilis
859 1874 900 1906 et
923 1868 1238 1920 incomposita.⁶)
1288 1867 1386 1907 Nam
1413 1875 1453 1907 et

128 1938 256 1970 terrae
282 1940 422 1967 nomen
446 1925 590 1977 redigit
614 1926 652 1964 in
678 1926 888 1971 materiam,
915 1926 1003 1977 quia
1028 1933 1134 1964 terra
1148 1926 1211 1971 sit,
1237 1926 1451 1977 quaefacta

129 1995 188 2028 est
213 2000 263 2026 ex
286 1985 372 2033 illa3
398 1991 440 2024 et
463 1990 548 2023 crat
572 1984 611 2021 in
636 1982 710 2021 hoc
737 1981 881 2034 dirigit,
908 1984 1015 2035 quasi
1040 1995 1138 2035 quae
1168 1995 1322 2035 semper
1345 1989 1452 2022 retro

130 2045 248 2086 fuerit
272 2045 403 2082 innata
428 2049 467 2081 et
492 2040 657 2087 infecta3
689 2039 890 2080 invisibilis
913 2047 1042 2079 autem
1067 2047 1108 2079 et
1131 2039 1255 2087 rudis,
1283 2041 1370 2092 quia
1395 2041 1453 2079 in·

129 2103 290 2141 formem
327 2106 368 2139 et
398 2099 595 2138 confusam
631 2104 672 2135 ct
707 2096 939 2136 inconditam
975 2097 1056 2136 vult
1091 2098 1209 2137 fuisse
1240 2098 1453 2136 materiam.

131 2158 210 2198 Has
234 2156 386 2210 quidem
411 2156 614 2208 opiniones
638 2154 722 2193 eius
745 2155 964 2206 singillatim
978 2156 1193 2202 revincam3
1219 2154 1287 2194 sed
1302 2155 1453 2194 interim

130 2215 220 2254 volo
258 2215 314 2253 sic
345 2214 382 2252 ei
419 2211 671 2265 respondere.
730 2210 909 2250 Putamus
947 2212 1007 2251 his
1043 2213 1217 2251 articulis
1255 2212 1452 2250 materiam

132 2271 401 2321 demonstrari.
462 2267 655 2321 Numquid
685 2274 836 2316 tamen,
874 2270 961 2321 quia
991 2277 1077 2308 crat
1106 2276 1195 2307 ante
1228 2270 1378 2313 omnia,
1417 2275 1456 2306 et

133 2331 211 2369 tale
235 2327 379 2380 aliquid
404 2339 489 2366 esse
521 2339 570 2366 cx
595 2339 643 2364 ea
667 2325 806 2364 factum
834 2327 1024 2378 scriptura
1048 2326 1266 2377 significat?
1312 2325 1455 2377 Atquin

226 2477 265 2522 1)
291 2479 375 2509 Gen.
391 2480 422 2516 1,
441 2478 480 2507 11
496 2485 567 2514 sqq.
669 2475 705 2514 2)
731 2475 814 2505 Gen.
832 2476 860 2514 l,
875 2477 906 2506 1.
1007 2474 1041 2515 3)
1066 2477 1119 2505 lta
1133 2475 1208 2506 cod.
1222 2474 1455 2506 Divionennis.

135 2525 383 2614 ἑζῗᾶόειιιιωὲιεὲς
409 2522 613 2555 rectoris.
731 2520 769 2559 4)
794 2522 844 2555 10.
870 2521 900 2567 1,
927 2521 958 2551 3.
1075 2519 1112 2563 5)
1138 2521 1245 2560 Apoc.
1270 2522 1324 2561 22,
1351 2521 1455 2560 18:11.

275 2595 283 2603 .
319 2593 329 2612 ‚
365 2592 374 2602 .

1114 2609 1172 2653 2*
