1624 2826
995 127 1002 148 t

349 186 476 220 ADV.
507 183 875 218 MARCIONEM
908 186 1085 216 LIBER
1114 187 1170 217 IV.
1325 186 1431 224 203

102 287 258 333 putetur
281 279 438 318 affectio
464 279 501 317 in
527 279 719 331 parvulos,
742 279 816 330 ‘qui
842 277 1110 317 benedicendo
1137 279 1365 318 connubium
1393 282 1430 318 in

100 338 419 391 propagationem
445 338 600 388 generis
627 337 791 383 humani,
823 337 943 388 ipsum
971 349 1120 388 quoque
1147 337 1309 376 fructum
1338 351 1430 376 con-

100 395 206 434 nubii
241 393 508 435 benedicendo
548 395 741 446 promisit,
781 395 843 445 qui
881 393 927 432 de
967 395 1126 432 infantia
1164 396 1305 446 primus
1343 398 1432 434 est?

101 452 577 506 Repraesentatcreator
612 453 755 503 ignium
799 452 951 504 plagam
990 451 1099 490 Helia
1136 453 1353 504 postulante
1391 454 1432 491 in

100 511 167 549 illo
192 509 590 563 pseudopropheta..1)
628 509 813 561 Agnosco
841 509 976 547 iudicis
1002 511 1261 557 severitatem,
1289 524 1309 549 e
1337 524 1432 549 con--

99 569 222 607 trario
255 567 396 606 Christi
430 568 645 613 lenitatem,
681 568 917 619 increpantis
944 566 1103 606 eandem
1130 566 1430 606 animadversio-

100 638 188 664 nem
225 620 462 664 destinantes
503 625 711 676 discipulos
744 638 859 677 super
889 625 992 663 illum
1023 625 1187 663 viculum
1221 624 1430 664 Samarita—

98 684 241 734 rum.²)
267 682 469 734 Agnoscat
494 690 533 721 et
559 683 776 721 haereticus
797 682 843 720 ab
871 682 1006 721 eodem
1033 683 1275 721 severissimo
1302 682 1429 721 iudice

98 741 270 793 promitti
307 740 405 779 hane
445 740 587 778 Christi
625 734 834 789 lenitatem.
894 739 984 777 Non
1023 738 1255 786 contendet,
1294 741 1428 791 inquit,

99 810 173 836 nec
197 810 273 835 vox
299 798 380 835 eius
406 798 444 835 in
469 798 598 848 platea
624 796 820 844 audietur3
860 795 1083 834 arundinem
1111 803 1325 848 quassatam
1353 810 1430 835 non

99 855 351 901 comminuet,
396 861 436 892 et
472 855 587 892 linum
626 855 815 905 fumigans
854 867 930 891 non
968 855 1202 905 exstinguet.
1225 856 1262 903 3)
1324 854 1429 893 Talis

98 913 228 964 utique
254 912 372 950 multo
399 913 520 963 magis
545 912 719 950 homines
745 925 821 950 non
848 919 933 950 erat
959 912 1208 950 crematurus,
1264 911 1362 951 Nam
1390 919 1430 950 et

98 965 189 1008 tunc
215 968 264 1008 ad
291 969 458 1016 Heliam,
485 983 561 1007 non
578 970 624 1008 'in
650 971 742 1021 igni,
770 970 903 1021 inquit,
937 967 1109 1007 dominus
1135 969 1203 1008 sed
1228 970 1267 1007 in
1293 970 1430 1021 spiritu

98 1028 192 1069 miti.
205 1028 244 1076 4)
305 1026 359 1065 At
383 1028 483 1065 enim
510 1027 797 1066 humanissimus
823 1026 916 1065 deus
944 1040 1013 1065 cur
1038 1034 1192 1066 recusat
1217 1040 1326 1075 eum,
1366 1028 1429 1079 qui

99 1097 141 1123 se
165 1091 243 1123 tam
268 1083 512 1123 individuum
534 1086 591 1123 illi
613 1086 796 1123 'comitem
823 1085 1016 1133 offert?·⁵)
1081 1083 1122 1123 Si
1149 1085 1237 1137 qnia
1262 1085 1427 1137 superbe

97 1141 160 1180 ve'l
186 1154 239 1180 ex
259 1142 455 1194 hypocrisi
481 1141 651 1181 dixerat:
679 1156 818 1193 sequar
843 1149 900 1188 te,
929 1155 1155 1193 quocunque
1182 1143 1292 1189 ieris;
1332 1155 1426 1192 ergo

100 1206 166 1238 aut
191 1199 408 1251 superbiam
440 1202 506 1237 aut
536 1200 759 1251 hypocrisin
791 1198 1043 1237 recusandam
1068 1198 1301 1245 iudicando,
1330 1198 1428 1237 iudi—

101 1270 185 1296 cem
213 1253 344 1308 gessit.
396 1256 446 1294 Et
471 1257 600 1308 utique
627 1255 835 1301 damnssvit,
865 1269 974 1308 quem
1002 1257 1204 1303 recusavit,
1232 1269 1307 1294 non
1336 1270 1428 1294 con-

99 1311 319 1353 secuturum
352 1314 505 1352 seilicet
535 1315 709 1352 salutem.
771 1313 868 1351 Nam
908 1314 1009 1351 sicut
1039 1312 1087 1351 ad
1113 1314 1274 1351 salutem
1298 1321 1426 1358 vocat,

99 1384 211 1424 quem
237 1385 314 1419 non
340 1369 506 1418 recusat,
532 1372 594 1410 vel
621 1372 734 1409 etiam
756 1384 865 1422 quem
885 1371 986 1408 ultro
1006 1378 1134 1418 vocat,
1161 1371 1214 1408 ita
1235 1371 1272 1407 in
1297 1370 1428 1422 perdi-

98 1431 244 1468 tionem
276 1427 451 1475 damnat,
490 1442 601 1480 quem
628 1425 792 1467 recusat.
837 1427 916 1466 ἸΗί
947 1434 1073 1466 autem
1106 1434 1282 1465 caussato
1308 1428 1427 1478 patris

97 1487 330 1539 sepulturam
358 1499 439 1524 cum
467 1484 699 1537 responde-t:
737 1486 838 1532 sine,
876 1486 1015 1522 mortui
1041 1486 1231 1536 sepeliant
1255 1492 1427 1523 mortuos

97 1557 206 1591 suos,
245 1550 285 1582 tu
310 1550 436 1582 autem
461 1543 558 1581 vade
586 1550 627 1582 et
651 1542 833 1581 adnuntia
858 1556 1017 1593 regnum
1050 1541 1130 1590 dei3
1152 1542 1189 1591 6)
1227 1549 1427 1594 utramque

99 1598 224 1653 legem
251 1596 441 1640 creatoris
467 1602 668 1640 manifeste
695 1601 954 1646 confirmavit,
994 1606 1034 1638 et
1065 1598 1112 1638 de
1139 1598 1362 1638 sacerdotio
1389 1601 1427 1637 in

98 1658 276 1698 Levitico
302 1658 569 1711 prohibentem
601 1657 826 1709 sacerdotes
864 1658 1050 1708 supremis
1083 1658 1199 1695 etiam
1225 1664 1426 1709 parentum

98 1718 306 1755 interesse:
334 1716 450 1767 super
474 1729 636 1762 omnem,
663 1715 796 1766 inquit,
824 1715 985 1752 animam
1007 1713 1225 1753 defunctam
1242 1713 1426 1752 sacerdos

99 1786 178 1810 non
202 1773 380 1810 introibit
410 1779 451 1810 et
475 1785 592 1823 super
616 1779 762 1823 patrem
795 1784 901 1809 suum
927 1785 1003 1808 non
1030 1771 1370 1818 contaminabitur3
1386 1771 1424 1817 ⁷)

99 1837 141 1868 et
164 1828 212 1868 de
240 1827 448 1867 devotione
474 1829 512 1865 in
533 1828 740 1874 Arithmis,
781 1840 866 1864 nam
892 1834 932 1865 et
956 1828 1055 1874 illic,
1102 1829 1164 1879 qui
1190 1841 1231 1866 se
1257 1826 1332 1867 deo
1358 1841 1426 1866 vo-

98 1887 224 1933 verit,
262 1887 522 1924 inter-cetera
553 1885 678 1930 iubet,
711 1897 758 1922 ne
785 1897 900 1936 super
931 1884 1044 1922 ullam
1069 1886 1232 1924 animam
1256 1885 1426 1926 introeat

71 1937 75 1941 ¹
99 1943 332 1991 defunc-tam,
359 1956 406 1981 ne
433 1956 548 1994 super
572 1943 691 1994 patris
717 1941 867 1994 quidem
894 1949 959 1980 aut
978 1943 1115 1980 ¹matris
1139 1950 1205 1981 aut
1228 1943 1422 1989 fratris.8)

99 2002 196 2040 Puto
234 2008 360 2040 autem
399 2008 438 2038 et
474 1999 672 2038 devotioni
708 2006 748 2038 et
783 1998 1004 2038 sacerdotio
1033 1999 1273 2048 destinabat,
1313 2012 1424 2053 quem

91 2058 360 2112 praedicando
387 2070 509 2109 regno
537 2056 599 2095 dei
624 2057 834 2103 imbuerat„
885 2057 964 2096 Aut
988 2058 1020 2096 si
1047 2071 1121 2096 non
1147 2059 1202 2096 ita
1227 2066 1304 2105 est,
1332 2060 1424 2097 satis

98 2118 235 2169 impius
260 2115 580 2168 pronuntiandus,
619 2116 681 2166 qui
707 2115 807 2154 nulla
833 2116 983 2154 ratione
1017 2115 1114 2167 legis
1141 2112 1422 2162 intercedente,

99 2175 313 2227 sepulturas
343 2181 542 2228 parentum
575 2171 723 2224 despici
753 2173 894 2211 a=filiis
919 2173 1146 2225 imperabat.
1209 2173 1302 2212 Cum
1327 2187 1421 2212 vero

99 2239 140 2270 ct
167 2233 318 2270 tertium
343 2228 465 2277 illum,
504 2231 608 2282 prius
633 2231 709 2269 suis
734 2229 954 2270 valedicere
986 2238 1203 2283 parantem,
1241 2232 1424 2283 prohibet

98 2296 206 2328 retro
233 2295 456 2341 respectare
473 2316 483 2335 ,
506 2289 544 2337 ⁹)
582 2297 725 2327 sectam
757 2289 946 2327 creatoris
977 2289 1211 2340 exsequitur.
1275 2288 1358 2326 Hoc
1383 2295 1422 2325 et

98 2348 162 2386 ille
189 2348 367 2386 noluerat
391 2347 544 2393 fecisse,
573 2359 666 2398 quos
691 2359 741 2385 ex
766 2345 944 2384 Sodomis
969 2346 1166 2385 liberarat.

191 2494 229 2538 1)
257 2497 371 2537 2Reg.
399 2498 430 2536 1,
458 2498 563 2534 9sqq.
658 2494 696 2539 2)
723 2497 805 2527 Luc.
829 2499 861 2536 9,
890 2498 931 2527 51
948 2514 979 2518 -
1006 2499 1061 2527 56.
1160 2498 1196 2537 3)
1222 2499 1285 2529 les.
1310 2499 1365 2536 42,
1390 2500 1420 2529 2.

97 2543 136 2582 4)
166 2544 183 2573 1
196 2544 280 2583 Reg.
295 2544 348 2585 19,
364 2544 418 2572 12.
493 2541 526 2582 5)
541 2544 623 2574 Luc.
638 2545 670 2584 9,
685 2545 734 2573 57.
755 2544 807 2573 58.
882 2542 919 2584 6)
946 2543 1028 2574 Luc.
1046 2546 1077 2585 9,
1092 2544 1147 2573 59.
1164 2545 1217 2574 60.
1290 2545 1327 2585 7)
1352 2546 1419 2575 Le'-

98 2590 162 2622 vie
177 2590 230 2629 21,
246 2591 277 2621 1.
351 2589 387 2629 8)
415 2590 515 2620 Num.
530 2591 561 2631 6,
576 2591 594 2619 6
610 2598 658 2627 sq.
732 2591 769 2629 9)
792 2590 872 2620 Luc.
887 2590 918 2629 9,
936 2590 989 2620 61.
1005 2589 1061 2624 62.
