1566 2808
328 195 455 230 Anv.
490 197 851 228 MARCIONEM
889 197 1152 230 11181313111.
1300 196 1404 232 143

79 290 274 342 speximus
313 289 376 328 vel
419 290 632 334 amisimus,
670 302 694 327 a
725 287 800 327 deo
830 296 1095 341 prospectam3
1140 287 1326 341 siquidem
1363 296 1405 328 et

78 348 219 386 iustum
244 352 293 389 ot.
309 345 385 385 deo
412 345 587 397 dignum,
614 346 694 384 illic
720 359 871 398 quoque
897 347 1092 385 exsultare
1118 342 1282 385 famulo‘s
1307 347 1404 392 eius,

79 403 147 444 ubi
181 409 271 443 snut
307 409 348 443 et
382 403 514 441 afflicti
551 404 589 441 in
627 404 781 442 nomine
818 404 950 455 ipsius.
1011 403 1117 442 Haec
1154 404 1256 442 ratio
1294 404 1405 455 regni

82 457 402 512 eoelestis‚'post
426 461 534 498 cuius
559 459 663 499 inille
688 473 829 507 annos,
855 462 956 499 intra
982 474 1092 512 quam
1117 467 1283 499 aetatem
1311 474 1406 510 con-

83 517 252 558 cluditur
286 524 506 556 sanctorum
544 519 780 556 resurreetio
818 531 889 569 pro
933 519 1080 556 meritis
1122 519 1308 556 maturius
1342 518 1405 556 vel

81 574 228 615 tardius
251 576 555 626 resurgentium,
584 582 672 614 tunc
699 582 738 613 et
763 574 891 613 mundi
916 571 1180 614 destructione
1206 581 1247 613 et
1270 574 1406 613 iudicii

83 633 390 684 conflagratione
423 635 647 678 commissa,
686 632 870 670 demutati
900 633 938 670 in
969 639 1100 670 atomo
1125 633 1164 670 in
1189 632 1404 683 angelicam

83 689 356 739 substantiam,
382 690 535 728 scilieet
558 702 630 740 per
653 689 745 727 illud
772 689 1058 740 incorruptelae
1090 687 1406 740 superindumen-

82 755 180 794 tum,
221 747 500 784 transferemur
534 747 573 783 in
611 744 782 784 coeleste
820 755 998 796 regnum,
1037 744 1085 783 de
1124 758 1199 797 quo
1224 759 1323 784 nunc
1349 747 1405 784 sic

84 803 181 843 ideo
203 810 452 849 retractatur,
480 803 587 854 quasi
612 816 690 840 non
715 801 943 854 praedicato
968 801 1067 855 apud
1095 810 1332 850 creatorem,
1359 816 1406 841 ac

84 860 254 914 perboc
273 861 434 900 alterius
458 859 522 914 dei
537 860 727 898 Christum
752 860 956 911 probante,
983 873 1094 912 aquo
1109 861 1232 911 primo
1258 867 1299 898 et
1322 861 1406 898 solo

84 920 136 958 sit
157 918 381 958 revelatum.
431 917 548 956 Disce
573 918 648 962 iam
674 917 763 956 binc
788 917 882 956 illud
907 925 947 955 et
959 916 1222 969 praedicatum
1248 931 1271 956 a
1297 931 1407 956 crea-

84 983 192 1023 tore,
240 982 282 1014 et
315 976 398 1014 sine
436 974 727 1026 praedicatione
765 974 1000 1014 credendum
1037 973 1138 1027 apud
1175 982 1405 1014 creatorem.

86 1032 197 1083 Quint
215 1019 286 1072 tibi
315 1032 494 1079 videtur,
526 1046 611 1071 cum
643 1032 827 1072 Abrabae
858 1046 989 1071 semen
1020 1039 1108 1084 post
1132 1034 1290 1085 primam
1316 1046 1408 1084 pro-

86 1091 326 1138 missionem,
358 1103 433 1142 qua
463 1091 503 1128 in
535 1089 813 1128 multitudinem
844 1103 987 1129 arenae
1020 1091 1319 1142 repromittitur,
1358 1089 1406 1128 ad

86 1150 211 1187 instar
239 1161 391 1199 quoque
422 1148 617 1185 stellarum
650 1146 885 1194 destinatur,
928 1160 1055 1185 nonne
1089 1154 1129 1185 et
1160 1154 1339 1185 terrenae
1370 1155 1411 1185 et

89 1205 273 1246 eoelestis
309 1203 571 1256 dispositionis
608 1206 782 1255 auspicia
818 1206 928 1243 sunt?
983 1204 1077 1242 Cum
1109 1203 1218 1242 Isaac
1248 1203 1410 1242 benedi-

90 1275 184 1303 cens
209 1261 327 1301 lacob
353 1262 467 1300 filium
494 1274 614 1307 suum,
641 1260 720 1307 det,
746 1262 813 1307 ait,
840 1261 909 1300 tibi
936 1260 1030 1300 deus
1055 1261 1103 1301 de
1130 1275 1220 1300 rore
1247 1262 1347 1300 coeli
1370 1269 1411 1300 et

91 1318 141 1359 de
165 1320 365 1372 opimitate
380 1326 509 1358 terrae
522 1320 576 1369 ¹),
602 1332 729 1357 nonne
744 1320 939 1370 utriusque
953 1318 1217 1369 indulgentiae
1231 1319 1410 1370 exempla

90 1376 410 1428 supti'Denique
432 1375 771 1414 animadvertenda
792 1383 852 1414 est
864 1376 927 1414 bic
948 1377 1063 1415 etiam
1077 1382 1269 1413 structura
1289 1375 1411 1414 bene-

90 1433 272 1474 dictionis
295 1435 426 1485 ipsius.
484 1432 586 1471 vNam
612 1434 719 1471 circa
744 1432 881 1480 Iacob,
908 1434 972 1484 qui
1005 1432 1156 1485 quidem
1181 1433 1410 1484 posterioris

91 1490 390 1544 “praelatioris
403 1491 533 1542 populi
548 1490 762 1541 figuraest,
782 1490 821 1530 id
836 1497 897 1529 est
909 1492 1050 1538 nostri,
1072 1491 1193 1542 prima
1206 1491 1414 1542 promissio

91 1555 157 1589 est
184 1549 306 1595 roris,
343 1547 515 1587 secunda
551 1555 730 1587 terrenae
762 1549 981 1600 opimitatis.
1041 1547 1125 1586 Nos
1156 1549 1255 1586 enim
1286 1547 1410 1600 primo

93 1606 275 1647 contestis
286 1605 336 1645 ad
350 1606 537 1655 coelestia
551 1606 765 1652 invitamur,
793 1619 877 1644 cum
891 1619 914 1644 a
927 1606 1058 1644 seculo
1073 1606 1284 1651 avellimur,
1299 1613 1339 1644 et
1357 1607 1411 1644 ita

92 1671 229 1715 postea
247 1657 464 1704 invenimur
475 1664 590 1701 etiam
610 1670 769 1701 terrena
795 1664 1055 1710 consecuturi.
1105 1663 1156 1701 Et
1170 1663 1410 1713 evangelium

94 1733 245 1772 quoque
268 1725 435 1759 vestrum
450 1719 586 1758 habet:
613 1722 787 1772 quaerite
802 1722 961 1772 primum
980 1734 1139 1771 regnum
1156 1719 1240 1766 dei,
1261 1727 1302 1758 et
1313 1720 1410 1758 haec

94 1777 328 1817 adiicientur
344 1777 460 1815 -vobis
472 1774 531 1824 2).
576 1777 756 1815 Ceterum
777 1777 824 1815 ad
840 1777 941 1814 Esau
956 1778 1146 1828 promittit
1168 1776 1412 1815 benedictio-

94 1848 180 1874 nem
204 1842 424 1880 terrenam,
462 1841 503 1872 et
532 1834 688 1872 subiicit
718 1834 928 1881 coelestem
959 1833 1008 1872 de
1039 1834 1236 1886 opimitate
1268 1841 1410 1880 terrae,

95 1893 249 1932 dicens.
283 1893 359 1930 erit
382 1891 609 1933 inhabitatio
636 1897 699 1929 tua
725 1898 766 1929 et
795 1905 819 1929 a
843 1904 935 1930 rore
961 1891 1131 1938 coeli³).
1181 1890 1412 1930 ludaeorum

94 1951 196 1991 enim
226 1949 427 2002 dispositio
460 1950 496 1987 in
516 1946 631 1986 Esau
654 1950 823 2000 priorum
854 1956 963 1995 natu,
996 1956 1038 1988 et
1066 1949 1323 2000 posteriorum
1354 1949 1435 1987 aff

94 2009 202 2047 fectu
225 2008 409 2053 filiorum,
446 2020 468 2044 a
501 2006 667 2044 terrenis
689 2006 801 2045 bonis
831 2006 994 2054 imbuta,
1029 2019 1102 2058 per
1125 2007 1251 2057 legem
1274 2014 1412 2058 postea

96 2065 146 2105 ad
182 2065 370 2104 coelestia
414 2077 485 2116 per
521 2064 760 2114 evangelium
798 2063 995 2103 credendo
1031 2063 1249 2103 deducitur.
1318 2063 1412 2102 Cum

95 2135 190 2171 vero
215 2122 334 2163 Iacob
366 2123 531 2160 somniat
560 2121 685 2162 scalas
717 2121 937 2160 obfirmatas
958 2122 1017 2159 “in
1039 2129 1142 2160 tc1ra
1173 2120 1224 2163 ad
1249 2122 1413 2168 coelum,

97 2187 140 2219 et
160 2180 330 2237 angelos
346 2180 443 2218 alios
457 2178 712 2217 ascendentes
737 2186 778 2217 et
796 2179 915 2218 alios
923 2178 1217 2226 descendentes,
1244 2179 1413 2216 innixum

98 2237 266 2289 desuper
297 2231 507 2283 dominum,
540 2238 686 2275 temere
717 2237 767 2274 si
781 2237 881 2275 forte
913 2236 1272 2303 interpretabimur,
1298 2236 1415 2274 scalis

97 2295 158 2334 his
181 2296 259 2334 iter
281 2293 330 2332 ad
361 2295 511 2332 coelum
543 2283 817 2342 demonstrari,
845 2307 919 2346 quo
945 2293 1010 2332 alii
1035 2294 1280 2345 perveniant,
1312 2291 1414 2331 unde

97 2353 164 2393 alii
194 2350 396 2397 decidant,
435 2350 578 2389 domini
621 2353 867 2390 constitutum
905 2364 991 2390 esse
1022 2350 1182 2389 iudicio.
1246 2349 1325 2388 Cur
1347 2362 1416 2388 au-

13 2411 16 2415 ’
61 2454 66 2458 ,
97 2418 196 2457 tem,
227 2417 270 2448 ut
298 2409 496 2461 evigilavit
526 2414 567 2447 et
596 2409 758 2460 primum
790 2410 865 2447 loci
904 2409 1069 2447 horrore
1102 2420 1311 2447 concussus
1342 2413 1415 2454 est,

189 2596 228 2635 1)
251 2596 335 2627 een.
349 2597 403 2635 ιτ,
419 2597 473 2625 28.
569 2594 603 2633 2)
625 2595 710 2625 Luc.
726 2584 782 2632 12,
799 2594 853 2624 31.
946 2591 981 2633 a)
1004 2593 1089 2625 cen.
1112 2593 1169 2634 ιτ,
1183 2593 1239 2624 ⁸⁹.
