1604 2800
161 249 258 287 122
578 276 583 281 .
667 245 741 276 DE
780 246 978 277 ΑΝιΜΑ.

163 348 331 397 ipsorum
353 344 710 386 commentatorum,
739 345 833 391 quot
855 339 1066 377 varietates
1091 338 1380 386 sententiarum,
1407 345 1501 392 quot

162 402 380 455 palaestrae
414 398 654 450 opinionum,
694 403 787 449 quot
816 397 1054 449 propagines
1086 396 1370 448 quaestionum,
1410 404 1504 463 quot

162 459 447 512 implicationes
490 454 792 507 expeditionum.
872 453 952 494 Sed
989 461 1030 493 et
1064 453 1295 493 medicinam
1338 454 1502 507 inspexi,

164 529 373 563 sororem,
391 522 433 553 ut
458 515 583 560 aiunt,
610 512 898 566 philosophiae,
930 512 1004 551 sibi
1030 525 1181 564 quoque
1207 512 1281 551 hoc
1307 513 1505 564 negotium

162 574 443 619 vindicantem,
476 579 520 610 ut
544 570 593 610 ad
620 584 730 624 quam
762 571 884 623 magis
916 571 1065 609 animae
1099 571 1200 609 ratio
1226 570 1424 623 pertinere
1448 570 1506 608 vi-

165 632 303 673 deatur
332 644 404 685 per
436 630 613 682 corporis
646 642 789 668 curam.
858 627 968 668 Unde
995 635 1035 667 et
1059 628 1259 681 plurimum
1290 629 1417 667 sorori
1443 640 1506 667 re-

164 692 358 743 fragatur,
398 687 500 741 quod
532 688 694 726 animam
728 687 834 739 quasi
867 699 998 726 eoram
1024 688 1062 725 in
1095 685 1292 726 domicilio
1325 699 1395 725 suo
1427 692 1507 725 tra-

167 747 308 788 ctando
348 747 470 797 magis
507 746 622 784 norit.
706 742 785 783 Sed
829 744 972 784 viderit
1007 745 1205 797 utriusque
1244 744 1506 797 praestantiae

166 805 338 844 ambitio.
407 802 550 841 Habuit
581 809 621 840 ot
651 801 897 854 philosophia
927 803 1147 841 libertatem
1179 802 1326 854 ingenii
1357 808 1399 840 et
1429 813 1509 840 me-

168 862 298 901 dicina
329 860 602 899 necessitatem
639 858 797 897 artificii
830 858 880 897 ad
912 858 1181 898 extendendos
1213 859 1261 898 de
1293 860 1419 899 anima
1444 871 1509 898 re-

167 926 376 967 tractatus,
416 918 493 956 late
521 922 757 969 quaeruntur
781 916 950 963 incerta,
989 917 1102 955 latius
1129 916 1372 968 disputantur
1394 927 1510 968 prae-

169 984 331 1029 sumpta.
395 974 546 1023 Quanta
573 973 776 1012 difficultas
802 973 1010 1025 probandi,
1046 980 1153 1012 tanta
1179 974 1397 1026 operositas
1422 987 1511 1013 sua-

168 1034 305 1080 dendi,
337 1039 379 1071 ut
409 1035 547 1070 merito
575 1030 793 1070 Heraclitus
826 1032 890 1070 ille
922 1030 1153 1070 tenebrosus
1188 1032 1378 1070 vastiores
1415 1030 1512 1070 eali-

169 1094 280 1145 gines
306 1088 616 1130 animadvertens
641 1087 742 1141 apud
769 1089 1054 1127 examinatores
1075 1089 1224 1127 animae
1245 1087 1378 1128 taedio
1393 1101 1511 1142 quae-

169 1151 335 1188 stionum
362 1147 639 1215 pronuntiarit,
666 1147 852 1185 terminos
877 1147 1027 1185 animae
1054 1159 1293 1198 nequaquam
1318 1147 1511 1186 invenisse

171 1220 322 1247 omnem
336 1207 434 1245 viam
450 1203 721 1256 ingrediendo.
761 1203 983 1244 Christiano
1009 1211 1137 1243 autem
1163 1205 1296 1257 paucis
1316 1202 1366 1243 ad
1385 1204 1513 1244 seien-

169 1266 262 1304 tiam
299 1265 410 1303 huius
441 1264 499 1302 rei
532 1276 627 1324 opus
664 1269 743 1311 est·
782 1275 867 1301 nam
900 1269 940 1301 et
971 1269 1080 1301 certa
1110 1275 1265 1315 semper
1295 1263 1347 1300 in
1364 1263 1512 1330 pauciS,

171 1331 212 1362 et
230 1323 390 1374 amplius
415 1321 471 1359 illi
493 1333 682 1373 quaerero
708 1334 784 1359 non
811 1321 916 1368 licet,
945 1333 1054 1373 quam
1083 1319 1185 1372 quod
1211 1321 1375 1359 inveniri
1400 1320 1512 1369 licet3

171 1381 341 1419 infinitas
367 1379 467 1417 enim
495 1379 740 1444 quaestiones
766 1379 965 1429 apostolus
991 1378 1183 1430 prohibet.
1194 1380 1230 1427 ¹)
1287 1377 1410 1417 Porro
1436 1391 1515 1416 non

173 1437 363 1488 amplius
353 1436 517 1473 inveniri
538 1435 642 1481 licet,
670 1447 780 1486 quam
802 1434 903 1487 quod
918 1449 940 1474 a
954 1434 1029 1474 deo
1052 1435 1233 1484 discitur3
1261 1434 1363 1488 quod
1387 1442 1515 1500 autem

174 1508 196 1532 a
224 1493 298 1532 deo
325 1492 501 1539 discitur,
529 1498 650 1530 totum
677 1498 749 1530 est.

291 1554 330 1591 3.
384 1548 512 1601 Atque
539 1549 682 1587 utinam
709 1549 831 1587 nullas
857 1550 1042 1589 haereses
1068 1553 1305 1603 oportuisset
1329 1554 1514 1599 existere,

174 1616 217 1648 ut
241 1607 463 1661 probabiles
489 1619 627 1659 quique
654 1607 938 1655 emicarent32)
971 1608 1066 1658 nihil
1099 1610 1254 1647 omnino
1280 1621 1377 1647 cum,
1390 1609 1517 1660 philo-

175 1667 306 1719 sophis
331 1677 449 1718 super
473 1665 598 1703 anima
624 1677 774 1716 quoque
801 1666 1079 1717 experiremur,
1113 1665 1364 1717 patriarchis,
1396 1672 1440 1704 ut
1462 1666 1518 1704 ita

176 1723 353 1771 dixerim,
381 1723 687 1770 haereticorum3
715 1721 902 1774 siquidem
929 1730 969 1761 et
993 1723 1040 1761 ab
1067 1724 1245 1775 apostolo
1259 1724 1298 1772 ³)
1324 1724 1399 1762 iam
1426 1730 1516 1762 tunc

175 1781 421 1834 philosophia
452 1780 657 1819 concussio
685 1780 866 1818 veritatis
897 1779 1194 1832 providebatur,
1227 1779 1391 1819 Athenis
1415 1781 1517 1821 enim

176 1845 359 1892 expertus
396 1838 606 1889 linguatam
646 1838 860 1885 civitatem,
899 1851 983 1876 cum
1022 1851 1155 1877 omnes
1191 1839 1272 1877 illic
1303 1839 1517 1891 sapientiae

176 1905 292 1949 atque
318 1895 525 1935 facundiae
553 1895 750 1947 caupones
775 1894 1041 1947 degustasset,
1074 1895 1163 1935 inde
1194 1897 1380 1948 'concepit
1403 1909 1517 1949 prae-

177 1955 423 1993 monitorium
460 1952 553 1992 illud
590 1952 772 1992 edictum.
840 1952 1011 1992 Proinde
1042 1954 1141 1993 enim
1169 1961 1210 1992 et
1233 1954 1383 1993 animae
1415 1955 1516 1993 ratio

178 2025 251 2063 per
263 2011 551 2063 philosophatas
572 2010 770 2050 doctrinas
791 2011 982 2050 hominum
1003 2012 1212 2050 miscentes
1231 2024 1350 2063 aquas
1362 2012 1518 2062 vino=⁴)

180 2069 245 2107 alii
272 2069 523 2107 immortalem
549 2075 694 2120 negant
723 2070 905 2116 animam,
936 2069 1010 2108 ‘alii
1042 2069 1239 2121 plusquam
1264 2068 1517 2107 immortalem

181 2125 386 2173 affirmant,
418 2126 483 2164 alii
509 2126 556 2166 de
582 2126 816 2175 substantia,
851 2127 917 2165 alii
943 2126 991 2166 de
1018 2127 1154 2174 forma,
1182 2126 1248 2165 alii
1273 2125 1322 2165 de
1349 2139 1519 2179 unaqua-

181 2196 254 2236 que
281 2182 535 2235 dispositione
562 2184 800 2237 disceptant3
832 2185 870 2224 hi
902 2191 1039 2223 statum
1070 2185 1154 2223 eius
1179 2182 1335 2224 aliunde
1361 2183 1518 2231 ducunt,

180 2242 220 2280 hi
246 2242 389 2280 exitum
415 2241 594 2280 aliorsum
622 2241 835 2290 abducunt,
869 2249 984 2295 prout
1014 2248 1080 2284 aut
1105 2241 1278 2281 Platonis
1302 2242 1430 2280 honor
1454 2248 1520 2280 aut

181 2299 351 2337 Zenonis
381 2299 495 2349 vigor
524 2306 589 2338 aut
614 2299 839 2339 Aristotelis
870 2307 986 2339 tenor
1015 2307 1081 2338 aut
1106 2299 1264 2352 Epicuri
1295 2306 1432 2352 stupor
1453 2305 1521 2338 aut

183 2356 372 2394 Heracliti
404 2368 561 2395 moeror
585 2364 649 2395 aut
675 2357 923 2410 Empedoclis
953 2358 1064 2396 furor
1094 2363 1379 2410 persuaserunt.
1441 2355 1519 2395 De-

184 2414 306 2464 liquit,
335 2414 484 2465 opinor,
523 2413 651 2453 divina
677 2414 852 2454 doctrina
881 2428 931 2455 ex
956 2414 1098 2455 Iudaea
1113 2418 1150 2462 ⁵)
1183 2415 1308 2467 potius
1330 2418 1445 2467 quam
1469 2426 1520 2453 ex

187 2469 354 2509 Graecia
393 2472 535 2510 oriens.
620 2470 774 2511 Erravit
811 2480 851 2512 et
888 2473 1062 2512 Christus
1098 2471 1518 2525 piscatores⁶)*citius

282 2606 319 2648 1)
335 2609 451 2643 1Tim.
468 2612 499 2649 1,
514 2612 547 2641 4.
621 2611 656 2650 2)
675 2611 778 2643 icor.
795 2613 848 2654 11,
865 2613 919 2644 19.
992 2611 1026 2651 3)
1041 2612 1112 2644 Col.
1129 2613 1160 2652 2,
1175 2613 1206 2642 8.
1277 2609 1316 2654 4)
1337 2611 1400 2642 les.
1416 2612 1446 2652 1,
1461 2611 1517 2642 22.

191 2651 226 2693 5)
244 2654 351 2694 1es.2,
369 2656 399 2687 3.
495 2654 534 2698 e)
549 2657 669 2688 nauh.
686 2658 718 2698 4,
736 2659 787 2686 w.
