1604 2800
465 126 592 186 ADis.
628 153 1066 185 HERMOGENEM.
1369 155 1436 192 23

105 249 195 288 huic
232 253 363 286 terrae
401 246 658 298 competisse,
696 244 765 284 sed
803 252 843 284 et
879 246 935 284 illi
972 246 1038 284 alii
1076 259 1152 285 non
1189 250 1435 300 competisse.

104 304 204 344 Nam
242 305 275 344 si
311 302 413 343 nuda
450 304 612 343 materia
643 302 718 342 deo
749 303 996 350 subiacebat‚
1035 304 1140 343 nullo
1171 306 1324 344 scilicet
1355 307 1437 346 ele-

104 369 235 403 mento
261 361 506 408 obstruente,
533 360 721 413 siquidem
750 359 913 399 noudum
941 362 1142 414 quicquam
1169 370 1254 402 erat
1279 371 1437 416 praeter

103 422 224 473 ipsam
250 426 291 459 et
314 418 447 466 deum,
473 420 604 471 utique
631 418 831 457 invisibilis
857 431 943 458 esse
968 433 1045 457 non
1066 427 1233 472 poterat,
1260 423 1349 474 quia
1362 423 1436 462 etsi

102 477 288 518 tenebras
316 477 425 516 volet
455 477 493 515 in
524 476 736 515 substantia
770 476 886 515 fuisse
919 478 1125 524 materiae,
1166 479 1245 528 (cui
1270 480 1435 519 articulo

101 533 341 588 respondere
373 533 598 573 debebimus
629 547 698 573 suo
731 532 905 583 ordine‚)
937 535 1053 573 etiam
1078 535 1223 574 homini
1251 538 1435 578 tenebrae

99 592 273 632 visibiles
298 598 403 640 sunt3
431 591 505 631 hoc
531 592 632 630 enim
658 592 797 643 ipsum,
826 590 927 643 quod
941 599 1028 630 sunt
1044 593 1242 640 tenebrae,
1268 594 1434 643 videtur,

101 648 240 689 nedum
277 648 367 688 deo.
434 648 486 687 Et
522 650 653 701 utique
690 650 722 687 si
759 649 960 687 invisibilis
997 657 1126 697 esset,
1176 652 1279 690 nullo
1317 652 1434 691 modo

102 713 411 759 cognosceretur
430 706 593 758 qualitas
612 707 708 745 eius.
765 704 874 745 Unde
895 719 991 757 ergo
1013 714 1234 759 compertus
1254 716 1314 747 est
1334 709 1433 748 Her-

101 776 287 816 mogenes
316 762 518 802 informem
550 770 590 802 et
622 763 820 802 confusam
851 770 892 802 et
923 764 1132 816 inquietam
1164 765 1269 804 illam
1299 767 1432 814 fuisse,

100 834 198 874 quae
223 828 266 860 ut
289 820 491 859 invisibilis
518 819 687 859 latebat?
710 818 791 858 Aut
814 821 846 858 si
872 820 947 859 hoc
973 834 996 859 a
1021 819 1096 860 deo
1122 822 1334 863 revelatum
1359 833 1431 871 est,

99 878 268 932 probare
299 876 429 917 debet.
492 875 559 916 Sic
591 884 630 916 et
661 890 709 915 au
742 876 847 916 rudis
879 876 956 917 dici
989 880 1177 930 potuerit,
1211 883 1430 933 expostulo.

99 936 217 976 Certe
250 937 350 975 enim
383 934 481 975 rude
514 934 607 973 illud
638 942 715 981 est,
756 934 857 987 quod
883 936 1150 988 imperfectum
1177 945 1248 977 est.
1313 939 1430 979 Certe

98 994 364 1047 imperfectum
397 1006 473 1032 non
504 999 634 1045 potest
665 1005 770 1039 esse,
809 993 880 1031 nisi
908 992 1009 1045 quod
1035 995 1176 1033 factum
1203 1003 1282 1044 est3
1329 997 1431 1049 quod

98 1053 199 1091 enim
231 1052 353 1090 minus
384 1052 527 1090 factum
559 1058 636 1098 est,
675 1051 943 1102 imperfectum
976 1058 1049 1090 est.
1114 1051 1251 1099 Certe,
1291 1055 1428 1106 inquis.

97 1108 204 1161 Ergo
237 1110 417 1155 materia,
457 1121 554 1160 quae
586 1109 690 1146 facta
722 1121 799 1146 non
830 1115 916 1146 erat
947 1108 984 1146 in
1017 1115 1157 1155 totum,
1201 1112 1431 1162 imperfecta

96 1179 184 1205 esse
209 1179 286 1204 non
311 1166 455 1217 potuit3
483 1177 580 1217 quae
605 1165 834 1216 imperfecta
858 1178 935 1202 non
959 1165 1049 1211 fuit,
1081 1167 1196 1205 etiam
1222 1167 1327 1207 rudis
1353 1183 1429 1208 nou

97 1224 209 1262 suits
245 1222 396 1261 Initium
430 1235 506 1260 non
538 1221 703 1268 habens,
742 1222 830 1273 quia
861 1222 966 1261 facta
998 1236 1074 1261 nou
1105 1224 1193 1271 fuit,
1234 1227 1358 1265 caruit
1389 1235 1429 1266 et

97 1279 331 1319 rudimento.
395 1278 498 1318 Initii
535 1280 635 1318 euim
666 1277 850 1318 accidens
882 1286 941 1318 est
978 1279 1245 1321 rudimentum.
1305 1283 1428 1324 Terra

98 1351 213 1385 vcro,
251 1350 349 1390 quae
380 1337 485 1376 facta
516 1343 593 1383 est,
632 1338 771 1375 meruit
808 1344 848 1375 et
878 1335 984 1376 rudis
1017 1336 1113 1386 dici3
1151 1341 1279 1379 statim
1311 1343 1425 1389 enim,

97 1403 140 1434 ut
162 1396 269 1435 facta
294 1402 372 1441 est,
398 1393 532 1433 habuit
556 1395 808 1446 imperfectae
835 1395 959 1432 locum
986 1402 1075 1434 aute
1100 1397 1396 1448 perfectionem.

211 1456 282 1495 29.
338 1450 537 1504 Siquidem
569 1453 695 1490 omnia
727 1464 847 1503 opera
872 1465 940 1490 sua
965 1451 1060 1491 deus
1086 1453 1223 1493 ordine
1250 1468 1426 1496 cousum-

96 1511 230 1557 mavit,
256 1509 411 1549 incultis
436 1510 559 1562 primo
585 1509 788 1548 elementis
812 1507 997 1561 depalans
1017 1510 1298 1562 quodammodo
1319 1528 1426 1554 mun-

95 1567 203 1616 dum,
229 1565 369 1607 dehinc
396 1568 594 1606 exornatis
618 1567 724 1606 velut
749 1565 947 1607 dedicans.
1007 1567 1106 1607 Nam
1132 1576 1173 1608 et
1197 1570 1323 1610 lumen
1349 1586 1426 1611 uon

94 1626 222 1665 statim
241 1623 449 1678 splendore
470 1625 563 1663 solis
582 1625 771 1676 implevit,
798 1631 839 1662 et
858 1624 1040 1664 tenebras
1054 1639 1129 1664 non
1144 1629 1269 1666 statim
1285 1630 1424 1668 solatio

94 1683 207 1722 lunae
233 1683 481 1729 temperavit.
518 1689 559 1720 et
584 1682 734 1720 coelum
759 1694 834 1719 non
860 1683 986 1720 statim
1012 1682 1202 1722 sideribus
1227 1686 1424 1738 stellisque

95 1740 280 1791 snguavst,
308 1746 350 1776 et
373 1740 494 1776 maria
520 1751 595 1775 non
621 1739 747 1775 statim
773 1738 911 1776 belluis
937 1739 1212 1790 frequentavit,
1240 1750 1278 1780 et
1304 1743 1423 1794 ipsam

95 1803 239 1835 terram
265 1809 341 1833 non
367 1795 493 1832 statim
518 1795 625 1832 varia
650 1793 889 1833 fecunditate
909 1793 1076 1844 dotavit3
1102 1796 1171 1836 sed
1191 1800 1315 1849 primo
1336 1813 1423 1840 esse

94 1854 130 1893 ei
158 1852 340 1900 contulit,
366 1851 506 1890 dehinc
533 1865 609 1889 non
634 1851 672 1889 iu
697 1864 857 1890 vacuum
882 1864 968 1890 esse
993 1854 1196 1905 supplevit.
1235 1854 1301 1895 Sic
1323 1860 1422 1898 enim

95 1918 136 1950 et
158 1910 308 1956 Esaias,
340 1923 416 1948 non
442 1910 480 1947 in
505 1922 679 1955 vacuum,
705 1909 771 1955 ait,
798 1908 893 1947 fecit
917 1909 1034 1956 illam,
1059 1910 1129 1950 sed
1154 1912 1421 1963 inhabitari.1)

95 1968 237 2007 Postea
262 1980 359 2019 ergo
386 1980 495 2019 quam
522 1967 626 2004 faeta
651 1973 728 2012 est,
755 1966 882 2005 futura
907 1968 1023 2006 etiam
1047 1970 1243 2020 perfecta-3
1271 1973 1421 2012 interim

94 2033 181 2065 erat
198 2025 401 2064 invisibilis
421 2031 461 2063 et
479 2022 603 2070 rudis,
630 2022 735 2062 rudis
755 2023 906 2076 quidem
927 2024 1002 2064 boc
1023 2039 1174 2079 quoque
1194 2029 1292 2080 ipso,
1320 2031 1422 2083 quod

93 2082 313 2130 invisibilis,
339 2089 382 2121 ut
406 2095 479 2121 nec
503 2082 600 2120 visui
625 2082 800 2132 perfecta
824 2082 933 2121 simul
958 2090 999 2122 et
1023 2090 1064 2122 ut
1081 2083 1130 2124 de
1149 2086 1299 2139 reliquo
1326 2102 1421 2127 non-

94 2138 182 2178 dum
207 2141 407 2186 instructa,
434 2138 637 2178 invisibilis
660 2151 768 2185 vero,
793 2146 835 2178 ut
858 2138 983 2179 adhuc
1009 2141 1117 2194 aquis
1142 2149 1320 2196 tanquam
1341 2160 1421 2185 mu-

94 2198 264 2236 nimento
290 2197 470 2248 genitalis
494 2197 663 2235 humoris
688 2195 874 2244 obducta,
911 2210 985 2249 qua
1009 2199 1134 2238 forma
1158 2202 1274 2240 etiam
1300 2203 1421 2242 affinis

93 2255 176 2293 eius
202 2267 294 2293 caro
321 2260 453 2292 nostra
476 2253 715 2306 producitur.
774 2253 872 2293 Nam
898 2261 938 2293 et
961 2255 1085 2295 David
1111 2257 1162 2295 ita
1190 2260 1311 2297 cauit:
1350 2259 1420 2299 do-

93 2313 184 2351 miui
210 2319 270 2350 est
294 2318 399 2350 terra
423 2318 464 2349 et
488 2309 687 2362 plenitudo
713 2311 808 2359 eius,
835 2311 939 2351 orbis
964 2318 1107 2360 terrae,
1134 2321 1174 2352 et
1198 2328 1331 2355 omnes
1355 2319 1420 2370 qui

93 2369 268 2408 habitant
298 2370 336 2407 in
366 2368 450 2415 illa3
489 2369 571 2420 ipse
603 2381 718 2420 super
746 2370 866 2408 maria
896 2369 1068 2409 fundavit
1099 2383 1202 2419 eam,
1240 2380 1280 2412 et
1304 2387 1420 2427 super

93 2427 246 2465 flumina
277 2426 523 2479 praeparavit
554 2426 698 2475 eam.²)
760 2424 986 2478 Segregatis
1017 2429 1117 2467 enim
1148 2431 1256 2482 aquis
1288 2432 1326 2470 in
1353 2445 1418 2472 ca-

186 2551 223 2590 1)
244 2549 308 2583 les.
324 2552 378 2585 45,
394 2553 448 2584 18.
547 2550 584 2594 2)
611 2552 663 2583 Ps.
680 2553 734 2591 24,
750 2554 768 2583 1
780 2562 829 2591 sq.
