1604 2800
533 108 540 117 ’
582 133 1016 168 Anv.1an1‹:os.
1363 138 1464 176 292

136 222 292 262 dicens:
327 222 426 275 quod
454 224 491 262 in
518 227 733 266 novissimis
765 227 900 267 diebus
931 229 1153 268 manifestus
1183 230 1331 270 futurus
1361 240 1466 271 esset

135 294 245 319 mons
271 279 413 319 domini
439 289 479 319 et
503 281 638 322 domus
667 282 730 322 dei
762 298 878 336 snper
906 287 1074 325 vertices
1098 289 1300 335 montium,
1331 296 1372 327 et
1396 302 1466 328 ex-

137 337 332 384 altabitur,
358 339 492 390 inquit,
519 337 634 391 super
658 341 793 388 colles,
819 350 859 380 et
882 345 1039 382 venient
1062 357 1179 396 super
1202 345 1306 383 illum
1332 358 1466 384 omnes

137 401 294 446 gentes,
326 401 366 433 et
383 395 636 455 ambulabunt
659 399 765 436 multi
791 406 831 437 et
856 398 1003 438 dicent:
1035 402 1183 448 venite,
1215 401 1467 441 ascendamus

137 453 177 490 in
202 458 369 490 montem
401 451 544 491 domini
570 461 611 492 et
635 455 673 492 in
700 454 850 494 domum
882 456 944 495 dei
970 457 1108 504 Iacob,
1125 459 1160 507 ¹)
1194 472 1269 497 non
1300 460 1338 497 in
1364 459 1469 497 Esau

136 509 280 561 prioris
317 509 403 556 filii,
442 509 509 548 sed
540 511 578 549 in
604 510 720 550 Iacob
753 515 965 565 sequentis,
1004 514 1043 552 id
1075 522 1134 553 est
1162 516 1293 567 populi
1332 517 1467 561 nostri,

139 566 247 604 cuius
277 579 385 604 mons
411 566 584 606 Christus
601 564 694 615 vest,
732 572 815 608 sine
847 571 1018 609 manibus
1043 571 1328 610 concidentium
1354 585 1470 624 prae-

139 623 259 669 cisus,
296 623 457 675 implens
491 638 640 663 omnem
671 633 832 673 terram,
870 627 970 679 apud
995 628 1194 667 Danielem
1207 630 1246 677 2)
1280 636 1467 667 ostensus.

138 678 313 731 Denique
340 693 389 718 ex
414 681 485 719 bac
512 680 624 720 domo
656 681 719 721 dei
745 683 862 722 Iacob
895 686 1008 722 etiam
1045 685 1171 735 legem
1207 698 1343 723 novam
1379 699 1471 737 pro-

140 749 334 775 cessuram
370 739 616 788 sequentibus
646 740 774 777 verbis
806 739 1005 779 adnuntiat
1028 740 1182 788 Esaias,
1226 741 1383 780 dicens:
1422 741 1472 779 de

140 792 237 831 Sion
268 794 368 831 enim
400 795 506 831 exiet
536 795 601 832 lex
631 802 671 833 et
699 796 856 834 verbum
889 796 1030 834 domini
1062 810 1111 835 ex
1136 797 1394 842 Hierusalem,
1433 805 1474 835 et

138 849 327 888 iudicabit
362 850 465 887 inter
500 858 649 900 gentes,
689 851 753 898 (id
784 859 843 889 est
874 853 976 890 inter
1004 866 1093 898 nos,
1132 853 1195 904 qni
1221 866 1270 891 ex
1295 853 1473 904 gentibus

139 918 267 957 sumus
289 907 455 954 vocati,)
489 913 529 944 et
561 905 785 954 concident,
818 909 958 959 inquit,
992 908 1141 959 gladios
1167 922 1255 947 suos
1280 911 1319 947 in
1344 918 1475 948 aratra

140 970 183 1002 et
200 962 357 1001 lanceas
376 976 463 1000 suas
483 963 521 1000 in
540 964 675 1010 falces,
701 971 741 1002 et
766 978 841 1002 non
867 966 1034 1016 accipiet
1059 978 1154 1015 gens
1179 978 1294 1016 super
1317 974 1474 1016 gentem

141 1017 324 1070 gladium,
350 1026 391 1057 et
413 1020 487 1057 iam
513 1033 589 1057 non
611 1019 762 1058 discent
779 1021 976 1070 proeliari.
991 1022 1028 1067 3)
1069 1021 1191 1071 Igitur
1210 1022 1475 1072 intelliguntur

141 1075 223 1121 alii,
256 1088 365 1126 quam
392 1088 474 1121 nos,
509 1077 571 1126 qui
596 1088 694 1113 nova
720 1076 807 1127 lege
834 1075 964 1115 edocti
990 1078 1063 1114 ista
1089 1077 1347 1124 observamus,
1376 1078 1475 1116 obli-

140 1138 268 1171 terata
303 1133 428 1170 veteri
465 1132 572 1182 lege,
618 1133 725 1171 cuins
761 1132 1009 1172 abolitionem
1047 1134 1210 1172 futuram
1247 1142 1355 1173 actus
1393 1136 1474 1187 ipse

143 1188 406 1228 demonstrat?
463 1187 562 1227 Nam
598 1189 809 1228 vetus·lex
843 1189 989 1228 ultione
1026 1190 1142 1242 gladii
1174 1204 1219 1244 se·
1240 1190 1474 1238 vindicabat,

144 1253 186 1285 et
210 1245 362 1284 oculum
392 1259 462 1297 pro
496 1246 609 1284 oculo
642 1246 821 1292 eruebat,
860 1254 901 1285 et
929 1246 1136 1286 vindictam
1168 1249 1329 1287 iniuriae
1361 1249 1477 1287 retri-

143 1302 309 1351 bueba13
348 1315 463 1351 nova,
483 1310 610 1341 autem
649 1303 890 1342 clementiam
922 1303 1168 1356 designabat,
1207 1312 1248 1343 et
1277 1306 1478 1357 pristinam

143 1360 391 1400 ferocitatem
418 1359 633 1410 gladiorum
659 1368 699 1399 et
723 1361 942 1400 lancearum
968 1361 1017 1400 ad
1042 1362 1356 1413 tranquillitatem
1383 1375 1478 1400 con-

144 1416 335 1464 vertebat,
362 1423 403 1455 et
426 1416 517 1455 belli
543 1418 738 1468 pristinam
764 1419 803 1465 in
828 1419 998 1456 aemulos
1023 1419 1121 1469 legis
1146 1426 1187 1456 et
1210 1418 1341 1462 hostes
1366 1431 1479 1457 exse-

147 1474 341 1513 cutionem
366 1475 405 1512 in
430 1474 615 1525 pacificos
647 1482 756 1513 actus
787 1474 956 1513 arandae
983 1482 1023 1513 et
1039 1474 1235 1523 *colendae
1262 1482 1390 1513 terrae
1415 1487 1479 1513 re-

144 1531 350 1575 formabat.
413 1530 552 1581 Igitur,
584 1532 684 1569 sicut
714 1545 828 1583 supra
860 1530 1111 1578 ostendimus,
1146 1530 1245 1583 quod
1278 1539 1385 1570 vetus
1416 1532 1482 1570 lex

146 1595 188 1627 et
224 1588 468 1637 circumcisio
511 1589 676 1626 carnalis
714 1596 911 1627 cessatura
946 1589 1192 1639 pronuntiata
1229 1595 1311 1633 est,
1350 1589 1404 1625 ita
1440 1595 1482 1625 et

145 1657 271 1684 novae
297 1644 396 1694 legis
421 1651 461 1681 et
485 1645 668 1695 spiritalis
701 1644 1006 1682 circumcisionis
1038 1643 1283 1680 observantia
1308 1643 1346 1679 in
1371 1641 1482 1694 pacis

148 1700 332 1751 obsequia
358 1699 488 1737 eluxit.
549 1699 715 1750 Populus
741 1700 853 1745 enim,
879 1700 1012 1749 inquit,
1046 1711 1156 1750 quem
1182 1712 1258 1736 non
1284 1711 1479 1743 noveram,

147 1756 308 1795 servivit
338 1755 448 1800 mihi,
482 1756 520 1792 in
553 1755 683 1792 auditu
714 1756 827 1792 auris
847 1754 1020 1799 obedivit
1043 1755 1200 1802 mihist)
1261 1754 1479 1806 Prophetae

148 1811 483 1851 adnuntiaverunt.
552 1810 643 1857 Quis
668 1818 793 1849 autem
819 1812 1000 1862 populus,
1033 1812 1095 1862 qui
1122 1810 1233 1849 deum
1259 1811 1479 1862 ignorabat,

149 1869 224 1908 uisi
248 1874 400 1913 noster,
431 1867 495 1918 qui
525 1874 631 1905 retro
658 1866 768 1905 deum
794 1868 1084 1905 nesciebamus?
1113 1874 1153 1905 et
1178 1868 1260 1918 quis
1284 1868 1322 1904 in
1348 1865 1482 1906 auditu

150 1926 254 1964 auris
279 1922 451 1963 obedivit
475 1924 530 1969 ei,
563 1924 635 1961 nisi
659 1937 742 1970 nos,
776 1925 838 1975 qui
863 1924 1011 1962 relictis
1036 1922 1150 1961 idolis
1174 1923 1223 1961 ad
1248 1923 1360 1962 deum
1386 1937 1481 1963 con-

149 1982 254 2022 versi
278 1982 429 2019 sumus?
486 1978 586 2018 Nam
610 1979 744 2027 Israel,
778 1981 841 2032 qui
866 1979 940 2018 deo
965 1981 1093 2018 fuerat
1118 1981 1307 2031 cognitus,
1340 1981 1480 2032 quique

151 2039 200 2079 ab
226 2051 274 2077 eo
298 2039 338 2077 in
361 2037 544 2088 Aegypto
576 2037 766 2075 exaltatus
797 2037 942 2083 fuerat,
974 2044 1014 2075 et
1038 2049 1109 2088 per
1132 2036 1387 2088 Erythraeum
1410 2049 1481 2088 pe-

150 2097 279 2147 lagum
304 2089 543 2132 transvectus
568 2100 640 2140 est,
672 2095 810 2145 quique
834 2095 873 2132 in
898 2106 1029 2132 eremo
1053 2107 1189 2131 manna
1216 2093 1363 2131 cibatus
1388 2105 1480 2144 qua-

147 2146 333 2203 draginta
357 2151 477 2196 anuis,
504 2149 553 2187 ad
577 2151 698 2188 instar
721 2151 963 2189 aeternitatis
986 2149 1178 2196 redactus,
1211 2161 1283 2187 nec
1308 2149 1480 2187 humanis

150 2202 396 2263 passionibus
422 2208 714 2254 contaminatus,
746 2214 813 2245 ant
836 2207 957 2245 seculi
981 2207 1091 2245 huius
1117 2206 1211 2244 cibis
1236 2212 1384 2256 pastus,
1411 2203 1480 2243 sed

155 2265 379 2317 angelorum
399 2263 572 2316 panibus,
597 2276 734 2301 manna
754 2263 915 2310 cibatus,
928 2263 966 2312 ⁵)
994 2264 1160 2313 satisque
1184 2261 1384 2300 beneficiis
1404 2259 1478 2299 deo

157 2323 369 2374 obligatus,
407 2319 550 2358 domini
581 2327 622 2359 et
646 2319 708 2359 dei
733 2321 791 2358 sui
816 2319 955 2359 oblitus
980 2326 1056 2366 est,
1095 2317 1228 2356 dicens
1252 2317 1301 2356 ad
1324 2316 1476 2356 Aaron:

252 2461 288 2497 1)
303 2461 367 2490 les.
383 2459 414 2496 2,
430 2459 450 2487 2
465 2467 512 2495 nq-
575 2459 610 2497 2)
623 2458 712 2489 Dan.
726 2458 759 2496 2,
775 2458 829 2488 35.
889 2455 926 2498 3)
942 2458 1004 2487 les.
1021 2456 1051 2494 2,
1067 2456 1143 2492 Suq.
1203 2456 1241 2493 4)
1254 2455 1421 2491 Ps.18544
1430 2463 1478 2492 aq.

161 2506 199 2550 5)
213 2507 266 2537 Pa.
281 2507 335 2544 τε,
352 2505 404 2535 24.
