1604 2800
126 134 199 176 aa
503 136 628 167 nov.
662 134 1099 166 HERMOGENEM.

127 245 240 270 nuum
268 238 435 276 tuarum,
463 229 596 281 inquit,
625 227 739 274 coeli,
763 229 798 273 ί)
826 241 896 279 per
922 241 1014 280 quas
1040 234 1080 266 et
1104 240 1256 266 mensus
1282 234 1343 266 est
1368 241 1460 268 eoe-

129 291 203 328 lum
235 296 276 327 et
308 289 432 339 palmo
463 294 621 326 terram.
640 284 680 334 2)
742 285 833 324 Noli
859 288 912 325 ita
931 287 967 335 ³)
994 284 1069 324 deo
1095 284 1267 332 adulari,
1301 293 1343 324 ut
1367 287 1462 326 velis

128 348 232 386 illum
266 346 350 384 solo
381 346 464 383 visu
496 352 537 383 et
567 344 651 383 solo
690 356 851 382 accessu
888 350 948 382 tot
983 356 1030 382 ac
1066 350 1193 382 tantas
1231 343 1463 383 substantias

129 404 353 456 protulisse,
393 410 433 442 et
457 416 533 440 non
559 402 726 454 propriis
751 401 893 440 viribus
920 402 1142 440 instituisse.
1206 400 1272 440 Sic
1298 403 1399 441 enim
1425 409 1465 441 et

130 462 346 500 Hieremias
373 459 634 501 commendat:
661 458 756 498 deus
781 459 928 498 faciens
954 467 1097 498 terram
1125 462 1162 497 in
1187 460 1359 499 valentia
1381 473 1462 502 sua,

128 532 269 571 parans
309 519 440 557 orbem
480 520 517 556 in
557 518 815 568 intelligentia
847 531 932 564 sua,
971 524 1011 556 et
1041 530 1111 556 suo
1143 530 1257 556 sensu
1289 517 1465 558 extendit

131 577 330 624 coelos.⁴²)
394 576 475 614 Hae
501 583 588 614 sunt
613 576 715 614 vires
742 575 836 622 eius,
865 574 1001 628 quibus
1027 575 1162 614 enixus
1176 577 1214 621 ⁵)
1242 582 1362 615 totum
1389 576 1464 615 hoc

132 634 320 673 condidit..
387 633 515 672 Maior
552 640 613 672 est
650 634 776 684 gloria
814 645 916 676 eius,
956 634 986 671 si
1026 632 1228 671 laboravit.
1290 633 1466 685 Denique

131 693 293 742 septima
326 691 389 729 die
422 693 612 743 requievit
642 692 690 729 ab
723 691 920 742 operibus-
990 690 1198 742 Utrumque
1235 704 1305 730 suo
1343 705 1467 730 more.

132 749 210 786 Aut
247 750 278 786 si
310 761 500 800 apparens
532 747 771 786 solummodo
809 755 850 786 et
886 750 1196 800 appropinquans
1234 749 1331 788 fecit
1365 748 1468 788 hune

133 804 329 850 mundum,
369 803 567 856 numquid,
606 818 690 843 eum
722 805 855 843 facere
882 803 1016 850 desiit,
1055 818 1185 844 rursus
1211 819 1401 858 apparere
1427 813 1469 846 et

134 863 444 914 appropinquare
485 863 675 900 cessavit?
730 860 874 913 Atquin
900 875 1021 913 magis
1053 875 1244 914 apparere
1271 865 1403 915 coepit
1428 870 1470 903 et

135 921 274 971 ubique
302 920 500 958 conveniri
527 917 639 965 deus,
679 932 727 957 ex
759 932 832 971 quo
866 919 992 958 factus
1023 927 1082 958 est
1113 919 1285 959 mundus.
1346 920 1469 960 Vides

135 990 251 1029 ergo,
291 976 607 1028 quemadmodum
641 978 867 1028 operatione
900 976 994 1015 deus
1031 978 1207 1016 universa
1247 979 1478 1024 constituit,

134 1035 302 1073 valentia
335 1035 513 1073 facientis
545 1042 706 1081 terram,
746 1035 1000 1086 intelligentia
1034 1036 1204 1086 parantis
1236 1035 1390 1083 orbem,
1429 1043 1470 1076 et

135 1105 248 1131 sensu
274 1091 519 1131 extendentis
545 1092 713 1137 coelum,
754 1105 828 1130 non
855 1093 1076 1144 apparentis
1102 1089 1362 1140 solummodo,
1395 1107 1469 1134 nec

134 1150 495 1202 appropinquantis,
528 1148 596 1188 sed
623 1148 841 1188 adhibentis
867 1156 994 1188 tantos
1019 1152 1136 1189 animi
1162 1151 1219 1190 sui
1247 1152 1369 1198 nisus,
1407 1165 1471 1191 so-

136 1208 280 1258 pliiam,
313 1207 537 1254 valentiam,
570 1220 741 1252 sensum,
775 1219 1011 1255 sermonem,
1045 1209 1238 1260 spiritum,
1275 1210 1469 1249 virtutem.

137 1266 242 1312 Quae
270 1265 325 1303 illi
351 1279 426 1303 non
454 1272 565 1303 eraut
597 1266 837 1310 necessaria,
880 1272 919 1303 ut
952 1265 1175 1318 apparendo
1207 1266 1470 1306 tautummodo

136 1330 176 1360 et
201 1322 543 1374 appropinquando
571 1323 768 1374 perfectus
793 1322 941 1361 fuisset.
1005 1323 1110 1363 Haec
1141 1331 1268 1364 autem
1301 1332 1388 1364 sunt
1413 1326 1471 1364 in-

135 1379 301 1417 visibilia
333 1380 433 1425 eius,
473 1392 570 1430 quae
602 1378 812 1418 secundum
843 1381 1058 1431 apostolum
1078 1382 1116 1427 6)
1148 1382 1197 1420 ab
1229 1383 1470 1423 institutione

137 1434 267 1473 mundi
293 1436 406 1474 factis
433 1437 514 1474 eius
542 1438 847 1487 conspiciuntur,
881 1450 958 1475 non
984 1439 1171 1477 materiae
1198 1442 1331 1479 nescio
1357 1454 1470 1493 quae,

139 1491 207 1531 sed
234 1494 425 1531 sensualia
452 1494 580 1545 ipsius.
644 1494 736 1540 Quis
768 1495 867 1532 enim
900 1496 1084 1545 cognovit
1122 1509 1273 1535 sensum
1311 1497 1470 1565 domini,

139 1549 188 1588 de
214 1563 288 1602 quo
316 1551 526 1589 exclamat·
554 1550 780 1617 profundum
808 1550 1026 1591 divitiarum
1047 1560 1086 1592 et
1106 1554 1384 1605 sophiaesut
1373 1556 1472 1594 inin-

138 1607 337 1646 ventibilia
363 1607 507 1647 iudicia
533 1609 615 1647 eius
641 1615 681 1647 et
706 1609 1035 1661 ininvestigabiles
1059 1612 1146 1649 viae
1173 1612 1268 1650 eius.
1288 1613 1326 1658 Ἰ)
1373 1612 1471 1660 Quid

140 1665 236 1703 haec
273 1666 394 1717 magis
432 1667 602 1718 sapiunt,
642 1680 751 1718 quam
782 1674 824 1705 ut
854 1680 903 1706 ex
934 1667 1052 1706 nihilo
1086 1670 1211 1707 omnia
1244 1670 1350 1708 facta
1374 1671 1474 1709 sint?

140 1735 236 1774 quae
269 1736 342 1762 nee
374 1724 537 1762 inveniri
570 1736 641 1762 nec
674 1725 897 1775 investigari
930 1725 1001 1763 nisi
1029 1739 1048 1763 a
1077 1726 1161 1764 solo
1193 1725 1268 1765 deo
1301 1729 1471 1779 possent,

139 1781 308 1832 alioquin
340 1781 643 1832 investigabilia,
681 1782 712 1820 si
750 1794 799 1820 ex
838 1782 1000 1821 materia
1038 1790 1124 1822 sunt
1163 1784 1397 1837 investigata
1434 1792 1475 1824 et

139 1839 306 1876 inventa.
327 1840 366 1888 ⁸)
429 1838 551 1890 Igitur
582 1839 620 1877 in
652 1847 829 1891 quantum
864 1841 1055 1885 constitit,
1101 1843 1299 1882 materiam
1330 1843 1472 1885 nullam

141 1895 271 1940 fuisse,
299 1908 348 1933 ex
373 1896 447 1934 hoc
475 1898 602 1943 etiam,
631 1896 731 1948 quod
759 1911 830 1936 nec
859 1898 972 1936 talem
1000 1907 1195 1951 competat
1219 1901 1353 1948 fuisse,
1379 1914 1474 1953 qua-

143 1952 189 1989 lis
214 1951 425 1999 inducitur,
464 1954 501 1991 in
539 1961 683 1992 tantum
715 1955 918 2006 probatur,
958 1958 1083 1995 omnia
1109 1969 1131 1995 a
1163 1956 1238 1996 deo
1271 1971 1321 1997 ex
1353 1959 1472 1999 nihilo

142 2009 264 2054 facta,
303 2010 376 2047 nisi
408 2010 509 2061 quod
536 2011 819 2062 Hermogenes,
859 2012 1021 2053 eundem
1047 2022 1185 2054 statum
1211 2014 1472 2057 describendo

146 2067 353 2113 materiae,
381 2079 454 2118 quo
482 2075 540 2106 est
566 2069 668 2120 ipse,
694 2069 945 2116 inconditum,
974 2073 1185 2119 confusum,
1214 2073 1470 2113 turbulentum

143 2124 324 2175 ancipitis
349 2131 387 2163 et
413 2127 635 2178 praecipitis
661 2133 701 2165 et
726 2127 863 2166 fervidi
890 2137 1032 2178 motus,
1071 2129 1343 2170 documentum
1372 2130 1471 2205 artis

144 2194 234 2220 suae
261 2180 347 2220 (lum
374 2182 559 2230 ostendit,
587 2185 668 2236 ipse
694 2198 735 2223 se
763 2186 896 2238 pinxit.
912 2188 949 2234 9)

236 2287 273 2326 1)
299 2287 513 2327 Ps.102‚26.
609 2289 645 2328 2)
673 2291 1149 2335 1es.40,12.48‚13.3)
1176 2293 1238 2325 Ed.
1255 2295 1280 2324 1.
1299 2267 1473 2325 &onita

145 2332 180 2370 4)
208 2334 423 2373 1er.51‚15.
519 2331 553 2373 5)
577 2334 761 2374 Ps.o4‚7.
857 2338 893 2378 6)
920 2339 1015 2369 Rom.
1036 2341 1067 2374 1
1089 2341 1144 2371 20.
1239 2338 1278 2382 7)
1305 2341 1401 2371 Rom.
1417 2341 1472 2377 11,

146 2379 201 2408 33.
299 2379 336 2418 8)
363 2379 426 2411 Ed.
440 2380 463 2412 1.
477 2382 694 2412 etnonini
703 2386 812 2415 enta
907 2383 945 2427 9)
971 2385 1033 2416 Ed.
1047 2386 1070 2416 1.
1086 2386 1474 2425 intantumptoba-

147 2426 265 2455 retur
289 2444 322 2448 —
357 2426 549 2467 Hermog.
575 2427 717 2459 eodem
751 2431 907 2461 statum
939 2431 1218 2463 describendi
1254 2431 1473 2468 materiae,

146 2471 252 2507 quod
272 2473 336 2502 est
355 2471 508 2510 ipse—
528 2473 798 2507 documentis
826 2477 937 2508 artis
963 2485 1064 2507 suae
1091 2477 1138 2508 de
1161 2477 1355 2509 ostendit
1380 2475 1473 2517 ipse

147 2515 300 2554 pinxit.
