1566 2808
156 155 261 194 108
403 157 529 190 Anv.
565 157 929 188 MARcmNEM
965 155 1142 186 L1BER
1178 156 1218 186 11.

274 252 342 291 28.
392 249 505 288 Nunc
537 255 578 288 et
607 248 655 287 de
687 248 959 300 pusillitatibus
986 255 1026 286 et
1050 246 1352 298 malignitatibus
1378 248 1486 285 cete-

157 309 285 359 risque
312 307 412 345 notis
438 314 478 345 et
501 307 582 357 ipse
610 305 793 345 adversus
811 306 1048 345 Marcionem
1069 304 1292 343 Antitheses
1318 305 1486 343 aemulas

156 366 308 402 faciam.
349 362 391 401 Si
417 363 609 415 ignoravit
634 363 727 402 deus
753 377 870 411 meus,
898 376 982 402 esse
1010 363 1122 401 alium
1150 375 1343 414 superse,
1371 363 1486 400 etiam

158 429 242 459 tuus
277 421 429 459 omnino
461 434 538 458 non
569 421 698 468 scivit,
738 434 822 460 esse
855 421 969 476 alium
1000 421 1100 458 infra
1132 433 1186 458 se;
1249 418 1359 467 Quod
1385 420 1485 458 enim

158 479 212 516 ait
237 478 455 517 Heraclitus
486 479 550 516 ille
584 478 830 525 tenebrosus,
863 477 998 529 eadem
1028 478 1090 516 via
1119 491 1267 516 sursum
1301 484 1341 516 et
1372 475 1486 515 deor-

157 549 237 574 sum
258 537 307 584 ¹).
370 535 544 587 Denique
570 537 602 574 si
628 550 703 574 non
729 537 964 587 ignorasset,
999 542 1039 574 et
1069 535 1116 573 ab
1150 536 1322 573 initio'ei
1348 547 1486 573 occur-

156 594 288 631 risset:
329 592 510 632 delictum
541 600 582 632 et
611 601 772 632 mortem
805 601 845 631 et
874 594 994 644 ipsum
1021 599 1219 631 auctorem
1246 591 1378 631 delicti
1405 591 1487 630 dia-

155 650 284 688 bolum
317 657 357 689 et
388 664 498 690 omne
532 651 687 698 malum,
727 650 828 703 quod
867 649 960 689 deus
993 663 1098 688 meus
1130 663 1263 701 passus
1295 656 1354 687 est
1386 661 1485 695 esse,

155 708 230 745 hoc
258 715 297 746 et
321 715 424 755 tuus,
458 710 521 760 qui
552 710 654 747 illum
686 710 765 761 pati
797 721 930 760 passus
957 715 1027 746 est.
1088 707 1252 746 Mutavit
1275 707 1486 745 sententias

156 778 243 803 suas
275 764 369 803 deus
401 773 550 812 noster,
583 766 745 817 proinde
779 779 852 817 qua
883 773 923 803 et
951 772 1100 813 vester3
1140 765 1203 816 qui
1234 765 1333 802 enim
1366 777 1486 816 genus

156 822 358 860 humanum
385 829 460 861 tam
486 836 574 861 sero
601 824 791 875 respexit,
831 836 914 861 eam
942 823 1170 861 sententiam
1197 822 1373 868 mutavit,
1413 835 1495 874 qua*

156 887 262 917 tanto
302 893 397 918 aevo
435 894 511 918 non
548 882 732 932 respexit.
794 880 990 925 Poenituit
1020 880 1109 918 mali
1141 881 1179 917 in
1210 880 1339 930 aliquo
1373 877 1486 917 deum

155 944 346 982 nostrum,
381 936 449 975 scd
481 944 521 975 et
549 945 736 985 vestrum,
770 951 817 976 eo
851 939 969 984 enim,
1004 936 1104 989 quod
1137 935 1289 974 tandem
1315 935 1486 974 animad-

155 994 271 1031 vertit
296 992 343 1031 ad
370 994 531 1032 hominis
557 995 735 1041 salutem,
768 995 1044 1046 poenitentiam
1071 994 1382 1032 dissimulationis
1407 994 1486 1045 pri-

156 1051 278 1088 stinae
306 1051 400 1089 fecit
425 1050 592 1090 debitam
618 1053 717 1090 malo
744 1053 862 1091 facto.
924 1052 1047 1090 Porro
1080 1052 1216 1090 malum
1249 1051 1392 1089 factum
1418 1050 1486 1090 de—

154 1107 349 1159 putabitur
374 1110 612 1160 negligentia
637 1110 770 1161 salutis
796 1110 1002 1156 humanae,
1036 1122 1110 1148 non
1144 1109 1216 1147 nisi
1249 1121 1320 1160 per
1350 1109 1486 1165 poeni-

155 1166 313 1203 tentiam
346 1166 548 1205 emendata
580 1160 679 1219 apud
711 1156 822 1209 deum
848 1175 1027 1206 vestrum.
1089 1165 1286 1205 Mandavit
1311 1160 1485 1204 fraudem

156 1222 249 1261 deus
275 1230 426 1271 noster,
460 1223 528 1263 scd
553 1226 635 1262 auri
663 1232 702 1263 et
727 1226 897 1279 argenti,
931 1230 1072 1276 quanto
1105 1231 1230 1262 autem
1257 1223 1370 1262 homo
1396 1236 1486 1282 pre-

154 1281 292 1318 tiosior
329 1295 423 1319 auro
462 1289 501 1320 et
538 1290 719 1334 argento,
760 1289 866 1321 tanto
904 1281 1186 1321 fraudulentiol
1217 1280 1310 1319 deus
1339 1287 1483 1327 vester,

156 1339 218 1388 qui
256 1339 445 1377 hominem
485 1339 638 1378 domino
678 1348 717 1379 et
752 1341 893 1379 factori
931 1354 999 1378 suo
1038 1341 1165 1391 e1ipit.
1229 1338 1484 1394 Oculumtpro

155 1396 268 1432 oculo
295 1398 466 1447 reposcit
492 1396 585 1435 deus
612 1405 761 1444 noster,
795 1397 861 1436 sed
897 1405 936 1436 et
966 1405 1097 1436 vester
1127 1397 1249 1436 vicem
1273 1395 1484 1448 prohibens

153 1452 370 1490 iterabilem
397 1455 516 1504 magis
542 1455 716 1492 iniuriam
743 1455 848 1492 facit.
895 1454 985 1502 Quis
1006 1456 1111 1493 ‘enim
1137 1467 1211 1491 non
1239 1467 1368 1492 rursus
1393 1466 1483 1505 per-

155 1510 292 1556 cutiet,
326 1523 402 1547 non
434 1514 709 1562 repercussus?
756 1511 894 1550 Nescit
920 1511 1012 1550 deus
1038 1512 1188 1558 noster,
1224 1511 1355 1563 quales
1388 1511 1484 1549 alle-

153 1574 277 1617 geret,
305 1580 400 1618 ergo
427 1581 500 1606 nec
525 1576 674 1617 vester3
703 1569 833 1608 Iudam
859 1569 1084 1608 traditorem
1111 1582 1187 1606 non
1213 1569 1423 1619 allegisset,
1451 1569 1482 1607 si

151 1625 397 1675 praescisset.
450 1624 492 1663 Si
518 1633 558 1664 et
581 1628 779 1665 mentitum
805 1628 946 1666 alicubi
972 1626 1069 1665 dicis
1095 1633 1332 1672 creatorem,
1366 1626 1482 1677 longe

151 1683 271 1719 maius
298 1682 536 1722 mendacium
563 1691 622 1722 est
646 1686 684 1722 in
712 1691 775 1723 tuo
803 1685 976 1730 Christo,
1010 1686 1116 1723 euius
1143 1697 1283 1736 eorpus
1309 1696 1384 1721 non
1410 1684 1483 1722 fuit

151 1751 295 1777 verum.
356 1739 498 1778 Multos
530 1743 691 1780 saevitia
728 1741 791 1780 dei
829 1743 903 1781 mei
940 1739 1166 1793 absumpsit,
1206 1748 1291 1779 tuus
1331 1751 1481 1792 quoque

152 1795 245 1834 deus
273 1809 366 1848 quos
392 1798 518 1836 salvos
545 1813 620 1837 nou
645 1800 740 1838 facit
764 1801 894 1851 utique
920 1800 958 1837 in
985 1800 1141 1838 exitium
1162 1797 1343 1850 disponit.
1378 1796 1482 1836 Deus

150 1866 255 1891 meus
282 1855 445 1906 aliquem
472 1856 582 1894 iussit
607 1856 748 1904 occidi,
776 1865 861 1897 tuus
881 1864 1003 1896 semet
1020 1857 1141 1908 ipsum
1160 1856 1281 1895 voluit
1299 1856 1479 1903 interfici,
1536 1890 1542 1893 ,

150 1923 226 1947 ιιοιι
259 1913 379 1950 minus
412 1912 605 1952 homicida
637 1915 692 1952 in
709 1922 854 1954 semet·
849 1916 1000 1969 ipsum,
1027 1928 1137 1966 quam
1162 1914 1200 1951 in
1226 1926 1330 1961 eum,
1357 1927 1378 1951 a
1405 1925 1479 1969 quo

149 1968 268 2006 vellet
294 1967 434 2006 occidi.
494 1970 638 2010 Multos
663 1979 790 2011 autem
823 1969 1014 2011 occidisse
1048 1971 1160 2010 deum
1192 1973 1273 2010 eius
1305 1960 1479 2023 probabo

148 2024 359 2072 Marcioni3
398 2039 481 2075 nam
519 2029 616 2066 fecit
640 2029 889 2077 homicidam,
928 2030 1312 2081 utique‘periturum,
1350 2029 1423 2066 nisi
1448 2029 1480 2067 si

148 2083 311 2133 populus
350 2069 443 2121 nihil
482 2083 642 2137 deliquit
679 2088 718 2125 in
758 2086 962 2126 Christu‘m.
1025 2086 1104 2129 Sed
1141 2085 1323 2138 expedita
1358 2086 1479 2124 virtus

147 2141 323 2180 veritatis
349 2142 481 2191 paucis
509 2150 627 2191 amat3
655 2145 773 2182 multa
798 2145 1000 2184 mendacio
1028 2151 1140 2182 erunt
1165 2143 1401 2185 necessaria.

263 2201 332 2240 29
384 2197 563 2238 Cetemm
591 2198 698 2253 jpsas
730 2215 880 2253 quoque
911 2201 1136 2240 Antitheses
1166 2200 1378 2239 Marcionis
1411 2213 1479 2239 co-

148 2255 270 2293 minus
297 2254 542 2304 cecidissem,
582 2259 614 2295 si
640 2259 866 2309 operosiore
894 2259 1157 2298 destructione
1185 2270 1314 2296 earum
1341 2265 1479 2313 egeret

148 2311 322 2351 defensio
351 2315 538 2352 creatoris
564 2322 639 2353 tam
663 2315 755 2354 boni
782 2329 891 2368 quam
918 2324 958 2355 et
983 2316 1132 2363 iudicis,
1155 2315 1362 2355 secundum
1381 2316 1477 2354 utri-

147 2383 265 2435 usque
292 2371 411 2421 partis
438 2373 613 2424 exemph
639 2375 892 2424 congruentia
913 2374 1000 2421 deo,
1023 2381 1063 2412 ut
1083 2373 1331 2413 ostendimus.
1365 2372 1476 2421 Quod

149 2428 179 2463 si
205 2434 365 2479 utraque
391 2442 480 2480 pars
499 2429 683 2469 bonitatis
704 2438 817 2483 atque
838 2432 1006 2470 iustitiae
1028 2431 1180 2483 dignam
1199 2429 1474 2484 plenitudinem

242 2555 278 2595 1)
305 2557 354 2586 Cf.
368 2557 468 2597 Diog.
483 2559 608 2601 Laert„
622 2559 679 2591 lib.
696 2561 728 2600 9,
745 2570 773 2591 c.
785 2561 821 2592 8:
844 2557 910 2603 τὴν
921 2556 1126 2603 μεταβόλὴν
1139 2554 1224 2592 ὁδὸν
1239 2554 1312 2590 ἄνω
1325 2554 1426 2591 κάτω.
