1624 2826
222 230 325 266 210
478 229 603 259 ADV.
639 228 1000 259 MARCIONEM
1037 223 1290 259 L1BER'1v

223 324 311 373 lege
338 321 573 372 promittitur
598 333 620 357 a
647 327 825 358 creatore
858 320 1105 370 longaeva.1)
1166 319 1217 358 Et
1249 319 1422 359 dominus
1453 319 1542 360 ideo

222 380 277 418 illi
304 377 511 417 secundum
538 378 661 428 legem
687 376 1047 428 responsumdedit:
1076 377 1212 428 diliges
1228 377 1418 416 dominum
1433 376 1545 417 deum

222 445 325 474 tuum
358 449 407 474 ex
437 442 518 473 toto
552 433 670 472 corde
702 441 766 472 tuo
794 441 833 472 et
858 447 907 472 ex
931 441 1012 472 tota
1037 435 1160 473 anima
1187 443 1248 474 tua
1276 442 1315 473 et
1340 435 1430 475 totis
1453 435 1546 481 viri·

222 494 292 532 bus
312 493 446 540 tuiS,2)
475 492 650 543 quoniam
667 491 714 530 de
742 492 828 542 lege
854 492 955 530 vitae
982 492 1261 530 sciscitabatur.
1295 491 1374 530 Sed
1399 491 1548 531 sciebat

222 552 354 602 utique
382 550 479 600 legis
506 546 656 595 doctor,
685 562 757 600 quo
785 555 897 600 pacto
923 550 1037 587 vitam
1064 549 1225 600 legalem
1248 550 1432 600 consequi
1458 562 1547 601 pos-

224 615 294 654 set,
321 614 362 645 ut
387 620 464 644 non
490 605 537 644 de
565 619 611 644 ea
631 607 921 656 interrogasset,
949 607 1056 644 cuius
1070 607 1224 657 regulas
1239 608 1351 646 etiam
1367 605 1546 644 docebat.

226 664 303 704 Sed
330 665 418 716 quia
442 670 483 702 et
507 664 647 701 mortui
679 663 752 701 iam
786 663 1068 701 suscitabantur
1092 677 1114 701 a
1141 663 1307 711 Christo,
1334 664 1547 712 exsuscita<

224 729 283 760 tus
309 721 357 759 ad
383 734 487 772 spem
515 728 696 759 aeternae
721 721 824 758 vitae
851 733 922 772 per
948 721 1122 772 exempla
1147 720 1357 767 recidivae,
1391 733 1438 759 ne
1464 720 1548 772 plus

225 777 367 830 aliquid
394 778 674 816 observationis
700 778 878 827 exigeret
908 777 1106 816 sublimior
1130 779 1236 829 spei,
1275 777 1423 816 idcirco
1457 790 1550 816 con-

225 837 338 875 suluit
364 834 411 873 de
438 841 619 873 aeternae
645 835 745 872 vitae
773 835 1060 872 consecutione.
1123 834 1255 886 Itaque
1282 833 1474 881 dominus,
1507 840 1550 872 ut

225 906 297 932 nec
324 894 405 945 ipse
432 892 539 938 alius,
567 904 638 930 nec
666 889 768 929 aliud
795 904 929 929 novum
957 891 1126 929 inferens
1150 898 1411 943 praeceptum,
1439 904 1550 943 quam

226 949 327 1002 quod
364 949 629 1001 principaliter
666 947 714 986 ad
748 960 896 989 omnem
933 948 1093 986 salutem
1130 956 1170 987 et
1199 956 1396 1000 utramque
1433 949 1550 987 vitam

226 1009 344 1053 facit,
384 1007 504 1057 ipsum
538 1012 653 1056 caput
684 1006 720 1043 ei
752 1005 848 1055 legis
875 1006 1057 1056 opponit,
1098 1007 1336 1045 omnifariam
1363 1003 1550 1056 diligendi

227 1064 418 1102 dominum
445 1062 556 1101 deum
583 1075 700 1099 suum.
763 1061 935 1112 Denique
967 1063 998 1099 si
1030 1061 1077 1100 de
1103 1063 1181 1100 vita
1206 1063 1394 1114 longaeva
1419 1069 1459 1101 et
1483 1062 1548 1101 ille

229 1121 418 1159 consuluit
444 1127 483 1157 et
509 1119 681 1157 Christus
707 1117 925 1169 respondit,
965 1132 1060 1169 quae
1093 1120 1142 1157 sit
1172 1132 1291 1171 penes
1317 1126 1549 1166 creatorem,

228 1192 303 1216 uon
330 1176 377 1215 de
404 1183 582 1222 aeterna,
611 1188 707 1227 quae
734 1176 783 1212 sit
808 1188 926 1226 penes
952 1175 1161 1213 Marcionis
1187 1175 1318 1221 derum:
1358 1174 1549 1228 quomodo

229 1235 477 1286 consequitur
502 1234 724 1272 aeternam?
783 1231 871 1270 Non
909 1233 1037 1284 utique
1071 1232 1207 1271 eodem
1234 1232 1366 1281 modo,
1407 1246 1480 1286 quo
1512 1239 1553 1272 et

228 1293 465 1343 longaevam.
528 1290 602 1328 Pro
630 1289 847 1328 differentia
868 1291 967 1328 enim
982 1290 1213 1338 mercedum,
1241 1304 1442 1343 operarum
1457 1303 1551 1343 quo-

230 1363 300 1400 que
341 1347 536 1387 credenda
572 1347 753 1385 distantia
790 1354 861 1385 est.
922 1347 1027 1398 Ergo
1061 1362 1135 1386 non
1167 1361 1216 1387 ex
1247 1347 1456 1388 dilectione
1489 1346 1554 1386 dei
1593 1356 1595 1362 ·

229 1407 283 1443 tui
310 1412 568 1456 consequetur
592 1406 707 1443 vitam
733 1412 928 1443 aeternam
953 1405 1223 1452 Marcionites,
1263 1407 1362 1444 sicut
1393 1406 1553 1457 longae÷

228 1476 312 1500 vam
345 1461 512 1500 dilector
544 1462 744 1499 creatoris·
807 1460 886 1499 Sed
919 1463 1028 1513 quale
1062 1470 1144 1509 est,
1182 1470 1323 1501 utnon
1348 1463 1470 1513 magis
1495 1461 1552 1500 di·-

230 1518 406 1570 ligendus
431 1519 498 1564 sit,
526 1518 588 1568 qui
613 1525 807 1555 aeternam
835 1519 1058 1568 pollicetur,
1085 1520 1116 1556 si
1143 1518 1359 1569 diligendus
1385 1526 1460 1565 est,
1488 1519 1552 1570 qui

231 1577 456 1628 longaevam
495 1575 751 1626 repromittit?
798 1574 904 1624 Ergo
942 1573 1110 1613 eiusdem
1148 1577 1223 1614 erit
1258 1583 1417 1628 utraque
1459 1577 1551 1621 vita,

232 1647 315 1672 cum
353 1632 487 1672 eadem
525 1639 584 1670 est
614 1633 763 1683 utrique
802 1633 904 1670 vitae
942 1631 1131 1683 captanda
1168 1631 1380 1685 disciplina.
1443 1631 1554 1680 Quod

233 1697 388 1729 creator
413 1689 547 1736 docet,
587 1688 625 1727 id
651 1696 690 1726 et
716 1689 868 1726 Christo
896 1702 989 1740 opus
1015 1696 1097 1736 est,
1136 1689 1321 1741 diligendi
1353 1689 1416 1728 dei
1440 1702 1554 1742 prae-

233 1755 383 1799 ceptum
403 1748 440 1796 3)
479 1754 520 1784 ut
551 1752 744 1797 praestet,
783 1747 1065 1784 interveniente
1097 1753 1137 1784 et
1167 1748 1229 1786 hic
1266 1748 1331 1786 illa
1362 1748 1554 1799 praescri-

233 1806 384 1857 ptione,
425 1818 498 1856 qua
522 1804 672 1842 facilius
698 1801 797 1854 apud
823 1816 907 1841 eum
933 1802 1102 1854 debeant
1126 1803 1233 1843 credi
1258 1805 1416 1852 maiora,
1454 1803 1552 1857 apud

235 1875 344 1914 quem
370 1862 518 1900 minora
543 1860 804 1912 praecedunt,
845 1873 954 1912 quam
980 1860 1079 1912 apud
1105 1874 1208 1909 eum,
1248 1863 1309 1900 cui
1340 1863 1476 1901 nullam
1505 1861 1554 1900 de

235 1919 441 1957 maioribus
486 1917 596 1956 fidem
641 1919 766 1969 aliqua
803 1919 950 1956 minora
993 1926 1331 1970 praeparaverunt.
1395 1918 1558 1958 'Viderit

235 1989 358 2022 nunc,
397 1977 429 2013 si
460 1982 655 2013 aeternam
689 1976 808 2013 nostri
840 1974 1081 2014 addiderunt.
1143 1975 1224 2014 Hoc
1251 1977 1340 2014 mihi
1366 1977 1458 2014 satis
1484 1983 1555 2024 est,

236 2033 338 2086 quod
363 2032 536 2070 Christus
562 2033 626 2070 ille
653 2039 850 2078 aeternae,
878 2046 954 2070 non
981 2033 1132 2084 longae,
1158 2035 1259 2072 vitae
1285 2034 1480 2080 invitator,
1507 2032 1555 2072 de

235 2091 426 2142 longaeva
452 2090 665 2135 consultus,
694 2103 801 2140 quam
829 2088 1063 2136 destruebat,
1091 2104 1166 2128 non
1191 2090 1240 2129 ad
1266 2096 1461 2129 aeternam
1485 2104 1557 2143 po-

236 2148 310 2186 tius
336 2147 560 2185 exhortatus
592 2154 650 2184 est
681 2147 889 2194 hominem,
929 2160 1036 2198 quam
1063 2147 1267 2186 inferebat.
1330 2147 1446 2196 Quid,
1486 2161 1556 2186 oro

238 2212 295 2252 te,
333 2205 493 2243 fecisset
526 2203 697 2241 Christus
737 2205 944 2251 creatoris,
983 2205 1015 2243 si
1053 2206 1114 2256 qui
1153 2205 1322 2244 creatori
1360 2203 1556 2256 diligendo

237 2259 512 2301 aedificaverat
537 2261 739 2308 hominem,
766 2275 842 2299 non
863 2269 947 2300 erat
967 2263 1181 2314 creatoris?
1206 2262 1348 2310 Credo,
1375 2267 1555 2314 negasset

238 2318 471 2371 diligendum
498 2325 727 2357 creatorem.

354 2381 421 2419 26.
473 2376 565 2414 Cum
590 2377 628 2414 in
655 2375 816 2428 quodam
844 2376 930 2415 loco
957 2384 1107 2434 orasset
1131 2376 1179 2416 ad
1203 2378 1421 2430 patrem,4)
1453 2375 1556 2414 illum

329 2532 369 2580 μ1)
396 2538 603 2570 Rhen.ed.1.
626 2537 839 2578 longaeva
864 2540 1056 2577 aeterna,
1084 2539 1170 2576 quod
1195 2538 1339 2568 alterum
1366 2546 1396 2568 v.
1416 2545 1484 2566 non
1505 2538 1558 2568 est

241 2584 273 2613 in
293 2584 435 2615 Painelii
461 2587 495 2616 et
513 2584 660 2624 ‘Rigaltii
679 2584 755 2616 edd.
851 2585 888 2622 2)
915 2585 995 2614 Luc.
1011 2586 1065 2623 10,
1080 2585 1133 2614 27.
1228 2584 1263 2620 3)
1292 2584 1342 2613 {ta
1355 2583 1430 2614 cod.
1445 2583 1557 2614 u'ou-

241 2630 337 2667 ποι-ὴ
366 2631 487 2662 ceteri:
514 2630 657 2670 diligi,
691 2633 735 2660 ut
760 2632 962 2668 praestet.
1057 2629 1094 2666 4)
1120 2630 1201 2661 Luc.
1218 2630 1271 2678 ¹¹3
1287 2630 1317 2659 1.
