1604 2800
169 211 273 247 316
625 205 1065 239 Anv.1unanos.

170 318 229 342 me
257 309 390 348 aceto,
409 302 444 351 ¹)
477 313 594 352 super
623 305 769 339 vestem
795 312 918 338 meam
945 300 1131 338 miserunt
1155 297 1367 348 sortem‚²)
1393 297 1507 336 sicuti

170 368 321 407 cetera,
361 372 457 411 quae
489 359 528 397 in
560 358 664 397 illum
703 357 942 396 commissuri
979 356 1136 403 essetis,
1173 353 1375 407 praedicta
1406 362 1506 394 sunt.

170 418 274 466 Quae
302 416 452 470 quidem
481 417 609 455 omnia
634 417 716 468 ipsa
741 428 960 468 perpessus,
988 428 1064 453 non
1084 427 1155 466 pro
1177 420 1265 452 actu
1285 426 1355 452 suo
1375 412 1505 465 aliquo

166 477 267 514 malo
295 489 428 528 passus
455 482 532 522 est,
566 472 634 513 sed
660 481 701 512 ut
726 480 940 526 scripturae
968 472 1221 525 implerentur
1246 469 1294 510 de
1321 483 1390 510 ore
1415 483 1507 522 pro-

165 534 436 585 phetarum.3)
499 532 548 570 Et
573 533 703 584 utique
731 538 1011 570 sacramentum
1043 530 1235 582 passionis
1264 529 1383 581 ipsius
1409 528 1507 580 figu-

165 593 244 629 rari
277 592 313 629 in
345 589 701 643 praedicationibus
734 596 980 642 oportuerat,
1015 595 1234 640 quantoque
1260 584 1505 633 incredibile,

165 656 271 687 tanto
311 650 432 700 magis
470 647 690 687 scandalum
704 648 746 700 4)
779 648 956 694 futurum,
995 647 1027 684 si
1065 644 1165 684 nude
1198 643 1506 697 praedicaretur,

166 713 383 758 quantoque
410 706 672 757 magnificum,
707 712 814 744 tanto
841 706 963 757 magis
990 701 1305 751 obumbrandum,
1337 709 1380 741 ut
1409 700 1507 740 diffi-

166 764 288 802 cultas
315 764 535 803 intcllectus
561 765 724 816 gratiam
751 762 814 803 dei
842 769 1061 816 quaereret.

249 880 355 904 ΙΤΕΜ
381 880 699 906 PATRIAchAE
726 880 992 905 osrl-:NDUNT
1017 879 1220 905 mennam
1246 877 1416 904 enucls.

285 934 414 987 ltaque
442 937 478 974 in
506 936 637 987 primis
663 934 792 982 Isaac,
828 947 911 972 cnm
939 947 960 972 a
986 940 1097 986 patre
1123 934 1249 971 hostia
1281 931 1504 980 duceretur,

165 993 383 1044 lignumque
404 994 484 1044 ipse
511 993 584 1030 sibi
610 999 798 1044 portaret,
827 991 971 1029 Christi
998 991 1140 1029 exitum
1166 991 1240 1028 iam
1267 997 1357 1028 tunc
1384 988 1506 1028 deno-

164 1050 289 1095 tabat,
322 1050 360 1086 in
391 1050 582 1088 victimam
611 1049 788 1088 concessi
816 1062 838 1086 a
863 1055 993 1100 patre,
1027 1048 1169 1098 lignum
1196 1046 1387 1098 passionis
1412 1059 1505 1085 suae

162 1107 383 1145 baiulantiS.
452 1107 590 1159 Ioseph
618 1113 658 1146 et
684 1107 764 1158 ipse
793 1105 985 1144 Christum
1013 1105 1192 1156 figuravit
1215 1103 1277 1143 vel
1303 1103 1378 1142 hoc
1405 1103 1504 1151 solo,

162 1177 211 1203 ne
245 1178 395 1203 cursum
434 1164 616 1203 demorer
652 1165 754 1216 ipse,
795 1162 897 1216 quod
935 1162 1246 1216 persecutionem
1273 1174 1294 1200 a
1321 1161 1505 1201 fratribus

161 1235 296 1273 passus
322 1229 398 1269 est,
432 1230 472 1261 et
501 1221 741 1276 venundatus
766 1229 826 1261 est
850 1222 888 1260 in
914 1220 1135 1274 Aegyptum
1162 1219 1210 1258 ob
1238 1217 1302 1258 dei
1327 1220 1503 1271 gratiam,

164 1281 264 1318 sicut
283 1287 323 1318 et
339 1279 511 1319 Christus
531 1281 578 1319 ab
594 1279 728 1327 Israel,
750 1293 772 1319 a
792 1279 977 1318 fratribus
995 1277 1249 1324 venundatus,
1271 1290 1294 1316 a
1307 1276 1402 1316 Iuda
1417 1290 1502 1316 cum

163 1337 341 1375 traditur.
381 1337 480 1376 Nam
507 1345 548 1377 et
566 1337 812 1377 benedicitur
831 1351 854 1376 a
874 1345 984 1390 patre
1011 1338 1048 1375 in
1074 1336 1171 1375 baec
1196 1335 1322 1374 verba>
1342 1334 1502 1387 Ioseph:

164 1396 262 1432 tauri
278 1394 400 1433 decor
414 1397 508 1442 eius,
537 1409 682 1434 cornua
703 1397 901 1434 unicornis
917 1408 1062 1434 cornua
1077 1395 1172 1441 eius,
1195 1395 1234 1432 in
1255 1394 1312 1432 eis
1326 1394 1503 1432 nationes

161 1452 362 1489 ventilabit
376 1454 524 1502 pariter
538 1452 586 1490 ad
601 1466 782 1491 summum
797 1466 916 1504 usque
932 1461 1076 1492 terrae.
1093 1453 1130 1501 ⁵)
1169 1451 1258 1490 Non
1279 1451 1410 1503 utique
1423 1449 1504 1490 rhi-

163 1520 330 1544 noceros
357 1508 622 1546 destinabatur
646 1511 844 1547 unicornis
869 1511 929 1547 vel
958 1511 1194 1548 minotaurus
1219 1509 1406 1555 bicornis,
1433 1507 1504 1547 sed

165 1562 338 1601 Christus
359 1565 397 1601 in
416 1565 483 1603 illo
504 1565 807 1616 significabatur,
837 1573 966 1604 taurus
988 1567 1037 1604 ob
1058 1573 1257 1617 utramque
1281 1565 1503 1618 dispositio-

162 1634 262 1667 nem,
296 1621 380 1662 aliis
400 1622 517 1669 ferus,
545 1629 586 1660 ut
605 1622 735 1670 iudex,
763 1623 848 1661 aliis
869 1630 1101 1669 mansuetus,
1129 1629 1170 1661 ut
1190 1623 1372 1669 salvator,
1395 1623 1502 1661 cuius

163 1691 308 1716 cornua
334 1685 465 1717 essent
491 1679 618 1718 crucis
638 1681 853 1718 aestimata.
868 1680 907 1730 6)
945 1680 1042 1733 Nam
1065 1687 1105 1718 et
1125 1681 1163 1717 in
1182 1686 1360 1718 antemna
1381 1680 1502 1728 navis,

162 1748 259 1786 quae
287 1737 414 1774 crucis
440 1749 528 1788 pars
555 1743 626 1783 est,
654 1750 800 1775 cornua
812 1738 852 1788 ⁷)
880 1738 1145 1776 extremitates
1171 1736 1281 1775 huius
1299 1743 1501 1784 vocantur,

159 1794 358 1832 unicornis
384 1801 510 1832 autem
536 1793 663 1833 media
689 1795 818 1847 stipite
833 1795 872 1845 ⁸)
898 1795 1020 1846 palus.
1060 1794 1142 1833 Hac
1169 1793 1335 1846 denique
1361 1795 1502 1834 virtute

162 1851 288 1889 crucis
315 1858 355 1889 et
381 1851 454 1889 hoc
480 1865 588 1890 more
616 1859 799 1891 cornutus
831 1853 1029 1891 universas
1055 1859 1192 1904 gentes
1219 1858 1259 1891 et
1283 1864 1383 1891 nunc
1408 1864 1503 1892 ven-

158 1908 246 1945 tilat
270 1921 341 1960 per
366 1908 498 1956 fidem,
537 1910 717 1949 auferens
742 1923 765 1948 a
791 1917 897 1949 terra
921 1911 960 1948 in
987 1910 1156 1957 coelum,
1195 1916 1236 1948 et
1260 1916 1352 1959 tunc
1376 1910 1502 1948 venti-

161 1963 254 2002 labit
279 1979 350 2017 per
374 1965 570 2014 iudicium,
598 1966 786 2006 deiiciens
813 1967 860 2006 de
888 1967 1000 2006 coelo
1026 1968 1065 2006 in
1090 1974 1248 2006 terram.
1292 1966 1399 2006 Idem
1425 1968 1502 2006 erit

159 2029 200 2059 et
224 2022 315 2060 alibi
342 2031 471 2062 taurus
497 2024 598 2077 apud
625 2024 786 2064 eandem
813 2026 1057 2078 scripturam.
1098 2024 1191 2064 Cum
1207 2023 1325 2063 Iacob
1341 2023 1500 2064 Simeon

160 2085 199 2116 et
224 2077 318 2119 Levi
351 2083 568 2133 exporrigit
598 2082 929 2130 benedictionem,
963 2082 1012 2122 de
1044 2082 1182 2122 scribis
1213 2089 1254 2120 et
1283 2082 1498 2134 pharisaeis

157 2136 383 2188 prophetat,
418 2152 467 2177 ex
497 2140 572 2178 illis
605 2141 704 2178 enim
738 2139 943 2180 deducitur
974 2153 1112 2180 census
1143 2140 1309 2179 illorum.
1372 2138 1497 2178 Inter-

157 2201 332 2243 pretatur
363 2197 461 2234 enim
494 2198 722 2249 spiritaliter
746 2196 816 2237 sic.
879 2197 1037 2237 Simeon
1062 2205 1103 2237 et
1126 2197 1222 2236 Levi
1247 2197 1499 2250 perfecerunt

158 2251 394 2307 iniquitatem
422 2267 471 2292 ex
496 2267 565 2293 sua
589 2262 717 2303 secta,
751 2269 825 2308 qua
855 2256 1008 2296 scilicet
1033 2255 1224 2295 Christum
1249 2262 1337 2294 sunt
1360 2266 1494 2307 perse-

250 2377 283 2418 1)
303 2379 357 2410 Ps.
374 2382 428 2421 69,
442 2382 496 2412 22.
597 2380 634 2422 2)
654 2384 710 2416 Ps.
724 2386 778 2425 22,
795 2387 847 2417 19.
933 2386 970 2426 3)
989 2385 1113 2417 Matth.
1128 2385 1183 2425 27,
1197 2385 1251 2415 35.
1325 2383 1362 2422 4)
1383 2384 1492 2414 1cor.

157 2424 188 2461 1,
205 2423 258 2453 23.
332 2423 368 2467 5)
383 2426 485 2457 Dent.
502 2429 556 2469 33,
572 2429 625 2460 17.
698 2431 734 2471 6)
756 2431 812 2462 Sic
832 2431 907 2463 cod.
921 2432 1039 2471 Fuld.;
1060 2432 1169 2464 Rhen.
1190 2432 1335 2461 essent
1359 2428 1492 2460 aesti-

111 2495 121 2505 ,
154 2470 285 2508 mata;
313 2471 436 2511 Rigalt.
461 2477 606 2506 essent
632 2477 776 2507 crucis
803 2477 974 2509 extima.
1069 2475 1179 2520 7)1ta
1200 2475 1275 2507 cod.
1295 2474 1492 2507 Wouweii.

154 2514 261 2545 Rhen.
282 2515 359 2548 hoc
384 2520 570 2551 extrem.
618 2521 681 2553 Ed.
705 2522 808 2553 Fran.
832 2523 911 2554 hoc
938 2524 1046 2556 extr.
1073 2523 1200 2554 huius
1226 2529 1389 2552 cornua
1414 2529 1489 2551 vo-

156 2563 317 2592 cantur.
412 2562 449 2606 8)
467 2565 522 2596 Sic
537 2565 645 2599 Rhen.
659 2569 693 2598 et
707 2569 930 2600 cod.Divion.
946 2570 1026 2601 eod.
1042 2569 1144 2602 Fuld.
1163 2568 1300 2600 medio
1324 2566 1489 2606 stipata

163 2605 288 2643 palus.
337 2607 564 2651 Parmetffig.
589 2613 723 2645 media
748 2616 917 2655 stipitis
943 2617 1080 2654 palus.
