1566 2808
149 209 254 259 136
402 211 527 242 ADV.
567 212 929 243 MARCIONEM
964 213 1143 244 LIBER
1174 214 1231 246 111.

151 304 271 355 patris
299 310 493 341 occurret.
545 302 661 341 Filius
692 317 798 342 meus
824 317 865 342 es
890 312 943 352 tu,
971 318 1046 356 ego
1074 305 1400 356 hodiegeneravi
1427 313 1478 346 te.

153 360 306 398 Postula
347 359 394 398 de
428 374 508 406 mc,
545 367 585 398 et
615 360 714 399 dabo
742 361 810 399 tibi
837 369 973 412 gentes
999 363 1284 401 'haereditatem
1312 370 1414 402 tuam
1441 371 1482 403 et

152 418 437 469 possessionem
464 425 564 455 tuam
595 419 779 456 terminos
811 417 939 458 terrile
955 421 1006 467 1).
1068 419 1154 458 Nee
1179 421 1327 472 poteris
1347 422 1480 473 ,magis

152 474 276 513 David
309 474 425 512 lilium
458 476 539 513 eius
570 475 768 517 vindicare
803 480 927 527 quam
946 477 1175 524 Christum„
1199 485 1265 516 aut
1296 479 1481 517 terminos

153 540 282 571 terrae
309 531 431 571 David
458 534 584 584 potius
612 534 835 584 promissos,
863 535 926 586 qui
953 535 1054 572 intra
1078 536 1229 573 unicam
1250 534 1482 574 ludaeorum

154 598 310 641 gentem
336 591 524 640 regnavit,
553 604 662 642 quam
679 590 845 638 Christo,
874 593 935 643 qui
962 598 1083 629 totum
1110 593 1184 630 iam
1211 592 1343 631 orbem
1365 606 1483 632 evan-

154 649 246 699 gelii
280 649 337 685 sui
370 647 444 686 fide
478 648 593 699 cepit.
657 647 723 687 Sic.
756 656 796 687 et
827 662 897 701 per
921 649 1094 687 Esaiam:
1128 661 1224 688 ecce
1251 649 1340 688 dedi
1371 656 1410 688 te
1443 651 1483 688 in

154 705 445 756 dispositionem
479 707 652 756 generis,
681 707 719 743 in
751 706 875 745 lucem
908 707 1122 754 nationum,
1161 708 1314 759 aperire
1348 707 1483 747 oculos

157 775 384 808 caecorum,
411 763 542 814 utique
570 764 792 810 errantium,
821 765 1026 802 exsolvere
1054 763 1100 802 de
1126 765 1289 803 vinculis
1313 766 1482 811 vinctos,

154 815 191 858 id
220 827 279 858 est
303 819 350 858 de
378 819 530 858 delictis
557 820 738 867 liberare,
766 827 806 858 et
831 820 878 859 de
906 822 1005 859 cella
1024 823 1215 869 carceris,
1240 820 1282 860 id
1307 829 1367 860 est
1381 835 1484 860 mor-

155 878 223 927 tis,
257 877 438 915 sedentes
463 878 501 915 in
535 878 725 924 tenebris,
759 879 1002 929 ignorantiae
1035 879 1188 917 scilicet
1206 881 1259 928 2).
1312 878 1431 928 Quae-
1451 882 1484 918 si

155 948 227 987 per
241 935 431 973 Christum
447 937 641 982 eveniunt,
669 949 746 973 non
772 937 810 973 in
836 937 948 974 alium
976 936 1344 987 eruntprophetata,
1373 935 1483 989 quam

155 1006 227 1044 per
264 1006 374 1044 quem
413 994 604 1030 eveniunt.
674 993 769 1033 Item
808 993 919 1031 alibi:
969 1007 1064 1032 ecce
1097 995 1360 1032 ¹testimonium
1398 1007 1484 1033 eum

156 1050 375 1088 nationibus
419 1051 548 1101 posui,
606 1051 819 1102 principem
864 1058 904 1089 et
947 1052 1199 1105 imperantem
1244 1052 1483 1099 nationibu53

156 1108 348 1154 nationes,
377 1120 474 1158 quae
502 1114 540 1145 te
568 1121 643 1145 non
670 1109 807 1154 sciunt,
836 1108 1069 1147 invocabunt
1095 1116 1146 1156 te,
1174 1116 1214 1147 et
1237 1110 1368 1161 populi
1392 1122 1485 1147 con-

157 1165 323 1220 fugient
339 1163 387 1202 ad
420 1172 472 1202 te.
540 1164 626 1203 Nec
661 1166 761 1203 enim
792 1165 890 1203 haec
924 1167 961 1203 in
994 1165 1116 1207 David
1149 1166 1484 1218 inteipretaberis,

158 1223 247 1274 quia
273 1222 490 1273 praemisit:
531 1229 570 1260 et
596 1221 793 1274 disponam
819 1223 929 1261 vobis
956 1219 1013 1261 dis
1029 1224 1246 1262 ›osnionein
1273 1227 1484 1271 aeternam,

157 1280 342 1330 religiosa
375 1287 415 1318 et
447 1278 575 1318 lidelia
607 1279 731 1318 Da’xid
744 1281 797 1330 3).
859 1237 1118 1332 Atquinlliinc
1144 1282 1265 1332 inagis
1293 1281 1485 1321 Chiistum

158 1338 380 1387 intelligere
413 1336 574 1375 debebis
607 1350 658 1376 ex
689 1337 812 1377 David
839 1337 1061 1405 deputatum
1089 1340 1234 1377 carnali
1263 1352 1408 1389 genere
1435 1339 1485 1378 ob

157 1393 306 1433 Mariae
343 1395 502 1444 virginis
541 1408 710 1433 censum.
771 1395 830 1433 De
867 1396 942 1434 hoc
981 1409 1079 1434 enim
1118 1398 1306 1448 promisso
1338 1398 1487 1435 iuratur

160 1453 198 1490 in
223 1451 370 1503 psalmo
403 1451 451 1489 ad
477 1451 619 1490 David:
655 1465 703 1490 ex
728 1453 855 1490 fructu
880 1454 1026 1490 ventris
1054 1453 1105 1491 tui
1133 1453 1338 1492 collocabo
1371 1465 1487 1506 super

160 1509 339 1547 thronum
372 1515 487 1548 tuum.
551 1509 643 1556 Quis
674 1511 746 1548 iste
779 1517 917 1548 venter
947 1512 1031 1548 est?
1062 1511 1179 1562 ipsius
1211 1510 1361 1550 David?
1402 1510 1487 1550 Uti-

161 1579 233 1618 que
278 1579 373 1613 non,
418 1579 542 1618 neque
581 1568 681 1605 enim
725 1568 917 1618 pariturus
955 1575 1060 1606 esset
1096 1567 1232 1606 David.
1295 1567 1375 1607 Sed
1413 1581 1485 1608 nec
1537 1605 1545 1610 ,

161 1624 294 1662 uxoris
320 1624 421 1672 eius3
461 1637 535 1662 non
569 1625 669 1663 enim
702 1623 880 1663 dixisset:
914 1638 963 1663 ex
987 1626 1115 1664 fructu
1140 1628 1284 1667 ventris
1315 1627 1390 1673 tui,
1417 1625 1487 1665 sed

160 1682 307 1733 potius:
347 1694 397 1720 ex
433 1682 561 1719 fructu
591 1683 737 1721 ventris
775 1683 906 1720 uxoris
938 1689 1039 1720 tuae.
1114 1682 1237 1734 Ipsius
1267 1690 1394 1722 autem
1429 1682 1486 1724 di-

162 1737 287 1777 cendo
312 1738 499 1785 ventrem,
527 1747 715 1791 superest,
742 1746 784 1777 ut
809 1740 973 1791 aliquem
1000 1739 1047 1778 de
1075 1753 1223 1795 genere
1248 1741 1330 1780 eius
1356 1747 1487 1780 osten-

161 1794 276 1842 derit,
305 1796 411 1834 cuius
435 1798 580 1834 ventris
606 1798 755 1835 futurus
781 1804 885 1835 esset
910 1798 1056 1836 fructus
1083 1811 1177 1837 earo
1204 1797 1360 1846 Christi,
1388 1811 1485 1851 quae

162 1866 212 1891 ex
236 1860 348 1891 utero
379 1853 528 1892 Mariae
559 1855 701 1893 floruit.
752 1853 923 1906 Ideoque
956 1862 996 1893 et
1028 1856 1192 1895 fructum
1224 1856 1370 1895 ventris
1401 1863 1486 1894 tan-

161 1917 239 1948 tum
266 1911 487 1958 nominavit,
514 1918 556 1949 ut
579 1913 737 1964 proprie
761 1913 920 1959 ventris,
949 1913 1055 1964 quasi
1081 1914 1200 1951 solius
1223 1913 1382 1959 ventris,
1409 1926 1486 1951 non

162 1967 278 2005 etiam
302 1968 395 2015 viri3
430 1975 470 2007 et
494 1969 614 2020 ipsum
639 1977 812 2008 ventrem
839 1969 888 2008 ad
914 1969 1035 2019 David
1069 1970 1242 2023 redegit,
1268 1970 1317 2010 ad
1342 1971 1487 2023 princi·

162 2037 248 2077 pem
281 2023 436 2075 generis
468 2033 508 2064 et
538 2027 704 2065 familiae
737 2035 905 2079 patrem3
945 2041 1030 2065 nam
1064 2030 1151 2080 quia
1181 2029 1266 2067 viro
1298 2027 1486 2079 deputare

162 2095 239 2120 non
267 2088 421 2133 poterat
444 2083 624 2133 virginis,
652 2097 737 2122 eum
762 2092 935 2123 ventrem
962 2086 1063 2137 patri
1089 2085 1300 2137 deputavit.
1352 2085 1485 2137 ltaque

161 2141 201 2177 in
240 2139 394 2178 Christo
439 2153 536 2178 nova
574 2140 775 2193 dispositio
813 2142 1172 2181 inveniturhodie.
1252 2141 1359 2181 Haec
1397 2142 1485 2189 erit,

164 2210 274 2249 quam
300 2204 390 2235 tunc
429 2204 586 2236 creator
609 2199 885 2250 pollicebatur,
923 2199 1106 2250 religiosa
1145 2207 1184 2238 et
1210 2198 1339 2238 fidelia
1363 2198 1487 2238 David

164 2254 374 2306 appellans,
402 2251 499 2306 q'uae
525 2262 636 2295 erant
662 2256 823 2303 Christi,
851 2257 939 2308 quia
964 2256 1138 2296 Christus
1166 2271 1216 2296 ex
1240 2256 1382 2304 David,
1409 2258 1486 2296 imo

163 2313 247 2364 ipsa
283 2313 361 2351 erit
386 2325 479 2351 caro
506 2314 588 2351 eius
613 2313 795 2364 religiosa
836 2321 876 2352 et
901 2313 1031 2352 fidelia
1056 2314 1199 2363 David,
1239 2315 1313 2354 iam
1332 2313 1334 2315 ’
1351 2321 1487 2354 sancta

164 2370 355 2421 religione
399 2376 440 2409 et
474 2369 599 2409 fidelis
643 2384 692 2409 ex
732 2372 1034 2411 resurreetione.
1108 2372 1206 2411 Nam
1250 2379 1291 2410 et
1330 2371 1486 2410 Nathan

164 2428 357 2479 propheta
387 2428 425 2466 in
450 2429 575 2480 prima
600 2427 827 2468 Basiliarum
860 2429 1143 2482 professionem
1168 2429 1217 2469 ad
1242 2427 1366 2467 David
1390 2429 1487 2467 facit

168 2611 234 2641 132
260 2564 303 2641 a
324 2567 378 2599 Ps.
393 2568 423 2610 2,
439 2569 470 2600 7.
567 2568 605 2608 2)
629 2569 692 2600 les.
707 2570 762 2610 42,
778 2571 797 2599 6
813 2578 861 2608 sq.
958 2569 994 2609 3)
1019 2569 1082 2599 les.
1097 2570 1150 2610 55,
1165 2569 1183 2599 3
1200 2576 1272 2606 sqq.
1371 2564 1408 2607 4)
1432 2567 1485 2599 Ps.

237 2631 245 2651 ‚
308 2633 314 2641 ,
1212 2632 1215 2638 .
