1604 2800
1329 182 1432 219 3³1

105 275 429 327 uastationesque,
461 286 483 313 e
508 273 643 327 quibus
667 273 840 325 singulae
866 274 949 313 eius
978 281 1109 327 partes
1140 275 1431 327 colligerentur,

104 335 222 374 fuisse
247 330 517 373 consulendas.
586 331 750 370 Primum
782 339 907 370 autem
934 345 1121 384 operum
1145 333 1432 372 Tertulliani

105 392 445 438 collectiones,
466 389 606 429 deinde
626 390 913 441 singulorum
934 390 1157 428 librorum
1176 389 1430 438 editiones,

104 457 182 489 tum
218 449 578 495 translationes,
627 446 792 500 denique
835 449 1265 500 interpretationes
1306 450 1431 487 varias

105 506 290 560 deinceps
314 506 633 546 enumerabimus.

318 622 665 648 cohhsscvloluts
696 622 874 647 omnen
898 621 1217 649 TERTULLIAM.

218 678 368 719 Primus
386 679 613 718 Tertulliani
640 691 771 730 opera,
799 679 830 716 si
851 691 871 716 a
885 678 1047 716 Venetis
1066 684 1107 716 et
1125 676 1298 717 Parisina
1322 676 1432 716 editt.

101 736 355 790 Apologetiei
380 735 619 783 discesseris,
646 736 808 786 collegit
832 735 1026 787 ediditque
1053 734 1199 773 Remus
1218 735 1432 782 Rucxanus,

106 793 447 840 Seletstadiensis,
486 793 664 832 Basileae
702 792 803 844 apud
841 793 896 831 lo.
929 793 1159 831 Frobenium
1199 797 1325 835 1521.
1364 793 1433 830 sot.

101 851 286 906 Repetita
314 860 376 891 est
404 851 503 890 haec
535 849 655 888 editio
686 849 829 887 ibidem
854 863 889 887 a.
919 853 1042 890 1525.
1079 852 1201 890 1528.
1228 857 1268 887 et
1295 852 1433 894 1539..

28 931 36 934 -
106 911 355 961 continetque
392 915 536 947 tantum
567 907 705 958 viginti
730 905 825 944 duos
851 905 983 944 libros.
1045 905 1250 944 Rhenanus
1274 907 1434 958 primum

104 963 219 1007 codd.
258 965 622 1006 paterniacensi
659 971 699 1002 et
735 963 1083 1014 Hirsaugiensi‚
1127 961 1267 1002 deinde
1307 962 1435 1001 Gor-

101 1021 256 1064 zi'ensi
280 1035 369 1061 usus
394 1030 465 1069 est,
493 1035 539 1060 ac
565 1021 685 1073 probe
711 1021 838 1058 sciens
863 1027 1034 1058 veterum
1059 1021 1288 1071 scriptorum
1315 1032 1435 1071 opera

102 1081 289 1133 religiose
303 1078 507 1119 tractanda
526 1091 624 1125 esse,
646 1085 686 1117 et
698 1082 878 1116 summam
893 1079 931 1115 in
945 1075 1134 1115 mutandis
1148 1077 1324 1116 codicum
1338 1078 1434 1115 scri-

102 1139 226 1193 pturis
250 1136 425 1176 adhibuit
449 1138 679 1181 cautionem,
706 1142 746 1174 et
771 1135 948 1173 eximiam
968 1135 1006 1172 in
1025 1133 1160 1173 iisdem
1181 1133 1435 1174 defendendis

102 1197 307 1249 multisque
342 1195 383 1233 in
420 1195 518 1233 locis
555 1191 790 1232 illustrandis
827 1192 1091 1244 comprobavit
1127 1191 1361 1238 doctrinam,
1393 1199 1435 1230 ut

104 1255 169 1308 qui
205 1255 395 1293 sinceram
426 1265 448 1291 e
481 1251 637 1303 limpido
675 1250 781 1289 fonte
819 1250 973 1288 haurire
1008 1249 1175 1288 voluerit
1209 1250 1436 1288 Tertulliani

103 1313 293 1359 notitiam,
320 1310 454 1363 optimi
479 1309 590 1348 huius
615 1315 656 1347 et
679 1307 842 1346 editoris
861 1315 902 1346 et
918 1308 1142 1358 interpretis
1167 1308 1435 1346 recensionem

103 1370 307 1422 negligere
338 1381 415 1406 non
445 1366 599 1406 debeat.
666 1365 759 1403 Eius
790 1363 952 1403 editioni
979 1371 1133 1403 ceteros
1163 1364 1269 1403 Tert.
1301 1364 1434 1411 libros,

104 1428 281 1479 exceptis
306 1424 454 1464 duobus
478 1423 529 1463 ad
553 1424 742 1469 nationes,
774 1421 923 1460 addidit
947 1421 1004 1460 10.
1032 1419 1247 1467 Gauranos,
1278 1420 1435 1459 Parisiis

107 1488 231 1528 1545.
257 1483 327 1523 rol.
373 1481 556 1521 Accessit
581 1479 832 1519 Sieisunnncs
858 1478 1068 1524 Gmmus,
1100 1479 1164 1529 qui
1189 1477 1325 1516 codice
1351 1477 1438 1516 Bri-

104 1543 263 1582 tannico
294 1553 317 1579 e
349 1539 543 1579 coenobio
572 1537 816 1576 Masburensi
851 1542 1016 1587 accepto
1053 1548 1190 1573 novam
1227 1534 1437 1574 editionem

105 1598 409 1650 curavitaeique
446 1596 643 1635 chisci
679 1595 845 1632 Zm’mm
876 1593 1087 1630 Florentiui
1124 1593 1437 1629 commentarium

104 1658 145 1696 in
161 1655 465 1708 Apologeticum
483 1652 640 1697 adiecit,
665 1650 844 1688 Basileae
869 1647 970 1699 apud
989 1648 1045 1686 Io.
1061 1647 1288 1686 Frobenium
1312 1651 1434 1689 1550.

104 1714 174 1753 fot.
235 1711 343 1750 Haec
367 1709 431 1748 ed.
457 1709 624 1760 repetita
649 1714 710 1745 est
734 1704 827 1744 ibid.
852 1708 974 1746 1562.
996 1705 1062 1743 fol.
1090 1711 1130 1742 et
1154 1704 1310 1742 Parisiis
1334 1703 1436 1756 apud

104 1768 229 1810 Andr.
258 1767 506 1807 Wechelium
543 1767 668 1806 1566.
702 1767 742 1804 8.
769 1762 870 1801 volt.
903 1760 952 1800 11.
1010 1761 1076 1799 His
1107 1763 1222 1799 etiam
1253 1760 1436 1800 adnume-

105 1825 228 1869 randa
252 1823 392 1866 ested.
412 1822 640 1862 Tertulliani
665 1827 705 1859 et
727 1819 891 1859 Arnobii
916 1817 1043 1857 studio
1069 1825 1109 1857 et
1133 1818 1266 1857 labore
1291 1818 1435 1857 men

106 1885 313 1926 hunnum
338 1895 388 1920 nr.
413 1894 463 1920 na
486 1880 636 1926 Runa,
668 1877 825 1916 Parisiis
853 1879 975 1918 1580.
1002 1876 1089 1922 sol„
1122 1889 1344 1928 quamquam
1369 1876 1435 1914 ille

106 1941 301 1996 prioribus
348 1937 649 1979 emendatiorem
698 1934 906 1987 editionem
949 1946 991 1972 se
1034 1933 1251 1972 exhibuisse
1293 1933 1436 1971 frustra

107 1997 324 2040 contendit.
772 2028 794 2035 -
1379 2002 1385 2007 ·

226 2055 330 2103 Quos
371 2052 543 2092 editores
584 2051 764 2101 antiquae
804 2048 898 2088 fidei
935 2056 976 2087 et
1010 2046 1239 2087 eruditionis
1281 2048 1438 2098 excepit

107 2114 267 2154 lacones
291 2111 481 2150 Pmmus
505 2108 733 2159 Brugensis,
765 2107 828 2158 qui
860 2105 1011 2158 quidem
1040 2106 1167 2144 multis
1197 2106 1235 2142 in
1265 2105 1362 2142 locis
1386 2103 1437 2141 ad

109 2169 268 2211 codices
285 2168 545 2207 Vaticanus
569 2164 810 2217 provocavit,
831 2163 900 2202 sed
920 2176 996 2201 non
1008 2175 1153 2214 paucos
1167 2161 1275 2198 locos
1290 2167 1434 2198 temere

58 2269 72 2281 ,
108 2228 266 2267 mutavit
285 2233 326 2265 et
344 2224 529 2275 corrupit,
555 2229 669 2274 atque
696 2221 980 2259 commentariis
1005 2232 1135 2271 parum
1160 2217 1314 2255 utilibus
1338 2218 1435 2254 scri-

108 2293 259 2339 ptorem
279 2297 355 2322 non
374 2282 496 2333 magis
516 2280 656 2325 obruit,
684 2291 792 2330 quam
806 2276 968 2316 anns
987 2276 1175 2321 Lunum,
1200 2274 1433 2319 Menenius,

108 2342 331 2388 Ricmms,
361 2340 575 2384 Zermmus,
614 2348 772 2388 quorum
810 2334 1078 2372 adnotationes
1115 2338 1155 2370 et
1185 2332 1433 2370 coniecturae

109 2401 211 2439 illius
230 2398 395 2438 editioni
422 2394 562 2434 deinde
587 2394 717 2432 illatae
743 2398 843 2430 sunt.
903 2391 1054 2443 Operae
1083 2389 1246 2441 pretinm
1276 2389 1435 2426 fecisset

85 2458 226 2497 ‘etiam
257 2456 480 2494 Fumscus
512 2452 653 2497 lomus,
690 2451 798 2488 cuius
835 2449 1109 2499 castigationes
1134 2452 1174 2484 et
1197 2451 1311 2483 notae
1342 2443 1433 2482 inde

110 2514 159 2554 ab
184 2527 222 2553 a.
253 2516 376 2555 1583.
402 2510 645 2549 Pamelianae
671 2505 833 2545 editioni
858 2504 1061 2544 adiunctae
1093 2509 1191 2549 sunt,
1223 2502 1294 2539 nisi
1326 2502 1432 2551 cupi-

111 2570 257 2611 ditatie
272 2582 415 2622 graeca
440 2566 594 2607 dicendi
620 2562 896 2603 consuetudine
917 2561 1188 2614 Septimianam
1214 2555 1432 2610 explicandi
