1604 2800
638 185 710 216 DE
741 185 942 217 ΛΝιΜΑ.
1093 175 1117 199 ⁸
1358 184 1459 222 21³

129 278 312 326 insulsus,
343 284 386 317 et
413 275 665 317 chamaeleon
693 284 770 316 tam
801 277 976 320 inflatus?
1034 275 1152 316 Plane
1176 282 1220 315 ut
1241 276 1379 329 piscis,
1410 292 1460 318 ne

130 337 261 389 aliqua
289 335 508 389 sepulturae
540 333 711 374 conditio
743 341 1023 386 reputcsceret,
1038 335 1077 382 1)
1109 347 1233 373 assum
1259 346 1302 373 se
1326 335 1460 374 maluit

129 395 170 433 in
193 393 358 433 Aetnam
393 391 699 445 praecipitando.
770 391 898 444 Atque
934 390 1074 430 exinde
1105 392 1143 430 in
1173 391 1241 429 illo
1273 391 1380 431 finita
1410 394 1461 431 sit

128 446 478 503 μετησωμᾶτωσις,
501 457 544 488 ut
567 451 714 488 aestiva
738 462 862 488 coena
881 456 968 501 post
988 462 1125 487 assum.
1162 448 1328 488 Perinde
1342 450 1461 501 igitur

129 515 171 548 et
188 508 252 547 bie
270 506 494 547 dimicemus
518 520 679 546 necesse
705 514 767 546 est
789 505 973 545 adversus
997 507 1320 558 portentosiorem
1346 519 1461 558 prae-

129 566 395 617 sumptionem,
419 565 563 603 bestias
588 577 637 603 ex
661 564 876 602 hominibus
900 571 941 603 et
963 564 1139 602 homiues
1162 576 1213 602 ex
1235 563 1371 603 bestiis
1395 576 1460 603 re-

112 622 360 662 volventem.
426 620 606 660 Viderint
634 622 797 668 thamni,
829 621 964 660 licebit
988 628 1029 660 et
1052 621 1208 673 lapathi,
1223 622 1262 668 2)
1295 634 1344 660 ne
1374 621 1461 673 plus

129 678 260 719 ridere
292 692 402 732 quam
434 678 579 718 docere
605 691 800 730 cogamur.
867 678 1037 717 Dicimus
1066 679 1229 717 animam
1260 677 1459 717 humanam

128 737 234 776 nullo
264 735 379 775 modo
411 737 448 774 in
479 736 626 775 bestias
655 749 769 787 posse
806 736 1028 782 transferri,
1065 736 1214 774 etiamsi
1244 734 1460 786 vsecundum

128 794 380 846 philosophos
416 806 466 831 ex
501 793 748 831 clementitiis
790 792 1013 830 substantiis
1050 799 1290 833 censeretur.
1368 791 1461 830 Sive

128 851 230 889 enim
253 851 354 902 ignis
378 851 516 895 anima,
543 850 623 887 sive
648 862 759 900 aqua,
785 849 865 887 sive
890 849 1057 899 sanguis,
1083 849 1164 887 sive
1184 849 1352 900 spiritus,
1378 850 1460 887 sive

128 908 317 954 aen-sive
343 907 482 953 lumen,
508 906 731 957 recogitare
757 904 940 944 debemus
966 906 1162 944 contraria
1188 918 1363 958 quaeque
1381 907 1461 944 sin·

127 964 228 1016 gulis
251 963 456 1017 speciebus
488 964 685 1002 animaliaz
717 964 798 1014 igni
823 961 975 1014 quidem
1002 975 1067 1008 ea,
1100 975 1198 1014 quae
1222 963 1363 1013 rigent,
1391 977 1461 1002 co·

128 1021 274 1068 lubi-os,
300 1021 513 1067 stelliones,
541 1019 821 1066 salamandras3
849 1021 963 1057 etiam
981 1031 1231 1070 quaecunque
1245 1018 1295 1058 de
1307 1020 1459 1058 aemulo

127 1077 394 1132 producentur
417 1077 629 1122 elemento,
662 1076 710 1115 de
735 1089 835 1127 aqua
859 1077 1030 1122 scilicet,
1061 1075 1224 1127 perinde
1248 1078 1459 1122 contraria,

127 1137 260 1187 utique
290 1135 375 1181 illa,
415 1146 511 1186 quae
548 1132 658 1171 arida
689 1140 730 1171 et
760 1131 986 1179 exsuccida,
1024 1131 1188 1184 denique
1219 1133 1459 1172 siccitatibus

128 1191 299 1244 gandent
310 1192 497 1237 locustae,
517 1190 777 1242 papiliunenli‚
799 1189 1130 1236 chamaeleontes;
1157 1191 1247 1228 item
1262 1191 1459 1229 contraria

129 1250 318 1300 sanguini,
346 1261 443 1300 quae
469 1254 604 1286 carent
627 1260 795 1299 purpura
820 1248 915 1293 eius,
942 1246 1137 1293 cochleas,
1162 1247 1393 1286 vermiculos
1418 1254 1460 1286 et

130 1308 315 1346 maiorem
357 1306 516 1357 piscium
559 1317 733 1351 censum,
778 1305 928 1355 spiritui
963 1317 1057 1342 vero
1094 1305 1315 1351 contraria,
1359 1317 1458 1356 quae

128 1365 279 1416 spirare
298 1376 375 1402 non
394 1362 582 1408 videntur,
603 1363 776 1401 carentia
794 1361 1033 1413 pulmonibus
1052 1368 1094 1399 et
1111 1362 1277 1407 arteriis,
1300 1362 1457 1408 culices,

128 1421 325 1467 formicas,
351 1421 475 1459 tineas
499 1427 540 1458 et
558 1419 633 1458 hoc
652 1432 773 1470 genus
795 1418 1011 1465 minutalia3
1036 1419 1128 1456 item
1147 1419 1230 1456 aeri
1250 1419 1458 1464 contraria,

129 1490 227 1531 quae
256 1490 410 1529 semper
440 1476 729 1515 subterraneum
756 1483 798 1514 et
820 1475 1104 1527 subaquaneum
1128 1476 1296 1513 viventia
1321 1482 1459 1514 carent

128 1536 266 1575 haustu
295 1536 396 1582 eius3
429 1536 518 1584 (res
547 1535 668 1584 magis
700 1546 810 1585 quam
842 1533 996 1571 nomina
1020 1533 1215 1579 noveris;)
1248 1534 1339 1571 item
1365 1546 1459 1572 con-

128 1593 251 1632 traria
269 1592 413 1646 lumini,
439 1604 536 1644 quae
563 1604 682 1630 caeca
707 1591 747 1628 in
771 1597 907 1636 totum,
932 1590 994 1629 vel
1013 1590 1107 1628 solis
1127 1589 1297 1628 tenebris
1315 1590 1459 1629 habent

129 1650 285 1697 oculos,
316 1650 459 1701 talpas,
488 1649 785 1699 vesperugines,
816 1654 991 1685 noctuas.
1058 1646 1165 1684 Haec
1190 1653 1231 1684 ut
1261 1659 1312 1685 ex
1341 1659 1458 1698 appa-

129 1706 303 1746 rentibus
334 1713 375 1743 et
402 1705 614 1742 manifestis
644 1704 864 1741 substantiis
895 1701 1070 1742 doceam.
1143 1702 1323 1741 Ceterum
1354 1705 1387 1740 si
1418 1709 1460 1741 et

129 1770 282 1802 atomos
305 1762 463 1812 Epicuri
493 1768 686 1805 tenerem,
718 1766 760 1796 et
789 1771 967 1797 numeros
996 1758 1241 1809 Pythagorae
1272 1757 1455 1803 viderem,

132 1826 173 1858 et
195 1817 305 1857 ideas
332 1817 502 1855 Platonis
528 1815 786 1860 offenderem,
818 1822 859 1853 et
882 1815 1119 1853 entelechias
1142 1814 1365 1854 Aristotelis
1390 1829 1458 1854 oc-

133 1887 327 1928 cuparem,
348 1874 559 1912 invenirem
573 1873 653 1910 fors
671 1872 730 1910 bis
750 1884 900 1923 quoque
919 1871 1123 1923 speciebus
1141 1873 1332 1919 animalia,
1359 1886 1456 1924 quae

133 1933 286 1972 nomine
313 1931 602 1970 contrarietatis
628 1941 872 1980 opponerem.
921 1927 1123 1967 Contendo
1149 1930 1263 1975 enim,
1290 1943 1340 1968 ex
1365 1943 1458 1981 qua·

133 2001 283 2042 cunque
313 1988 525 2028 substantia
555 1999 670 2038 supra
705 1985 810 2024 dicta
847 1986 1084 2024 constitisset
1118 1985 1282 2025 humana
1317 1988 1455 2034 anima,

112 2060 209 2086 ·uon
246 2046 416 2098 potuisse
453 2057 535 2082 eam
567 2044 605 2081 in
635 2049 711 2081 tam
749 2044 944 2082 contraria
979 2044 1183 2095 unicuique
1220 2044 1455 2083 substantiae

131 2104 312 2142 animalia
341 2102 544 2141 reformari
575 2106 617 2138 et
646 2112 799 2138 censum
830 2101 888 2138 eis
918 2099 967 2138 de
992 2113 1061 2139 sna
1085 2101 1336 2140 translatione
1362 2114 1455 2140 eon-

132 2161 258 2206 ferre,
289 2173 312 2198 a
338 2159 472 2210 quibus
497 2155 651 2196 excludi
675 2170 722 2195 ac
746 2158 875 2208 respui
900 2158 1021 2208 magis
1045 2157 1220 2204 haberet,
1253 2171 1362 2209 quam
1387 2157 1457 2196 ad-

134 2217 232 2255 mitti
256 2223 298 2254 et
321 2216 407 2266 capi
433 2215 584 2252 nomine
609 2213 719 2251 huius
742 2215 888 2265 primae
913 2216 1212 2260 contrarietatis,
1245 2226 1342 2264 quae
1366 2214 1456 2252 sub·

135 2273 289 2312 stantivi
319 2279 438 2310 status
469 2270 728 2309 diversitatem
760 2271 978 2318 committit,
1011 2278 1100 2310 tunc
1126 2277 1166 2309 et
1189 2270 1361 2323 reliquae
1384 2283 1456 2322 per

231 2434 267 2472 1)
281 2433 433 2465 Wouw.:
457 2441 507 2463 ne
530 2431 673 2470 aliqua
693 2431 918 2470 sepultura
941 2430 1182 2463 conditiore
1207 2432 1455 2469 patesceret

137 2480 277 2520 (Rigalt.
304 2477 645 2519 putesceret).—
670 2478 720 2507 Cf.
739 2476 839 2516 Diog.
859 2478 974 2508 Lnert.
995 2479 1027 2515 8,
1047 2479 1091 2507 6¹1
1104 2486 1176 2514 sqq.
1270 2477 1307 2513 2)
1326 2475 1400 2506 Gel.
1420 2478 1455 2506 et

136 2526 211 2558 eod.
226 2527 347 2565 Agob.:
370 2525 499 2564 lapti3
525 2524 674 2564 §votnm
689 2523 740 2554 ed.
752 2522 853 2554 Fran.
869 2525 903 2554 et
916 2523 1036 2555 Seml.:
1054 2521 1237 2561 lupatb33
1257 2521 1331 2562 Rig.
1345 2521 1454 2552 lice·

135 2571 197 2603 bit
221 2575 261 2603 et
287 2571 449 2610 raptim.
