1566 2808
102 161 227 216 ,148
376 153 902 195 Anv.'MARC1oNEM
937 160 1114 192 12113ER
1146 159 1199 191 iv.

125 257 301 308 pulorum
329 262 509 307 suspecta
535 254 620 293 fieri
646 261 778 306 posset
803 253 851 292 de
878 254 1026 305 gloriae
1054 252 1193 299 studio,
1222 251 1254 290 si
1279 263 1355 288 non
1381 248 1451 288 ad-

126 315 236 352 sistat
268 313 323 351 illi
355 313 567 352 auctoritas
599 314 889 363 magistrorum,
936 313 1011 350 imo
1047 311 1208 356 Christi,
1243 321 1339 361 quae
1371 320 1451 346 ma-

126 373 268 422 gistros
300 368 499 422 apostolos
531 371 637 408 fecit.
700 369 874 421 Denique
907 369 1016 408 nobis
1042 362 1154 407 fidem
1182 381 1231 406 cx
1264 365 1452 418 apostolis

126 429 291 467 Ioannes
330 436 370 467 et
405 428 623 466 Matthaeus
661 428 871 474 insinuant,
911 440 961 466 ex
997 426 1222 478 apostolicis
1248 423 1374 471 Lucas
1413 429 1451 460 et

124 478 288 524 Mareus'
306 478 539 532 instaurant,
572 483 708 523 iisdem
734 485 878 536 regulis
904 486 1054 531 exorsi,
1089 490 1267 535 quantum
1294 479 1342 520 ad
1363 479 1451 522 uni-

127 557 211 581 cum
238 543 349 582 deum
382 544 522 582 attinet
559 550 776 581 creatorem
809 550 849 581 et
875 542 1070 580 Christum
1107 542 1209 587 eius,
1248 546 1376 578 natum
1404 550 1452 575 ex

124 602 288 652 virgine,
316 602 618 653 supplementum
645 601 743 651 legis
769 607 808 638 et
832 600 1121 652 prophetarum.
1170 595 1324 642 Viderit
1337 596 1450 641 enim,

126 660 158 696 si
185 660 446 698 narrationum
475 658 677 710 dispositio
703 659 878 705 variavit,
907 656 1110 696 dummodo
1137 655 1185 695 de
1207 652 1334 707 eapite
1362 651 1453 691 fidei

127 717 350 762 conveniat,
397 716 444 755 de
478 730 551 768 quo
585 730 669 754 cum
694 715 895 754 Marcione
929 728 1005 753 non
1039 715 1232 753 convenit.
1307 711 1454 750 Contra

126 773 304 811 Marcion
335 775 538 823 evangelio
572 774 725 812 scilicet
757 787 825 811 suo
859 773 1000 811 nullum
1024 771 1222 810 adscribit·
1239 769 1452 819 auctorem,

127 831 235 882 quasi
267 844 344 868 non
376 831 530 869 licuerit
561 831 616 868 illi
642 831 791 868 titulum
824 844 974 882 quoque
1008 830 1210 880 affingere,
1251 829 1312 882 cui
1344 827 1453 864 nefas

87 932 89 934 ,
127 902 204 926 non
229 888 302 926 fuit
326 889 446 940 ipsum
481 901 620 939 corpus
652 895 843 926 evertere.
905 887 955 926 Et
986 900 1137 939 possem
1165 886 1226 924 hic
1258 886 1332 923 iam
1364 896 1454 935 gra-

128 945 216 984 dum
243 945 384 996 figere,
411 959 487 983 non
513 944 801 996 agnoscendum
829 944 1068 988 contendens
1096 957 1209 996 opus,
1250 941 1351 1002 quod
1377 954 1453 979 non

128 1004 256 1054 erigat
280 1003 468 1049 frontem,
498 1001 597 1054 quod
625 1003 765 1041 nullam
793 1003 1045 1051 constantiam
1074 1002 1284 1054 praeferat,
1313 999 1455 1038 nullam

127 1059 242 1098 fidem
292 1061 537 1112 repromittat
585 1059 633 1098 de
684 1059 923 1112 plenitudine
975 1060 1073 1098 tituli
1123 1066 1164 1098 et
1211 1058 1453 1111 professione

127 1114 258 1156 debita
290 1119 473 1156 auctoris.
536 1116 615 1164 Sed
647 1130 718 1168 per
748 1118 875 1155 omnia
907 1116 1094 1168 congredi
1125 1117 1342 1162 maluimus,
1381 1127 1453 1158 nec
1511 1124 1516 1129 ’

127 1174 431 1221 dissimulamus,
452 1172 554 1227 quod
579 1187 628 1212 ex
654 1181 794 1220 nostro·
813 1174 979 1226 intelligi
1004 1181 1146 1226 potest.
1208 1171 1306 1212 Nam
1334 1185 1382 1211 ex
1408 1172 1455 1223 iis

128 1232 515 1279 commentatorihus,
556 1245 650 1284 quos
682 1232 884 1279 habemus,
924 1231 1069 1273 Lucam
1100 1229 1455 1271 videtur'Marcioh

127 1291 314 1341 elegisse,
343 1303 452 1342 quem
481 1289 679 1329 caederet.
730 1290 852 1328 Porro
879 1289 1006 1329 Lucas
1032 1304 1108 1328 non
1135 1289 1351 1342 apostolus,
1385 1286 1455 1326 sed

127 1349 382 1398 apostolicus,
417 1362 492 1386 non
519 1349 720 1399 magister,
749 1347 818 1387 sed
850 1347 1077 1400 discipulus,
1111 1348 1242 1399 utique
1268 1347 1454 1398 magistro

126 1405 269 1451 minor,
309 1412 416 1443 certe
455 1412 562 1443 tanto
599 1407 813 1456 posterior,
854 1413 995 1457 quanto
1027 1406 1256 1457 posterioris
1288 1403 1454 1456 apostoli

127 1469 318 1508 sectator,
346 1462 454 1500 Pauli
480 1463 562 1500 sine
590 1462 725 1508 dubio,
758 1470 799 1500 ut
830 1464 902 1501 etsi
928 1463 996 1500 sub
1024 1463 1140 1514 ipsius
1166 1461 1275 1500 Pauli
1301 1461 1454 1499 nomine

128 1520 369 1570 evangelium
394 1519 572 1558 Marcion
598 1520 808 1566 intulisset,
842 1533 919 1558 non
945 1519 1140 1559 sufficeret
1164 1518 1212 1557 ad
1235 1518 1351 1558 ‘fidem
1378 1519 1455 1556 sin-

126 1577 312 1627 gularitas
355 1578 596 1615 instrumenti
645 1577 828 1616 destituta
876 1578 1095 1630 patrocinio
1140 1584 1451 1615 antecessorum.

125 1633 363 1686 Exigeretur
394 1636 501 1682 enim.
527 1634 565 1673 id
591 1648 742 1687 quoque
769 1636 1029 1686 evangelium,
1056 1634 1157 1687 quod
1184 1634 1455 1681 Paulus-inve-

125 1693 213 1739 nit,
241 1694 303 1730 cui
340 1692 454 1731 fidem
492 1691 658 1738 dedidit,
700 1694 761 1731 cui
800 1707 888 1731 mox
924 1705 1281 1743 suum-congruere
1307 1692 1453 1743 gestiit,

125 1749 312 1801 siquidem
333 1757 543 1802 propterea
564 1749 872 1801 Hierosolymam
893 1748 1070 1790 ascendit
1095 1749 1144 1789 ad
1158 1748 1455 1802 'cognoscendos

125 1808 325 1858 apostolos
362 1806 721 1854 eticonsultandos,
760 1821 808 1846 ne
846 1808 948 1847 forte
986 1810 1025 1849 in
1061 1821 1222 1847 vacuum
1262 1808 1455 1847 cucurris-

125 1871 186 1902 set
199 1866 250 1911 1),
278 1864 316 1903 id
344 1871 414 1912 est,
443 1878 490 1915 ne
518 1879 594 1903 non
619 1864 828 1904 secundum
854 1866 942 1904 illos
969 1865 1201 1905 credidisset
1226 1872 1266 1904 et
1290 1874 1367 1904 non
1393 1878 1455 1904 se—

127 1920 290 1959 cundum
323 1923 409 1960 illos
447 1923 750 1973 evangelizaret.
818 1922 994 1976 Denique
1031 1931 1073 1962 ut
1109 1937 1194 1963 cum
1231 1923 1455 1962 auctoribus

127 1979 291 2016 contulit
323 1986 362 2017 et
394 1981 576 2018 convenit
608 1979 655 2018 de
683 1981 825 2032 regula.
845 1979 1381 2029 fidei,-·dextrasmiscuere,
1415 1986 1454 2018 et

126 2035 266 2074 exinde
299 2035 425 2074 officia
455 2032 1019 2091 praedicandidistinxerunt²
1050 2046 1094 2077 ut
1106 2039 1176 2088 ΓὶΠί
1201 2040 1248 2076 ‘in
1274 2036 1452 2083 IudanS,

125 2092 264 2132 Paulus
289 2094 328 2146 in
355 2093 518 2132 ludaeos
545 2102 585 2133 et
615 2095 653 2132 in
679 2097 882 2135 nationes.>
938 2096 1061 2147 Igitur
1097 2096 1130 2134 si
1155 2096 1238 2147 ipse
1264 2093 1454 2135 illumina'-

124 2157 188 2189 tor
211 2149 343 2201 Lucae
386 2153 658 2191 auctoritatem
697 2161 986 2206 antecessorum
1024 2160 1064 2193 et
1096 2152 1186 2197 fidei
1224 2146 1454 2205 et-praedi-

127 2209 272 2246 cationi
309 2221 400 2248 suae
439 2210 604 2262 optavit,
644 2217 784 2261 quanto
822 2213 944 2262 magis
981 2224 1065 2250 eam
1092 2204 1452 2263 evangelio,Lucae

126 2266 386 2318 expostulem,
420 2281 518 2319 quae
545 2268 748 2319 evangelio
780 2264 957 2320 'magistri
989 2270 1072 2308 eius
1103 2269 1176 2307 fuit
1206 2269 1454 2310 necessaria?

124 2322 240 2362 Aliud
269 2331 346 2371 est,
380 2326 412 2364 si
437 2338 557 2377 penes
581 2325 822 2364 Marcionem
853 2340 876 2364 a
902 2325 1133 2379 discipulatu
1164 2325 1297 2366 Lucae
1323 2327 1453 2382 coepit

125 2381 328 2434 religionis
355 2378 597 2421 Christianae
631 2391 926 2422 sacramentum.
997 2384 1178 2423 Ceterum
1209 2385 1241 2423 si
1272 2390 1314 2422 et
1344 2390 1451 2422 retro

126 2437 361 2487 decucurrit,
389 2440 522 2479 habuit
543 2441 672 2492 utique
699 2441 959 2481 authenticam
985 2449 1220 2495 paraturam,
1245 2454 1317 2494 per
1341 2454 1451 2494 quam

217 2566 253 2605 1)
283 2567 356 2599 Gal.
380 2570 410 2609 2,
433 2569 462 2598 2.
