1604 2800
151 177 251 213 139
369 177 443 207 DE
480 175 999 208 RESURREcmoNss
1037 177 1269 212 cAnNts.

154 271 330 324 quoniam
357 277 397 308 et
420 270 483 308 hic
517 268 564 308 de
596 270 919 321 interpretatione
953 271 1129 322 corporis
1161 273 1336 323 quaestio
1368 274 1486 313 cavil-

152 331 264 375 latur,
292 341 367 379 ego
395 337 535 380 corpus
556 326 719 365 hominis
740 340 816 365 non
836 326 939 366 aliud
957 327 1181 379 intelligam,
1205 342 1316 382 quam
1337 342 1487 371 omnem

152 388 263 425 istam
289 393 433 424 struem
461 385 606 432 carnis,
647 398 799 438 quoquo
833 398 978 437 genere
1005 387 1250 426 materiarum
1277 389 1489 428 concinna-

151 452 214 483 tur
239 450 352 496 atque
377 444 568 490 variatur,
597 441 698 495 quod
722 441 894 490 videtur,
928 442 1029 495 quod
1055 450 1223 491 tenetur,
1251 443 1352 498 quod
1378 444 1491 485 deni-

153 515 224 554 que
251 501 299 540 ab
332 501 548 539 hominibus
582 499 788 539 occiditur.
853 499 919 539 Sic
957 508 996 539 et
1034 502 1193 553 parietis
1231 515 1372 556 eorpus
1409 517 1487 542 uon

152 558 255 598 aliud
282 558 491 606 admittam,
526 572 635 610 quam
663 565 883 606 caementa,
919 572 1028 611 quam
1055 573 1161 607 saxa,
1189 573 1300 612 quam
1328 560 1485 614 lateres.

153 616 195 655 Si
222 618 304 669 quis
331 630 512 655 arcanum
539 615 695 668 aliquod
723 630 863 669 corpus
890 615 1055 664 inducit,
1090 616 1287 666 ostendat,
1319 619 1489 665 revelet,

152 675 293 727 probet
318 676 551 726 ipsum‘esse
579 675 714 721 etiam,
744 673 842 726 quod
872 673 1076 713 occidatur
1101 675 1148 714 ab
1176 675 1348 723 homine,
1377 683 1417 715 et
1441 675 1490 715 de

153 733 219 770 illo
248 733 324 770 erit
350 731 514 778 dictum,
553 733 646 769 item
672 733 702 769 si
730 732 879 770 animae
907 745 1047 784 corpus
1074 734 1300 786 opponitur,
1338 734 1494 773 vacabit

153 789 307 827 astutia.
353 788 446 826 Cum
473 788 573 826 enim
599 795 800 839 utrumque
826 791 1072 840 proponitur,
1102 804 1242 843 corpus
1267 798 1383 844 atque
1409 792 1494 831 ani-

153 859 252 884 mam
279 844 407 883 occidi
433 846 470 883 in
497 845 725 896 gehennam,
754 844 1002 896 distinguitur
1029 860 1169 898 corpus
1195 848 1243 886 ab
1269 850 1414 895 anima,
1454 856 1494 888 et

153 903 383 954 relinquitur
414 903 578 953 intelligi
612 915 771 954 corpus,
810 901 850 940 id
883 902 984 954 quod
1015 904 1053 941 in
1084 912 1263 957 promptu
1289 907 1356 954 sit,
1396 919 1491 945 caro

155 961 326 1006 scilicet,
355 973 451 1012 quae
478 961 578 998 sicut
605 959 809 999 occidetur
834 961 870 998 in
897 960 1132 1011 gehennam,
1159 963 1192 1000 si
1219 976 1295 1000 non
1320 964 1442 1014 magis
1470 977 1494 1002 a

155 1017 229 1056 deo
256 1018 427 1056 timuerit
454 1015 601 1063 occidi,
641 1018 695 1055 ita
728 1024 767 1055 et
790 1017 1049 1056 vivificabitur
1073 1019 1110 1055 in
1137 1019 1252 1056 vitam
1278 1027 1491 1067 aeternam,

153 1075 186 1112 si
217 1075 394 1113 maluerit
425 1074 472 1112 ab
506 1074 721 1113 hominibus
753 1075 880 1126 potius
912 1075 1091 1113 interfici.
1155 1075 1324 1116 Proinde
1350 1079 1382 1117 si
1409 1079 1492 1131 quis

155 1132 392 1170 occisionem
420 1132 547 1170 carnis
573 1138 688 1183 atque
715 1133 865 1171 animae
898 1133 936 1170 in
969 1133 1183 1184 gehennam
1217 1133 1265 1173 ad
1295 1136 1492 1175 interitum

154 1196 194 1228 et
220 1188 330 1227 finem
358 1189 555 1241 utriusque
583 1189 818 1228 substantiae
850 1190 1029 1242 arripiet,
1070 1204 1147 1229 non
1184 1190 1233 1231 ad
1264 1194 1490 1246 supplicium

156 1248 263 1299 quasi
290 1245 654 1294 consumendarum,
694 1261 770 1285 non
797 1248 903 1300 quasi
930 1247 1225 1300 puniendarum,
1257 1250 1490 1304 recordetur

154 1305 283 1355 ignem
328 1304 530 1356 gehennae
574 1311 773 1344 aeternum
818 1305 1039 1357 praedicari
1076 1307 1114 1345 in
1152 1320 1317 1364 poenam
1361 1316 1490 1349 aeter·
1534 1330 1537 1337 s

155 1374 261 1407 nam,
301 1368 340 1398 et
377 1361 466 1400 inde
505 1364 777 1401 aeternitatem
816 1364 1026 1403 occisionis
1063 1373 1252 1416 agnoscat
1282 1374 1514 1419 propterea.

155 1417 343 1455 humanae
380 1424 422 1455 ut
458 1419 663 1469 temporali
700 1420 1017 1470 praetimendam.
1090 1423 1211 1462 Tunc·
1237 1431 1278 1463 et
1313 1432 1494 1465 aeternas

158 1474 390 1512 substantias
430 1473 584 1521 credet,
625 1488 782 1526 quarum
815 1484 975 1515 aeterna
1001 1479 1050 1516 sit
1075 1481 1223 1518 occisio
1249 1483 1287 1520 in
1313 1482 1491 1535 poenam.

158 1530 275 1569 Certe
315 1544 398 1569 cum
436 1538 526 1582 post
562 1533 887 1571 resurrectionem
921 1547 1061 1586 corpus
1095 1549 1179 1574 cum
1211 1539 1338 1577 anima
1363 1540 1494 1580 occidi

156 1588 299 1627 habeat
324 1601 347 1626 a
372 1587 446 1627 deo
472 1589 511 1626 in
537 1589 771 1639 gehennam,
809 1592 901 1629 satis
934 1590 981 1630 de
1011 1599 1175 1645 utroque
1203 1596 1414 1642 constabit,
1454 1605 1494 1636 et

159 1645 206 1684 de
234 1646 386 1684 carnali
411 1648 713 1693 resurreetione,
741 1654 781 1685 et
806 1647 854 1686 de
881 1655 1042 1687 aeterna
1068 1652 1280 1691 occisione.
1343 1652 1491 1693 Absur-

157 1702 350 1741 dissimum
383 1704 571 1755 alioquin,
610 1705 641 1742 si
673 1703 822 1743 idcirco
849 1707 1079 1744 resuscitata
1107 1720 1199 1746 caro
1227 1709 1431 1750 occidatur
1453 1713 1493 1750 in

157 1760 392 1812 gehennam,
431 1761 486 1799 uti
512 1761 685 1808 finiatur,
719 1761 821 1814 quod
848 1770 994 1801 etnonv
1014 1766 1246 1804 resuscitata
1271 1774 1491 1819 pateretur3

155 1819 193 1856 in
221 1818 296 1857 hoc
323 1818 475 1857 scilicet
500 1818 718 1866 reficietur,
758 1832 805 1858 ne
832 1821 899 1867 sit,
940 1821 1001 1859 cui
1028 1835 1103 1864 non
1131 1835 1216 1862 esse
1242 1825 1316 1863 iam
1344 1827 1488 1866 evenit.

156 1874 292 1914 Eidem
319 1889 389 1914 nos
415 1876 499 1928 spei
526 1877 709 1924 fulciens,
735 1890 933 1929 passerum
961 1892 1112 1931 quoque
1139 1881 1335 1934 subiungit
1360 1896 1491 1923 exem-

155 1933 276 1985 plum,
317 1932 419 1985 quod
450 1946 500 1971 ex
531 1933 680 1973 duobus
713 1949 790 1973 non
823 1935 937 1975 cadat
962 1937 1062 1976 alter
1086 1938 1124 1976 in
1152 1946 1294 1979 terram
1319 1941 1401 1981 siue
1428 1940 1492 1982 dei

155 1990 374 2037 voluntate,
393 1988 426 2039 ¹)
454 1997 496 2029 ut
521 1998 561 2029 et
586 2005 754 2040 earnem,
783 2006 880 2045 quae
907 1993 1098 2034 ceciderit
1128 1997 1167 2034 in
1199 2004 1361 2047 terram,
1399 2012 1491 2051 pro-

157 2046 247 2085 inde
281 2045 418 2086 credas
450 2055 490 2086 et
520 2062 727 2101 resurgere
759 2065 873 2103 posse
905 2064 978 2104 per
1008 2051 1179 2093 eiusdem
1212 2053 1276 2093 dei
1312 2056 1490 2095 volunta-

156 2111 247 2143 tem.
309 2103 407 2143 Nam
434 2106 507 2144 etsi
532 2107 751 2159 passeribus
782 2109 857 2148 hoc
890 2104 966 2147 non
997 2110 1108 2158 licet,
1148 2110 1217 2150 sed
1255 2125 1326 2151 nos
1361 2114 1490 2153 multis

156 2162 377 2214 passeribus
403 2170 649 2213 antestamus,
677 2179 724 2205 eo
752 2163 853 2219 quod
879 2166 1064 2207 cadentes
1085 2181 1343 2221 resurgamus.
1384 2171 1489 2220 Quo-

156 2233 239 2258 rum
282 2218 447 2272 denique
475 2223 654 2274 ‘capillos
699 2225 836 2277 capitis
880 2238 1011 2264 omnes
1048 2234 1270 2266 numeratos
1313 2224 1488 2276 affirmat,

157 2278 283 2316 salvos
319 2279 451 2330 utique
487 2282 733 2332 repromittit.
801 2282 1000 2321 Perituros
1038 2285 1137 2323 enim
1177 2298 1274 2337 quae
1311 2287 1411 2325 ratio
1449 2287 1488 2325 in

157 2348 353 2374 numerum
379 2335 621 2389 redegisset?
651 2340 723 2378 nisi
750 2341 838 2392 quia
863 2341 937 2380 hoe
964 2348 1040 2389 est,
1067 2349 1109 2380 ut
1134 2355 1264 2390 omne,
1293 2342 1394 2395 quod
1418 2357 1488 2396 pa-

157 2399 219 2430 ter
242 2393 332 2431 mihi
360 2393 484 2442 dedit,
523 2409 598 2434 non
630 2396 787 2448 perdam
815 2410 864 2436 ex
889 2411 937 2437 eo
965 2400 1238 2452 quicquam,²)
1264 2400 1304 2439 id
1330 2407 1390 2440 est
1413 2413 1486 2441 nec

160 2450 355 2501 capillum,
394 2453 494 2491 sicut
530 2466 602 2492 nec
641 2455 791 2493 oculum
831 2468 904 2495 nec
943 2455 1109 2496 dentem.
1172 2457 1354 2498 Ceterum
1384 2456 1485 2497 unde

251 2577 287 2614 1)
312 2579 433 2609 Matth.
450 2581 501 2620 10,
519 2582 571 2613 29.
666 2582 702 2621 2)
728 2583 775 2613 lo.
790 2584 822 2624 6,
837 2583 891 2612 39.
