1604 2800
500 183 575 215 DE
614 182 810 214 CARNE
847 182 1101 214 cnsstsrt.
1392 180 1465 218 89

133 286 235 319 trem
272 290 357 318 eam
389 276 559 323 faceret,
596 277 637 314 in
674 276 783 314 cuius
819 281 932 313 utero
970 274 1055 313 fuit.
1116 272 1200 312 Hoc
1225 286 1366 314 nomen
1389 288 1468 314 non

135 336 255 376 debet
292 348 386 374 caro
422 340 624 374 extranea.
689 332 827 372 Matris
863 339 1013 371 uterum
1051 345 1131 371 non
1166 332 1357 389 appellat,
1394 333 1469 372 nisi

134 394 214 434 filia
244 393 364 440 uteri,
404 405 511 431 caro.
572 391 670 430 Filia
706 391 807 430 uteri
844 403 963 442 porro
995 403 1072 428 uon
1102 397 1181 437 est,
1220 391 1252 428 si
1277 389 1352 428 sibi
1376 396 1468 428 nata

134 458 207 491 est.
266 450 432 490 Tacebit
467 450 587 501 igitur
617 455 658 488 et
688 447 887 487 Elisabeth
918 448 1146 500 prophetam
1175 454 1355 500 portans,
1393 448 1469 486 iam

135 508 279 557 1101111ρί
316 509 372 547 5111
411 508 607 547 conscium
646 507 851 552 infantem,
889 512 930 544 et
966 506 1124 558 insuper
1159 507 1295 558 spiritu
1331 512 1468 544 sancto

135 566 356 619 adimpleta.
406 564 500 604 Siue
527 577 663 604 caussa
688 565 789 603 enim
815 563 929 602 dicit:
956 570 996 602 et
1020 562 1122 602 unde
1148 564 1252 611 mihi,
1279 569 1322 601 ut
1345 569 1471 602 mater

137 624 280 664 domini
307 625 382 662 mei
409 622 458 662 ad
483 635 543 661 me
567 623 766 671 veniat?¹)
829 620 871 660 Si
895 621 1020 659 Maria
1045 635 1122 659 non
1147 621 1277 667 filium,
1303 619 1374 659 sed
1398 620 1470 659 ho-

134 683 272 735 spitem
304 683 343 720 111
374 688 486 720 utero
518 679 697 732 gestabat
726 679 870 725 Iesum,
911 677 1102 730 quomodo
1133 678 1247 717 dicit:
1285 676 1469 730 heatus2)

134 741 284 779 fructus
322 739 423 777 uteri
452 739 578 785 tui?³)
642 737 735 785 Quis
765 736 829 775 hic
866 736 1014 774 fructus
1050 737 1171 782 uteri,
1210 736 1274 787 qui
1310 748 1389 773 11011
1420 747 1471 773 ex

134 804 248 836 utero
273 796 523 848 germinavit,
561 795 625 845 qui
656 807 733 832 non
764 794 803 831 in
828 800 941 831 utero
966 791 1138 831 radicem
1163 793 1265 843 egit,
1304 793 1368 844 qui
1392 805 1470 830 non

134 855 218 894 eius
242 860 315 900 est,
342 853 450 892 cuius
475 858 535 890 est
558 858 709 898 uterus,
737 857 777 888 et
802 851 865 901 qui
890 851 1021 902 utique
1048 850 1196 888 fructus
1215 851 1330 896 uteri,
1358 849 1471 888 Chri-

134 912 240 951 stus?
297 910 360 950 An
398 910 487 962 quia
524 911 607 962 ipse
645 915 705 947 est
735 908 806 945 flos
838 906 888 946 de
918 908 1028 959 virga
1053 908 1231 959 proiecta
1256 920 1306 946 ex
1335 905 1470 946 radice

134 967 326 1021 lessev)
385 966 512 1006 Radix
548 974 675 1005 autem
709 965 833 1012 Iesse,
871 978 994 1016 genus
1019 964 1160 1012 David3
1197 965 1308 1016 virga
1334 977 1384 1004 ex
1407 977 1470 1003 ra—

135 1025 245 1075 dice,
270 1025 395 1065 Maria
420 1038 471 1064 ex
494 1023 639 1072 David.)
665 1025 737 1062 ssos
762 1036 812 1061 ex
834 1023 964 1073 virga,
992 1022 1091 1060 filius
1115 1022 1284 1069 Mariae,
1323 1024 1387 1074 qui
1413 1020 1470 1060 di-

136 1086 239 1125 citur
274 1083 382 1123 Iesus
413 1083 607 1129 Christus,
645 1082 728 1133 ipse
760 1081 836 1118 erit
860 1087 901 1118 et
925 1080 1086 1118 fructus.
1147 1079 1237 1118 Flos
1263 1081 1364 1118 enim
1388 1080 1470 1118 fru-

138 1149 236 1191 ctus,
264 1142 352 1194 quia
378 1153 449 1193 per
472 1141 620 1186 florem,
648 1145 689 1176 et
712 1151 761 1176 ex
787 1138 883 1176 flore
911 1138 1034 1175 omnis
1058 1137 1207 1176 fructus
1232 1136 1407 1175 eruditur
1430 1137 1469 1174 in

139 1200 322 1240 fructum.
385 1196 485 1245 Quid
522 1197 644 1247 ergo?
701 1194 860 1246 Negant
890 1201 931 1232 et
959 1195 1102 1233 fructui
1133 1207 1238 1232 suum
1269 1194 1405 1232 florem
1431 1199 1484 1239 et,

138 1258 224 1296 flori
251 1269 356 1295 suam
380 1256 528 1305 virgam
554 1260 596 1292 et
618 1253 752 1304 virgae
778 1265 884 1290 suam
909 1251 1100 1298 radicem,
1140 1252 1340 1303 quominus
1365 1263 1471 1289 suam

138 1313 250 1355 radix
274 1313 347 1352 sibi
370 1311 543 1351 vindicet
567 1323 639 1364 per
661 1311 808 1361 virgam
838 1310 1116 1361 proprietatem
1147 1310 1249 1356 eius,
1289 1307 1390 1361 quod
1422 1321 1472 1347 ex

138 1373 249 1424 virga
274 1377 352 1418 est,
378 1370 486 1409 floris
512 1376 553 1407 et
576 1369 745 1415 fructus3
784 1366 972 1419 siquidem
999 1368 1121 1405 01111115
1146 1365 1289 1418 gradus
1314 1367 1472 1418 generis

139 1430 188 1469 ab
212 1429 347 1468 ultimo
371 1426 419 1467 ad
446 1425 699 1479 principalem
725 1431 973 1472 recensetur,
1011 1431 1054 1462 ut
1083 1425 1157 1462 iam
1188 1437 1289 1462 nune
1316 1435 1472 1462 carnem

140 1487 305 1533 Christi,
342 1499 419 1524 non
451 1491 595 1522 tantum
625 1482 795 1529 Mariae,
832 1480 903 1520 sed
934 1488 975 1520 et
1004 1479 1127 1519 David
1152 1493 1223 1533 per
1245 1480 1408 1519 Mariam
1434 1486 1475 1519 et

139 1543 248 1584 lesse
280 1555 352 1597 per
382 1540 506 1581 David
537 1541 662 1580 sciant
692 1538 923 1578 adhaerere.
985 1537 1079 1577 Ideo
1106 1538 1207 1577 1111110
1232 1539 1399 1577 fructum
1425 1550 1473 1576 ex

141 1601 277 1642 lumbis
307 1598 451 1647 David,
490 1598 623 1645 idest
652 1611 703 1636 ex
732 1597 962 1649 posteritate
995 1597 1122 1635 carnis
1152 1597 1254 1643 eius,
1292 1597 1393 1637 iurat
1416 1594 1472 1633 illi

140 1658 238 1700 deus
264 1670 533 1698 consessurum
564 1657 604 1694 in
635 1655 777 1692 throno
809 1654 992 1705 ipsius.⁵)
1056 1652 1099 1691 Si
1136 1666 1187 1691 ex
1223 1653 1360 1691 lumbis
1396 1652 1475 1690 Da-

138 1716 224 1764 vid,
262 1716 405 1768 qua'nto
437 1713 558 1764 magis
589 1725 640 1750 ex
671 1710 807 1751 lumbis
837 1710 1006 1756 Mariae,
1045 1709 1094 1748 ob
1127 1723 1236 1762 quam
1268 1711 1308 1748 in
1339 1708 1475 1748 lumbis

141 1771 279 1813 David.

258 1832 327 1871 22.
377 1826 544 1866 Deleant
578 1825 698 1876 igitur
733 1830 774 1863 et
810 1824 1029 1862 testimonia
1066 1822 1313 1871 daemonum,
1357 1823 1475 1862 filium

142 1885 266 1928 David
291 1883 571 1939 proclamantia
595 1881 739 1929 Iesum3
777 1880 846 1920 sed
872 1881 1093 1919 testimonia
1117 1881 1381 1933 apostolorum
1407 1879 1475 1919 de-

143 1947 228 1986 lere
253 1957 330 1983 non
356 1947 556 1995 poterunt,
584 1940 616 1977 si
641 1937 868 1977 daemonum
893 1938 1053 1990 indigna
1076 1945 1179 1978 sunt.
1243 1938 1330 1991 Ipse
1355 1939 1477 1991 inpri-

144 2005 216 2044 mis
238 2000 478 2046 Matthaeus,
517 1996 757 2036 fidelissimus
781 1997 974 2048 evangelii
999 2003 1298 2043 commentator,
1337 2003 1379 2034 ut
1409 2006 1477 2034 co·

145 2073 228 2101 mes
258 2058 424 2108 domini,
463 2069 540 2094 non
570 2055 683 2093 aliam
709 2054 759 2092 oh
786 2067 977 2101 caussam,
1017 2067 1128 2106 quam
1152 2060 1194 2092 ut
1218 2067 1289 2092 nos
1315 2054 1477 2105 originis

147 2118 291 2157 Christi
328 2114 494 2155 carnalis
532 2118 731 2164 compotes
767 2111 936 2159 faceret,
973 2112 1028 2150 ita
1063 2124 1226 2150 exorsus
1262 2119 1340 2150 est:
1378 2110 1478 2150 liber

147 2176 350 2228 geniturae
382 2172 469 2211 Iesu
500 2170 663 2216 Christi,
700 2169 769 2207 filii
800 2168 943 2217 David,
980 2169 1047 2208 filii
1084 2168 1294 2208 Abraham.
1308 2169 1347 2217 ⁶)
1409 2167 1478 2206 His

149 2232 312 2284 originis
337 2229 506 2269 fontibus
531 2239 677 2279 genere
702 2234 881 2266 manante
907 2240 991 2266 cum
1018 2226 1207 2278 gradatim
1234 2224 1330 2264 ordo
1356 2223 1479 2263 dedu-

151 2291 252 2330 citur
287 2286 335 2327 ad
375 2286 518 2325 Christi
555 2284 813 2331 nativitatem,
852 2285 915 2336 qui
973 2283 1099 2332 aliud,
1133 2297 1244 2336 quam
1275 2295 1368 2321 caro
1394 2282 1477 2333 ipsa

148 2346 331 2387 Abrahae
358 2352 397 2384 et
418 2341 539 2383 David
566 2355 638 2395 per
660 2342 833 2393 singulos
857 2349 916 2380 tra
973 2354 1056 2381 cem
1081 2342 1139 2380 sui
1163 2341 1313 2379 faciens
1337 2341 1376 2378 in
1401 2339 1479 2378 vir·

243 2496 283 2540 1)
308 2497 392 2528 Luc.
407 2497 439 2534 1,
454 2495 509 2525 43.
604 2493 641 2534 2)
666 2493 729 2524 Ed.
743 2493 845 2523 Fran.
859 2494 893 2522 et
907 2492 981 2532 Rig.
993 2490 1260 2522 benedictus.
1344 2490 1380 2528 3)
1395 2490 1479 2519 Luc.
1529 2492 1535 2495 “

153 2545 248 2584 1‚42.
343 2543 380 2583 4)
406 2543 470 2573 les.
485 2541 541 2581 11,
555 2540 587 2572 1.
683 2537 719 2580 5)
744 2539 798 2570 Ρ5.
813 2539 891 2578 132,
904 2539 958 2569 11.
1006 2538 1081 2568 Act.
1094 2538 1127 2577 2,
1142 2537 1197 2569 3⁰.
1292 2533 1332 2579 6)
1355 2534 1479 2567 Matth.

153 2591 187 2629 ι,
206 2591 237 2621 ¹·
