1624 2826
201 233 303 272 254
456 235 579 266 ADV.
615 233 974 265 MARCIONEM
1009 232 1184 263 LIBER
1214 231 1268 262 IV.

202 330 252 367 sit
286 327 394 366 vobis
430 328 468 365 in
495 326 666 365 Galilaea
704 326 856 373 dicens,
895 324 994 378 quod
1034 331 1234 377 oporteret
1263 321 1364 361 tradi
1400 322 1515 362 filium

202 386 364 423 hominis
401 392 440 423 et
477 386 648 435 crucifigi
683 392 721 422 et
751 385 867 422 tertia
892 383 954 422 «lie
987 384 1252 434 resurgere.¹)
1314 380 1363 419 Et
1399 393 1516 432 quare

204 443 431 494 oportebat?
467 443 537 480 nisi
570 444 653 493 quia
685 443 736 479 ita
769 455 789 479 a
823 441 896 480 deo
929 448 1107 480 creatore
1139 441 1334 491 seriptum.
1395 436 1519 489 Igitur

202 501 394 551 increpuit
424 500 508 537 illos
539 507 580 537 ut
610 499 656 538 de
688 496 769 537 s'ola
801 500 978 551 passione
1010 497 1292 537 scandalizatos
1319 503 1357 534 et
1382 501 1423 534 ut
1448 495 1518 535 du-

202 557 286 595 bios
318 556 365 595 de
398 556 471 594 fide
502 558 796 595 resurrectionis
822 556 1067 595 adnuntiatae
1094 556 1164 593 sibi
1192 568 1214 593 a
1239 554 1409 600 feminis,
1448 565 1518 605 per

203 627 298 666 quae
326 628 399 651 non
426 614 670 652 crediderant
694 616 812 666 ipsum
839 615 967 661 fuisse,
996 627 1105 665 quem
1132 613 1406 651 existimarant.
1439 610 1517 649 lta-

202 680 280 722 que*
301 671 399 723 quod
426 672 751 721 existimaverant,
785 671 822 709 id
846 673 981 710 volens
1008 670 1114 709 credi
1146 683 1206 716 se,
1245 682 1328 708 eum
1355 681 1518 707 secon-

202 728 393 775 lirmabat,
433 741 539 780 quein
566 730 892 776 existimaverant,
920 730 1108 767 creatoris
1135 729 1286 766 scilieet
1312 727 1515 772 Christum,

200 785 479 838 redemptorem
518 786 683 825 Israelis.
756 786 811 823 De
851 787 1025 836 corporis
1063 793 1187 823 autem
1223 785 1387 823 veritate
1427 782 1518 835 quid

198 847 328 909 potest
353 844 516 881 clarius?
553 843 944 881 Cum-haesitantibus
971 845 1044 889 eis,
1073 855 1118 880 ne
1145 842 1366 893 phantasma
1399 847 1514 886 esset,

198 901 273 939 imo
300 900 519 952 phantasma
546 900 808 939 medentibus:
836 900 922 951 quid
951 900 1089 939 tuibati
1118 900 1234 937 estis?
1258 899 1398 950 inquit,
1426 896 1516 948 quid

199 958 455 1008 cogitationes
482 958 676 996 subeunt
666 972 703 995 ιιι
731 957 846 996 coula
872 961 1024 996 vestra?
1049 955 1174 995 videte
1203 959 1332 994 manus
1358 967 1462 993 meas
1477 961 1516 993 et

196 1014 328 1065 pedes,
355 1016 440 1066 quia
466 1028 539 1065 ego
565 1016 645 1066 ipse
672 1028 763 1061 sum,
791 1016 964 1067 quoniam
992 1016 1146 1067 8Ρίιὶῑυ8
1171 1027 1257 1051 ossa
1282 1026 1357 1051 non
1383 1004 1513 1058 h⁸abet,

197 1073 295 1110 sicut
319 1085 377 1110 me
403 1072 539 1110 videtis
566 1073 720 1110 habene
730 1074 768 1123 2)
825 1071 875 1110 Et
899 1072 1073 1110 Marcion
1108 1069 1292 1123 quaedam
1319 1069 1516 1108 contraria

196 1129 267 1166 sibi
293 1130 373 1176 illa,
414 1129 531 1167 credo
558 1129 761 1175 industria,
789 1128 952 1168 eradere
979 1129 1026 1168 de
1053 1129 1256 1179 evangelio
1282 1140 1350 1165 suo
1377 1127 1512 1173 noluit,

194 1192 235 1223 ut
260 1199 308 1224 ex
333 1186 402 1232 his,
431 1199 526 1237 quae
553 1186 715 1226 eradere
742 1188 865 1238 potuit
895 1200 967 1225 nee
994 1187 1123 1233 erasit,
1152 1187 1229 1232 illa,
1258 1196 1354 1236 quae
1381 1184 1512 1231 erasit,

194 1250 260 1281 aut
295 1250 458 1294 negetur
495 1245 683 1291 erasisse,
722 1251 788 1281 aut
824 1245 961 1282 merito
1000 1244 1163 1282 erasisse
1202 1242 1365 1280 dicatur.
1425 1239 1512 1280 Nee

193 1301 317 1351 parcit
347 1302 418 1338 nisi
449 1302 522 1347 eis,
562 1315 656 1353 quae
691 1315 764 1339 non
797 1302 1056 1344 minusaliter
1086 1298 1376 1352 interpretando
1402 1310 1512 1350 quam

195 1356 357 1396 delendo
384 1358 580 1396 subvertit.
639 1359 733 1397 Vult
758 1360 884 1410 itaque
911 1360 965 1397 sic
993 1359 1154 1403 dictum,
1194 1358 1326 1409 quasi,
1357 1356 1512 1408 spiritus

196 1427 281 1451 ossa
319 1427 393 1451 non
431 1414 564 1462 habet,
603 1417 701 1453 sicut
737 1429 796 1454 me
825 1415 964 1454 videtis
995 1417 1218 1462 habentem,
1258 1413 1305 1452 ad
1338 1414 1511 1466 spiritum

195 1471 404 1518 referatur,
442 1472 539 1509 sieut
564 1485 622 1509 me
648 1472 785 1511 videtis
811 1473 1031 1519 habentem,
1059 1472 1096 1510 id
1123 1479 1181 1510 est
1206 1486 1280 1509 non
1308 1471 1510 1516 habentem

196 1540 305 1574 ossa,
344 1527 442 1565 sicut
471 1535 510 1566 et
540 1529 704 1579 spiritus.
766 1528 816 1566 Et
846 1542 942 1580 quae
974 1530 1072 1567 ratio
1099 1530 1355 1567 tortuositatis
1380 1529 1513 1581 istius?

196 1598 279 1623 cum
311 1584 535 1636 simpliciter
570 1586 817 1636 pronuntiare
855 1586 1067 1638 potuisset,
1107 1586 1194 1636 quia
1230 1587 1384 1636 spiritus
1422 1597 1511 1623 ossa

193 1655 268 1680 non
294 1642 420 1688 habet,
447 1643 545 1680 sicut
569 1648 627 1681 me
660 1642 796 1682 videtis
822 1647 897 1681 nbn
923 1643 1137 1681 habentem.
1200 1642 1279 1680 Cur
1302 1648 1427 1680 autem
1453 1643 1511 1680 in-

192 1700 339 1750 spectui
377 1712 507 1738 eorum
544 1714 673 1738 manus
705 1708 757 1746 et,
779 1700 898 1752 pedes
930 1714 1018 1739 suos
1050 1701 1181 1747 offert,
1220 1712 1316 1751 quae
1343 1698 1511 1737 membra

192 1769 240 1794 ex
265 1756 412 1795 ossibus
438 1760 639 1795 constant!
687 1756 728 1796 Si
761 1771 848 1796 ossa
873 1770 948 1796 non
973 1758 1158 1804 hahebat,
1199 1770 1268 1796 cur
1292 1755 1444 1794 adiicit:
1471 1763 1512 1794 et

190 1814 348 1860 scitote,
382 1815 468 1865 quia
494 1822 570 1865 ego
593 1828 691 1861 sum,
731 1828 840 1866 quem
865 1816 1016 1854 scilicet
1042 1826 1270 1867 corporeum
1301 1820 1409 1852 reu-o
1441 1825 1511 1852 no-

188 1873 348 1921 verant?
370 1871 448 1909 Aut
462 1872 494 1910 si
508 1872 728 1923 phantasma
754 1880 839 1911 erat
862 1875 981 1925 usque
1007 1869 1169 1924 quaque,
1197 1885 1266 1910 eur
1289 1871 1377 1909 illos
1390 1870 1512 1923 phan-

189 1934 310 1965 tasma
330 1927 532 1967 credentes
551 1930 801 1981 increpabat?
830 1930 972 1982 Atquin
986 1929 1118 1968 adhuc
1140 1930 1195 1968 eis
1216 1942 1291 1967 non
1315 1927 1510 1967 eredenti-

189 1984 278 2031 bus,
305 1992 511 2036 propterea
537 1987 660 2024 cibum
687 1986 932 2034 desideravit,
942 1988 980 2038 3)
1007 1995 1048 2026 ut
1078 2000 1119 2026 se
1128 1985 1371 2042 ostenderet
1394 1985 1509 2024 etia‘m

190 2040 324 2079 dentes
350 2042 506 2081 habere.
568 2043 840 2095 lmplevimus,
857 2052 900 2083 ut
926 2046 1081 2097 opinor,
1108 2045 1373 2096 sponsionem,
1400 2042 1510 2081 exhi-

189 2098 336 2136 buimus
367 2098 488 2136 lesum
521 2099 710 2139 Christum
749 2102 1018 2154 prophetarum
1045 2102 1249 2147 doctrinis,
1287 2100 1508 2147 sententiis,
1539 2115 1542 2121 ·

190 2156 408 2203 affectibus,
441 2157 629 2204 sensibus,
656 2159 868 2206 vi1tutibus,
906 2152 1157 2212 passionibus,
1196 2158 1312 2198 etiam
1334 2170 1509 2197 resurre-

190 2214 331 2260 ctione,
358 2227 433 2251 non
453 2214 578 2262 alium,
606 2229 713 2267 quam
730 2218 929 2264 creatoris,
957 2217 1140 2271 siquidem
1155 2224 1195 2255 et
1207 2216 1404 2269 apostolos
1416 2216 1508 2257 mit-

188 2277 272 2308 tens
285 2269 331 2309 ad
347 2270 641 2323 praedicandum
655 2274 840 2313 universis
855 2275 1154 2323 nationibus,¹²)
1143 2289 1181 2313 ιιι
1197 2281 1345 2312 omnem
1365 2280 1508 2319 terram

188 2328 294 2366 exire
315 2341 444 2366 sonum
466 2342 595 2368 eorum
617 2337 657 2369 et
681 2333 717 2369 in
739 2333 921 2370 terminos
946 2340 1075 2372 terrae
1099 2332 1218 2372 voees
1249 2344 1381 2370 eorum
1396 2330 1508 2386 psal-

187 2398 283 2423 mum
295 2386 333 2433 5)
361 2385 602 2438 adimplendo
629 2390 839 2440 praecepit.
899 2390 1090 2429 Misereor
1114 2391 1186 2437 tui,
1212 2389 1406 2435 Marcion,
1426 2380 1507 2424 frti-

188 2448 264 2480 stra
291 2442 486 2486 laborasti.
521 2444 693 2484 Christus
714 2448 811 2484 enim
833 2446 938 2486 Iesus
959 2449 997 2486 in
1018 2448 1219 2499 evangelio
1233 2453 1418 2485 tu'o'meus
1433 2450 1503 2482 est.

280 2534 316 2573 1)
342 2536 434 2565 rues.
435 2537 503 2580 24,
532 2539 563 2569 e.
589 2539 620 2568 τ.
716 2539 752 2578 2)
777 2540 860 2570 luc.
879 2541 932 2579 24,
956 2541 1115 2572 37—39.
1211 2538 1248 2578 3)
1275 2539 1359 2568 num
1374 2537 1428 2576 24,
1450 2537 1504 2566 41.

189 2576 226 2620 4)
252 2580 371 2610 Μιιιιιι.
371 2581 446 2625 2,8
457 2557 509 2612 19’.
534 2584 615 2614 tue
631 2585 684 2624 24,
699 2586 753 2617 47
855 2587 890 2626 5)
917 2562 970 2618 ι’»ιιῑ
984 2587 1035 2627 w,
1052 2589 1082 2616 5.
