1604 2800
143 149 213 185 20
530 148 1126 181 ADV.1{ERMOGENEM.

146 243 238 282 nihil
276 241 352 280 tale
391 240 598 292 significat.
671 239 802 279 Fuerit
832 241 925 279 licet
962 242 1147 289 materia,
1186 250 1366 294 quantum
1403 244 1476 284 sibi

146 302 252 347 licet,
278 299 340 338 vel
365 299 494 351 potius
518 298 765 349 Hermogeni,
792 299 917 350 potuit
942 306 981 338 et
1006 299 1138 347 fuisse,
1165 307 1207 339 et
1231 307 1359 340 tamen
1384 301 1478 342 nihil

148 358 242 397 deus
273 370 324 396 ex
353 357 419 395 illa
451 357 617 403 fecisse,
655 356 716 394 vel
755 357 843 408 quia
874 370 949 395 non
982 356 1150 396 decebat
1179 356 1292 398 deum
1317 359 1479 399 alicuius

148 416 320 467 eguisse,
360 421 468 457 certe
507 415 593 466 quia
631 425 704 452 nec
743 413 960 453 ostenditur
995 416 1195 468 quicquam
1234 429 1284 456 ex
1320 418 1482 457 materia

147 474 303 513 fecisse.
366 470 458 511 Sine
486 484 622 511 caussa
653 483 748 523 ergo
781 478 902 519 esset,
940 472 1080 524 inquis,
1128 472 1218 512 Non
1243 475 1355 530 plane
1382 473 1482 514 adeo

149 532 232 570 sine
259 543 407 570 caussa.
470 528 568 568 Nam
595 530 668 568 etsi
693 528 853 568 mundus
879 543 955 568 non
981 537 1042 568 est
1066 530 1190 570 factus
1216 544 1266 571 ex
1290 532 1375 580 illa,
1397 530 1483 572 -sed

150 589 323 628 haeresis
349 588 454 626 facta
479 595 551 634 est,
579 594 619 626 et
644 586 796 638 quidem
822 587 897 626 hoc
924 586 1196 639 impudentior,
1222 584 1323 642 quod
1343 603 1419 629 non
1434 594 1490 629 ex‘*

151 648 312 686 materia
339 647 442 684 facta
468 652 528 684 est
553 645 738 691 haeresis,
766 643 835 684 sed
860 647 1059 684 materiam
1092 646 1212 699 ipsam
1239 648 1366 700 potius
1391 647 1489 687 hae-'

153 704 250 742 resis
276 704 383 742 fecit.

270 763 338 801 24.
391 759 581 798 Revertor
619 773 717 799 nunc
755 759 804 798 ad
835 760 1008 811 singulos
1041 762 1245 809 articulos,
1285 776 1356 815 per
1392 766 1488 815 quos

155 819 303 870 putavit
327 817 582 868 significatam
609 821 694 855 es'se
722 818 939 864 materiam,
978 825 1020 857 et
1045 820 1168 870 primo
1195 819 1244 859 de
1271 820 1488 859 nominibus

157 874 425 927 expostulabo.
477 873 619 912 Horum
640 875 740 913 enim
761 875 922 914 alterum
943 875 1116 927 legimus,
1144 876 1246 929 quod
1266 884 1325 917 est
1344 884 1488 924 terrae,

157 933 320 972 alterum
346 945 422 970 non
448 932 676 979 invenimus,
717 931 817 984 quod
850 939 910 971 est
935 935 1133 973 materiae.
1197 934 1351 982 Quaero
1377 947 1489 987 ergo,

159 1003 244 1029 eum
271 990 455 1028 materiae
483 990 692 1027 nominatio
720 1003 793 1027 non
821 996 949 1028 exstet
979 991 1017 1028 in
1050 992 1259 1043 scriptura,
1298 991 1490 1044 quomodo

159 1049 196 1086 ei
222 1048 337 1086 etiam
363 1053 492 1086 terrae
519 1047 728 1099 appellatio
755 1047 1072 1086 accommodetur
1096 1049 1134 1086 in
1154 1050 1231 1088 alio
1251 1050 1325 1088 iam
1346 1051 1491 1101 g'enere

160 1105 396 1143 substantiae
428 1106 550 1142 nota?
605 1104 688 1152 Quo
721 1105 842 1155 magis
874 1107 1060 1144 materiae
1099 1119 1249 1159 quoque
1281 1108 1492 1147 nominatio

160 1162 354 1201 exstitisse
387 1161 594 1208 debuerat,
634 1168 845 1201 consecuta
877 1164 990 1201 etiam
1019 1170 1148 1203 terrae
1181 1165 1492 1217 appellationem,

161 1227 203 1258 ut
239 1220 378 1258 scirem
418 1226 559 1258 terram
592 1232 791 1258 commune
825 1233 908 1258 cum
942 1222 1103 1260 materia
1136 1235 1222 1262 esse
1248 1235 1406 1270 nomen,
1445 1224 1494 1262 ne

162 1276 256 1315 illud
281 1278 318 1315 ei
343 1277 415 1315 soli
443 1276 678 1316 substantiae
703 1276 963 1325 vindicarem,
1004 1280 1111 1318 cuius
1137 1286 1176 1319 et
1202 1281 1418 1333 proprium,
1457 1280 1495 1318 in

164 1347 236 1385 qua
275 1335 396 1385 magis
434 1341 563 1371 notum
601 1341 684 1380 est,
721 1335 782 1373 vel
814 1348 860 1373 ne
893 1335 985 1374 illud
1017 1338 1055 1374 in
1088 1350 1351 1390 quamcunque
1382 1338 1496 1377 aliam

165 1391 348 1442 speciem,
376 1402 447 1428 nec
468 1391 598 1441 utique
620 1392 720 1428 omni
741 1393 939 1438 materiae,
968 1396 1252 1435 communicare
1271 1408 1437 1448 possem,
1465 1395 1498 1434 si

166 1447 317 1486 vellem.
380 1446 473 1484 Cum
512 1448 611 1485 enim
644 1461 717 1486 non
757 1455 884 1486 exstat
922 1452 1117 1501 proprium
1149 1452 1377 1492 vocabulum
1415 1454 1498 1492 eius

167 1506 245 1551 rei,
279 1505 340 1543 eui
367 1517 565 1552 commune
590 1505 818 1543 vocabulum
844 1504 1095 1554 adscribitur,
1123 1516 1263 1560 quanto
1290 1523 1366 1548 non
1394 1523 1499 1548 com-

167 1568 299 1614 paret,
328 1563 389 1600 cui
415 1561 678 1609 adscribatur,
706 1564 920 1615 cuicunque
946 1565 1011 1602 alii
1037 1567 1183 1617 poterit
1207 1565 1389 1606 adscribi.
1442 1566 1499 1606 lta

169 1619 455 1671 Hermogenes,
484 1620 556 1658 etsi
583 1621 780 1659 materiam
807 1620 1032 1661 ostenderet
1058 1625 1308 1671 nominatam,
1336 1622 1500 1664 deberet

169 1675 330 1715 eandem
357 1677 524 1729 probare
552 1684 692 1715 terram
720 1691 870 1730 quoque
886 1681 1209 1731 cognominatam,
1235 1682 1343 1720 utita
1356 1688 1501 1720 utrum-

171 1747 242 1786 que
269 1734 323 1772 illi
350 1734 577 1772 vocabulum
603 1734 833 1777 vindicaret.
1317 1767 1322 1772 .

284 1794 353 1834 25.
403 1791 496 1830 Vult
522 1793 639 1842 igitur
664 1791 757 1831 duas
789 1795 952 1846 proponi
985 1802 1110 1834 terras
1135 1797 1172 1835 in
1199 1797 1271 1836 ista
1297 1798 1500 1850 scriptura,

171 1863 307 1896 unam,
348 1863 457 1901 quam
484 1850 521 1888 in
549 1851 738 1902 principio
766 1849 860 1890 deus
887 1852 999 1900 fecit,
1037 1854 1169 1901 aliam,
1207 1856 1425 1902 materiam,
1453 1867 1503 1894 ex

173 1921 246 1959 qua
270 1907 376 1954 fecit,
404 1906 450 1945 de
478 1921 550 1959 qua
577 1903 720 1946 dictum
745 1909 813 1947 sit:
841 1916 945 1949 terra
972 1918 1099 1950 autem
1126 1919 1211 1950 erat
1236 1912 1438 1951 invisibilis
1463 1919 1504 1951 et

174 1964 338 2012 rudis.¹)
390 1963 529 2017 Utique
561 1966 592 2004 si
625 1979 805 2017 quaeram
838 1980 888 2005 ex
919 1967 1083 2016 duabus,
1117 1970 1179 2008 cui
1205 1982 1345 2009 nomen
1371 1977 1503 2009 terrae

174 2021 460 2061 accommodari
485 2021 638 2069 debeat,
666 2022 704 2061 id
730 2022 940 2076 dicetur,2)
967 2026 1080 2074 hanc,
1107 2039 1203 2078 quae
1229 2027 1334 2066 faeta
1359 2028 1422 2074 sit,
1454 2039 1504 2075 ex

175 2081 252 2127 illa,
280 2093 329 2119 ex
356 2093 428 2132 qua
453 2079 558 2119 facta
583 2087 654 2127 est,
681 2081 908 2121 vocabulum
935 2082 1144 2131 derivasse,
1172 2085 1259 2137 quia
1283 2085 1367 2123 veri
1398 2085 1504 2124 simi·

176 2138 246 2176 liu's
272 2139 322 2176 sit
346 2138 392 2176 ab
421 2138 570 2189 origine
597 2137 769 2177 sobolem
797 2141 942 2191 potius,
970 2155 1078 2194 quam
1106 2143 1294 2194 originem
1321 2156 1343 2181 a
1368 2142 1504 2182 sobole

175 2196 350 2234 vocitari.
402 2194 486 2234 Hoc
512 2196 544 2234 si
569 2196 623 2234 ita
649 2203 719 2243 est,
747 2197 823 2235 alia
849 2199 958 2237 nobis
984 2200 1203 2239 obvolvitur
1228 2201 1422 2252 quaestio,
1443 2205 1505 2238 an

179 2260 389 2305 competat,
429 2260 571 2292 terram
597 2253 715 2301 hanc,
754 2268 864 2307 quam
890 2255 984 2296 deus
1010 2258 1122 2306 feeit,
1160 2271 1209 2297 cx
1235 2258 1319 2306 illa,
1358 2270 1408 2297 ex
1432 2270 1506 2311 qua

275 2415 309 2455 l)
336 2415 421 2448 Gen.
438 2418 469 2456 1,
486 2417 515 2446 2.
611 2415 648 2455 2)
674 2415 782 2447 Rhen.
805 2418 857 2449 ed.
883 2419 908 2448 1.
930 2428 980 2450 ex
1002 2420 1182 2458 duabus,
1209 2428 1314 2459 quae
1340 2419 1410 2450 cui
1433 2427 1505 2450 no-

181 2468 273 2490 men
304 2463 452 2492 terrae
489 2463 805 2494 adcommodari
847 2464 888 2496 id
925 2465 1113 2504 dicetur3
1151 2465 1272 2497 deinde
1309 2465 1402 2496 ed.e
1429 2465 1505 2496 cod.

182 2505 306 2537 Gorz.:
333 2508 658 2540 adcommodare
684 2508 853 2550 debeat,
879 2511 1060 2544 dicetur.
1108 2512 1175 2543 Sed
1199 2511 1382 2543 relativum
1403 2519 1506 2552 quae

183 2560 201 2581 e
223 2560 252 2582 v.
280 2561 477 2589 quaeram
503 2556 632 2586 temere
653 2555 839 2594 repetitum
864 2559 928 2588 est.
