1566 2808
132 241 207 278 >10
290 243 364 274 DE
400 243 1032 275 PRAESCRIPTIONIBUS
1069 240 1323 272 HAERET.

134 335 233 374 hunc
261 334 413 374 diversa
438 337 583 374 sentire
610 337 752 388 coepit.
813 335 932 374 Totus
958 335 1057 374 enim
1084 331 1290 372 secundum
1316 329 1461 370 Valen-

132 394 249 430 tinum
265 393 376 444 sapit,
392 392 579 431 adiiciens
593 393 698 440 illud,
725 392 848 431 Adam
864 406 936 431 nec
952 393 1109 431 salutem
1128 390 1310 441 consequi
1331 402 1460 441 posse,

133 450 239 501 quasi
260 463 349 496 non,
370 451 402 488 si
421 451 517 488 rami
536 451 630 488 salvi
650 451 762 497 fiunt,
797 457 837 489 et
855 449 967 488 radix
984 450 1090 488 salva
1109 449 1171 487 sit.
1196 446 1464 486 Accesserant

132 508 198 545 alii
212 507 415 555 haeretici,
442 508 506 559 qui
528 507 706 546 dicuntur
719 507 925 546 secundum
940 505 1126 558 Phrygas,
1153 504 1220 544 sed
1237 505 1368 543 horum
1383 518 1460 542 non

130 578 205 602 una
221 563 398 603 doctrina
412 572 483 603 est.
511 564 608 603 Sunt
622 567 722 603 enim
737 566 798 617 qui
812 561 914 604 κατὰ
926 565 1103 604 Proclum
1119 565 1154 612 1)
1171 562 1463 609 dicautur,su11t

132 623 195 673 qui
220 636 322 662 κατα
337 621 572 662 Aeschinem
593 624 889 674 pronuntientur
900 624 953 670 2).
988 621 1035 660 Hi
1057 620 1199 661 habent
1223 620 1335 657 aliam
1356 633 1463 658 com-

131 692 280 717 munem
300 680 586 732 blasphemiam,
614 681 726 718 aliam
739 681 1013 732 blasphemiam
1029 692 1103 717 non
1121 689 1371 723 communem,
1391 675 1462 715 sed
1524 706 1535 711 s

130 737 368 788 peculiarem
394 745 434 776 et
453 751 569 784 suam,
597 745 636 787 et
651 751 885 776 communem
902 736 1052 788 quidem
1074 736 1188 781 illam,
1217 747 1288 786 qua
1308 735 1347 772 in
1366 746 1463 786 apo-

131 794 240 832 stolis
261 794 409 848 quidem
431 794 562 834 dicant
581 796 753 847 spiritum
776 802 946 833 sanctum
968 795 1098 839 fuisse,
1125 792 1362 844 paracletum
1383 805 1462 829 non

131 849 273 899 fuisse,
297 859 337 890 et
362 866 435 904 qua
461 852 592 891 dicant
616 853 851 904 paracletum
885 853 993 904 plura
1025 852 1063 889 in
1086 849 1272 888 Montano
1301 848 1457 895 dixisse,

132 922 244 960 quam
270 909 459 948 Christum
487 911 525 948 in
551 911 791 961 evangelium
819 910 1038 962 protulisse,
1066 921 1140 948 nec
1165 914 1309 945 tantum
1334 907 1457 958 plura,

132 965 201 1004 sed
239 968 352 1006 etiam
391 968 552 1006 meliora
590 975 702 1020 atque
740 969 899 1008 maiora.
961 966 1152 1005 Privatam
1183 964 1458 1016 blasphemiam

132 1023 205 1070 illi,
233 1026 297 1076 qui
322 1032 408 1064 sunt
433 1022 534 1065 κατὰ
557 1024 810 1073 Aeschinem,
850 1025 948 1063 hanc
981 1024 1140 1072 habent,
1175 1035 1247 1074 qua
1273 1021 1461 1060 adiiciunt

132 1082 247 1119 etiam
272 1082 361 1129 hoc,
387 1084 442 1121 uti
470 1082 611 1130 dicant,
639 1084 829 1123 Christum
851 1084 971 1134 ipsum
993 1095 1078 1120 esse
1100 1081 1215 1119 filium
1237 1086 1276 1118 et
1293 1086 1457 1131 patrem.

203 1158 206 1161 ’
247 1142 317 1180 53.
369 1139 438 1178 Est
468 1147 676 1191 praeterea
711 1141 769 1179 his
807 1140 980 1183 omnibus
1018 1141 1133 1177 etiam
1163 1137 1316 1176 Blastus
1341 1149 1459 1175 acce-

132 1195 245 1243 dens,
285 1197 348 1248 qui
385 1197 552 1235 latenter
589 1197 818 1236 Iudaismum
854 1198 935 1236 vult
971 1195 1235 1235 introducere.
1300 1193 1458 1232 Pascha

131 1254 230 1291 cuim
257 1252 352 1292 dicit
376 1268 452 1293 non
478 1255 592 1294 aliter
618 1254 913 1295 custodiendum·
936 1267 1041 1301 esse,
1069 1254 1142 1306 nisi
1167 1251 1375 1291 secuudum
1401 1251 1460 1290 le-

130 1323 217 1360 gem
247 1310 375 1363 Moysi
404 1312 531 1351 XlllI.
564 1314 716 1351 mensis.
780 1313 871 1361 Quis
903 1319 1035 1351 ‘autem
1073 1311 1238 1357 nesciat,
1278 1309 1455 1362 quoniam

130 1369 355 1419 evangelica
380 1371 502 1420 gratia
531 1378 756 1417 evacuatur,
789 1372 820 1408 si
846 1369 894 1408 ad
920 1371 1045 1420 legem
1072 1366 1458 1418 Christum‘redigit?

128 1423 298 1463 Accedit
332 1425 391 1464 his
421 1426 644 1466 Theodotus
680 1428 900 1466 haereticus
930 1426 1159 1479 Byzantius,
1198 1425 1262 1478 qui
1281 1431 1457 1476 ‚postea-

132 1495 238 1534 quam
278 1482 467 1522 Christum
505 1498 576 1536 pro
615 1486 767 1523 nomine
807 1485 1158 1537 comprehensus3)
1201 1483 1376 1533 negavit,
1414 1482 1455 1520 in

130 1540 319 1579 Christum
345 1541 611 1594 blasphemare
638 1556 714 1581 non
741 1541 902 1581 destitit.
954 1541 1179 1580 Doctrinam
1205 1541 1305 1579 enim
1330 1541 1455 1578 intro-

127 1596 252 1646 duxit,
293 1612 367 1650 qua
393 1599 585 1638 Christum
604 1599 1102 1639 ‘hominem‘tantummodo
1129 1598 1300 1645 diceret,
1338 1596 1452 1637 deum

126 1662 252 1694 autem
290 1656 392 1695 illum
431 1665 611 1709 negaret,
651 1671 700 1696 ex
730 1659 864 1709 spiritu
897 1657 1048 1710 quidem
1081 1663 1215 1696 sancto
1242 1662 1370 1694 natum
1402 1669 1454 1694 ex

123 1714 292 1764 virgine,
331 1713 400 1753 sed
431 1715 622 1754 hominem
654 1716 866 1754 solitarium
898 1723 1012 1768 atque
1045 1714 1201 1761 nudum,
1239 1714 1343 1752 nulla
1375 1713 1452 1753 alia

123 1783 216 1821 prae
244 1772 485 1818 ceteris.uisi
511 1773 595 1812 sola
619 1774 788 1812 iustitiae
820 1768 1083 1812 auct01·itate.-
1098 1771 1213 1811 Alter
1237 1777 1326 1824 post
1349 1770 1450 1810 hunc

122 1827 346 1868 Theodotus
371 1829 592 1869 haereticus
618 1831 761 1882 erupit,
790 1832 852 1882 qui
878 1838 918 1870 et
943 1832 1024 1883 ipse
1046 1829 1265 1869 introduxit
1288 1829 1448 1867 alteram

122 1892 285 1931 sectam,
325 1893 366 1924 et
395 1888 515 1938 ipsum
548 1888 739 1927 hominem
767 1888 957 1934 Christum
990 1886 1251 1927 tantummodo
1279 1885 1374 1925 dicit
1399 1888 1449 1925 ex

122 1943 259 1992 spiritu
285 1950 439 1990 sancto,
479 1958 528 1983 ex
557 1946 706 1996 virgine
731 1945 857 1984 Maria
889 1953 1118 1998 conceptum
1143 1945 1355 1997 pariter-et
1379 1957 1447 1982 na-

120 2006 216 2046 tum,
267 1999 335 2038 sed
360 2000 471 2039 -hunc
509 2002 733 2040 inferiorem
771 2016 856 2041 esse
895 2016 1006 2055 quam
1041 2001 1352 2048 Melchisedech,
1397 2014 1446 2040 eo

120 2056 221 2108 quod
256 2056 401 2096 dictum
438 2059 487 2096 sit
523 2058 574 2112 dev
598 2059 771 2098 Christo:
810 2067 850 2098 tu
887 2073 929 2099 es
960 2059 1144 2101 sacerdos
1176 2060 1214 2098 in
1245 2066 1444 2098 aeternum

118 2113 327 2153 secundum
359 2114 533 2164 ordinem
563 2116 854 2156 Melchisedech
867 2119 922 2167 4).
982 2117 1081 2156 Nam
1107 2117 1211 2164 illum
1235 2116 1446 2156 Melchise-

117 2170 217 2210 dech
242 2173 475 2227 praecipuae
501 2175 650 2225 gratiae
677 2175 887 2213 coelestem
920 2188 1005 2214 esse
1030 2177 1228 2222 virtutem,
1266 2188 1314 2213 eo
1341 2174 1443 2226 quod

116 2237 208 2280 agat
233 2230 405 2274 Christus
430 2245 500 2282 pro
526 2231 742 2270 hominibus
769 2229 1074 2284 deprecator'et
1098 2232 1307 2272 advocatus
1338 2234 1442 2284 ipso-

115 2299 196 2325 rum
233 2288 376 2336 factus;
414 2288 704 2328 Melchisedech
743 2288 878 2329 facere
915 2304 986 2342 pro
1026 2290 1260 2329 coelestibus
1291 2290 1442 2342 angelis

114 2352 228 2397 atque
253 2345 471 2397 virtutibus.
536 2345 634 2385 Nam
662 2360 746 2386 esse
773 2348 876 2386 illum
902 2362 1022 2401 usque
1052 2348 1152 2387 adeo
1180 2348 1333 2387 Christo
1360 2360 1442 2386 me-

84 2395 90 2401 ’
113 2402 267 2451 liorem,
295 2411 336 2442 ut
360 2400 522 2459 ἀπάτωρ
546 2405 612 2452 sit,
640 2402 799 2460 ἀμήτωρ
824 2407 891 2453 sit,
919 2402 1219 2460 ἀγενεαλογητὸς
1243 2406 1305 2454 sit,
1331 2405 1438 2444 cuius

204 2508 240 2548 1)
267 2508 382 2549 „Aliiz
407 2507 821 2542 Proculum.“1unius.
894 2511 931 2551 2)
956 2510 1218 2550 Vv.suntqui
1237 2521 1265 2541 κ.
1288 2509 1436 2542 Aesch-

110 2562 227 2592 pron.
247 2564 316 2586 non
337 2556 417 2586 sunt
436 2555 471 2586 in
486 2555 537 2586 ed.
551 2556 579 2587 1.
593 2555 700 2588 Rhen.
810 2556 846 2596 3)
871 2557 979 2588 Rhen.
1001 2557 1315 2598 adprehensus,
1337 2556 1434 2587 Pam.

110 2599 432 2677 gt213igtrc1hzristi
464 2610 537 2641 pro
569 2610 670 2636 nom.
698 2603 1045 2645 comprehensus.
1108 2654 1117 2661 X
1153 2604 1189 2644 ἢ)
1217 2602 1319 2634 Hebr.
1345 2604 1376 2643 5,
1404 2604 1435 2632 6.

133 2669 142 2687 2
203 2669 211 2678 ·
260 2667 270 2687 ›
331 2670 338 2679 ·
