1566 2808
397 200 523 234 ADV.
558 199 922 232 MARCIONEM
955 199 1133 231 LIBER
1169 201 1194 230 1.
1381 197 1453 235 Ba

129 306 229 335 novo
255 293 347 333 nihil
370 292 621 345 praescribit,
654 292 723 332 sed
755 291 803 332 de
827 300 962 332 vetere
988 293 1076 345 lege
1102 289 1353 338 solummodo,
1380 292 1453 330 nisi

130 352 306 404 quoniam
328 350 404 390 lide
425 357 602 389 manente
623 351 660 388 in
682 358 899 389 creatorem
921 350 1004 388 sola
1029 350 1093 388 lex
1118 350 1200 388 eius
1221 361 1452 388 concessare

128 408 321 448 debebat?
342 415 384 446 ut
408 415 448 446 et
472 408 638 459 psalmus
662 408 726 446 ille
754 409 1044 459 praecinuerat:
1072 406 1347 459 disrumpamus
1371 407 1454 445 vin*-

129 467 217 518 cula
241 479 264 504 a
287 465 398 504 nobis
423 478 555 503 eorum
581 472 621 503 et
645 466 868 503 abiiciamus
888 478 1020 504 eorum
1046 466 1173 516 iugum
1200 478 1222 503 a
1247 464 1377 512 nobis3
1405 477 1454 503 ex

128 536 203 576 quo
227 524 380 563 scilicet
405 523 653 561 tumultuatae
675 530 762 561 sunt
787 530 924 573 gentes
949 530 989 561 et
1013 523 1143 575 populi
1171 522 1342 561 meditati
1368 528 1455 560 sunt

126 581 274 629 inania3
312 581 518 630 astiterunt
548 593 662 631 reges
695 587 824 618 terrae
857 588 896 618 et
921 582 1164 631 magistratus
1190 581 1454 619 circumvene—

126 639 266 687 runt¹)
305 639 343 677 in
380 651 493 676 unum
531 637 714 676 adversus
751 637 943 676 dominum
981 645 1021 676 et
1050 637 1234 677 adversus
1260 637 1453 675 Christum

126 696 278 745 eius2).
341 695 391 734 Et
427 696 575 747 utique,
615 696 646 733 si
684 696 779 733 alius
817 694 910 733 deus
941 694 1235 746 praedicaretur
1265 706 1287 731 a
1319 692 1452 740 Paulo,

99 771 104 776 ·
127 753 230 792 nulla
255 751 488 803 disceptatio
515 760 619 790 esset
643 751 856 790 servandae
883 752 1000 802 legis,
1039 764 1111 789 nec
1138 764 1205 797 ne,
1233 763 1308 788 non
1334 751 1454 803 perti-

126 810 254 848 nentis
278 810 432 847 scilicet
461 808 510 846 ad
543 808 733 847 dominum
766 822 903 847 novum
935 815 976 847 et
1000 809 1187 847 aemulum
1215 809 1332 859 legis,
1371 810 1454 860 ipsa

126 867 227 906 enim
246 865 310 906 dei
330 867 479 917 novitas
500 873 614 918 atque
635 866 838 905 diversitas
857 866 1080 905 abstulisset
1099 879 1174 904 non
1196 865 1309 904 modo
1336 878 1454 917 quae-

125 925 289 963 stionem
319 925 463 963 veteris
494 931 535 962 et
567 925 718 963 alienae
750 925 868 975 legis,
904 937 1037 962 verum
1065 937 1214 963 omnem
1240 925 1322 975 eius
1348 935 1454 962 men·

125 982 283 1020 tionem.
346 980 425 1020 Sed
450 981 513 1020 hic
540 989 625 1020 erat
649 988 752 1020 totus
778 988 898 1020 status
925 982 1178 1033 quaestionis,
1213 980 1334 1033 quod,
1368 994 1452 1019 cum

124 1037 237 1081 idem„
253 1038 348 1078 deus
372 1039 470 1090 legis
496 1040 533 1077 in
555 1039 709 1077 Christo
736 1038 1048 1091 praedicaretur,
1076 1039 1153 1090 legi
1180 1040 1262 1078 eius
1287 1038 1453 1089 deroga-

125 1103 248 1136 retur.
312 1095 450 1135 Stabat
485 1097 603 1148 igitur
639 1096 735 1136 fides
766 1110 919 1149 semper
948 1098 987 1135 in
1020 1104 1200 1135 creatore
1234 1103 1273 1135 et
1299 1096 1453 1134 Christo

126 1153 227 1200 eius,
265 1153 333 1193 sed
373 1156 618 1193 conversatio
658 1162 698 1193 et
729 1153 934 1206 disciplina
964 1154 1136 1192 nutabat.
1197 1153 1296 1192 Nam
1323 1160 1363 1191 et
1387 1153 1452 1190 alii

126 1209 175 1250 de
201 1209 419 1263 idolothyto
446 1210 621 1260 edendo,
650 1212 715 1249 alii
742 1211 790 1250 de
817 1212 1016 1249 mulierum
1040 1211 1278 1256 velamento,
1311 1210 1377 1248 alii
1404 1208 1452 1248 de

126 1268 268 1320 nuptiis
293 1269 354 1307 vel
379 1267 572 1321 repudiis,
607 1269 778 1306 nonnulli
810 1275 849 1306 et
874 1267 921 1306 de
948 1273 1015 1319 spe
1047 1268 1345 1307 resurrectionis
1378 1265 1453 1305 dis-

127 1325 354 1378 ceptabant,
393 1325 441 1364 de
479 1325 553 1364 deo
591 1339 716 1364 nemo.
790 1325 888 1364 Nam
925 1327 957 1363 si
994 1326 1131 1363 fuisset
1167 1325 1264 1363 haec
1303 1337 1453 1376 quoque

126 1383 301 1435 quaestio
339 1382 574 1433 disceptata,
618 1389 658 1420 et
694 1383 777 1433 ipsa
812 1381 913 1433 apud
949 1383 1164 1433 apostolum
1202 1383 1452 1427 inveniretur,

125 1440 186 1479 vel
213 1445 355 1492 quanto
381 1439 620 1491 principalis.
682 1438 792 1486 Quod
818 1440 850 1477 si
875 1445 964 1490 post
988 1439 1251 1490 apostolorum
1278 1445 1453 1490 tempora

114 1496 353 1541 ,adulterium
383 1498 527 1535 veritas
558 1509 671 1549 passa
703 1503 762 1535 est
793 1497 900 1534 circa
931 1495 994 1534 dei
1027 1496 1218 1545 regulam,
1257 1508 1353 1546 ergo
1380 1497 1451 1534 iam

125 1554 342 1607 apostolica
367 1553 524 1593 traditio
551 1554 644 1594 nihil
669 1567 782 1606 passa
814 1560 874 1592 est
898 1554 936 1592 in
960 1560 1135 1605 tempore
1162 1566 1230 1591 suo
1258 1554 1364 1592 circa
1390 1552 1453 1592 dei

125 1612 312 1664 regulam.
373 1611 424 1650 Et
459 1625 535 1650 non
572 1612 648 1650 alia
685 1610 934 1662 agnoscenda
965 1612 1041 1649 erit
1070 1610 1228 1649 traditio
1255 1611 1453 1662 apostolo-

125 1682 221 1717 rum,
249 1682 358 1722 quam
385 1682 482 1722 quae
508 1668 624 1708 hodie
649 1668 750 1721 apud
775 1670 943 1721 ipsorum
969 1669 1159 1707 ecclesias
1185 1667 1323 1707 editur.
1355 1667 1452 1706 Nul-

126 1727 200 1766 lam
230 1734 357 1766 autem
389 1727 594 1779 apostolici
621 1738 758 1766 census
789 1727 997 1766 ecclesiam
1023 1727 1214 1772 invenias,
1253 1739 1349 1777 quae
1376 1739 1452 1763 non

126 1785 165 1822 in
203 1790 382 1822 creatore
420 1784 696 1823 christianizet.
759 1782 840 1822 Aut
869 1784 901 1821 si
932 1784 1006 1821 hae
1038 1790 1152 1821 erunt
1180 1796 1203 1820 a
1239 1781 1451 1834 primordio

127 1847 355 1893 corruptae,
383 1853 479 1892 quae
506 1847 618 1878 eruut
642 1842 844 1891 integrae?
868 1841 1042 1878 nimirum
1069 1839 1314 1878 adversariae
1341 1852 1453 1879 crea-

125 1899 248 1938 toris?
293 1898 445 1937 Exhibe
477 1910 573 1949 ergo
606 1898 769 1949 aliquam
803 1911 852 1936 ex
882 1898 957 1936 tuis
987 1897 1192 1949 apostolici
1218 1910 1374 1944 census,
1413 1905 1454 1936 et

127 1954 348 1995 obduxeris.
397 1955 523 2006 lgitur
548 1968 632 1994 cum
659 1955 833 1993 omnibus
858 1955 982 1993 modis
1008 1961 1173 2001 constet,
1200 1955 1314 1993 alium
1341 1954 1451 1993 deum

125 2014 166 2052 in
189 2013 326 2065 regula
356 2013 588 2052 sacramenti
618 2013 727 2051 istius
760 2026 836 2051 non
867 2013 984 2051 fuisse
1017 2025 1040 2050 a
1072 2012 1226 2050 Christo
1258 2025 1376 2064 usque
1402 2011 1452 2050 ad

125 2070 383 2117 Marcionem,
418 2084 527 2122 quam
554 2077 791 2117 creatorem,
829 2071 922 2108 satis
947 2071 1022 2108 iam
1047 2076 1088 2108 et
1111 2070 1291 2121 probatio
1318 2077 1452 2109 nostra

125 2129 270 2167 munita
294 2135 366 2175 est,
400 2141 473 2180 qua
499 2127 733 2166 ostendimus
758 2128 931 2166 notitiam
958 2127 1021 2166 dei
1046 2128 1235 2166 haeretici
1258 2140 1311 2166 ex
1335 2140 1452 2166 evan-

128 2185 221 2237 getii
245 2192 287 2224 et
310 2186 408 2237 legis
433 2186 678 2237 separatione
705 2186 875 2237 cepisse,
914 2192 955 2223 et
986 2184 1160 2223 delinitio
1191 2186 1370 2236 superior
1394 2186 1452 2222 in-

127 2249 276 2282 structa
299 2250 370 2290 est,
397 2256 474 2281 non
499 2256 584 2282 esse
611 2242 845 2282 credendum
871 2242 996 2289 deum,
1023 2255 1133 2294 quem
1159 2242 1273 2280 homo
1300 2241 1349 2283 de
1374 2242 1451 2279 suis

127 2299 302 2339 sensibus
327 2302 605 2352 composuerit,
643 2301 715 2339 nisi
739 2301 853 2353 plane
878 2296 1096 2353 προφήτης,
1130 2299 1169 2337 id
1195 2306 1272 2344 est,
1299 2311 1375 2336 non
1402 2297 1450 2337 de

126 2357 206 2396 suis
230 2355 417 2396 sensibus.
479 2357 588 2405 Quod
609 2359 641 2396 si
665 2357 840 2396 Marcion
866 2359 1011 2409 poterit
1035 2356 1125 2402 dici,
1153 2355 1311 2394 debebit
1335 2355 1450 2394 etiam

127 2414 299 2467 probari.
348 2413 455 2452 Nihil
480 2421 696 2453 retractare
723 2415 942 2466 oportebat.
999 2414 1082 2453 Hoc
1109 2414 1208 2452 enim
1235 2425 1364 2452 cuneo
1382 2425 1451 2452 ve-

222 2595 258 2639 ¹)
284 2597 358 2639 mg.
379 2599 710 2644 conveneruny
786 2598 823 2638 2)
849 2598 903 2629 Pa.
917 2599 948 2641 2,
963 2600 993 2629 3.
1019 2585 1096 2630 1.2.Δ
