1624 2826
1519 149 1536 166 a

199 190 298 227 312
457 190 582 222 ADv.
619 189 983 228 MARCIONEM
1020 189 1197 222 LIBER
1233 189 1346 239 V.⁸39}3

898 260 901 262 -
947 241 951 244 ·
1253 259 1262 262 <
1303 239 1345 274 τῇ
1373 272 1375 275 ⁴

201 283 365 323 conditis
391 284 428 321 iu
445 283 629 329 Christe,
657 283 694 320 in
722 282 843 321 coelis
869 289 907 321 et
932 282 970 320 in
996 281 1130 329 terris,
1163 277 1529 336 angelis'fetjiogii-

200 342 328 389 nibus3
357 341 428 379 nisi
453 353 502 380 ex
527 341 600 378 illis
627 340 879 378 invisibilibus
906 347 946 378 et
968 339 1194 386 visibilibus,
1222 332 1532 388 nisiex‘ffiffiis

201 405 241 438 et
272 397 594 438 dominationibus
621 404 660 436 et
685 397 964 450 principatibus
995 404 1034 436 et
1066 391 1348 450 potestatibus?
1395 394 1531 450 Aut&

202 458 299 496 hace
325 454 613 508 pseudapostoli
641 456 761 494 nostri
789 462 828 494 et
855 454 1000 494 Iudaici
1027 451 1362 508 evangelizatores
1382 451 1436 492 'sse
1462 467 1532 493 suo

203 515 420 561 intulerint,
463 519 504 553 et
540 513 587 552 ad
620 513 897 566 plenitudinem
929 512 992 552 dei
1025 513 1090 552 sui·
1115 512 1311 560 Marcion,
1351 513 1414 565 qui
1440 512 1533 558 nihil

203 570 594 611 condiditmeterum
622 571 734 623 quale
761 578 831 618 est,
859 578 901 609 ut
925 569 1200 623 plenitudinem
1229 570 1440 618 creat-oris,
1468 560 1548 609 aa

203 631 323 669 mulus
349 636 389 668 et
414 628 636 668 destructor
661 630 761 676 eius,
801 629 838 667 in
865 642 934 667 suo
962 628 1116 667 Christo
1143 628 1319 667 habitare
1346 628 1537 678 voluerit?

204 688 273 726 Cui
301 686 464 738 denique
489 687 721 725 reconciliat
735 687 913 725 omniain
935 693 1057 725 semet
1077 687 1210 739 ipsum,
1237 698 1372 738 pacem
1387 686 1536 725 faciens

203 758 274 797 per
299 745 425 782 erucis
450 757 542 783 suae
568 745 851 795 sauguinem,¹)
879 745 948 782 nisi
977 757 1085 796 quem
1114 742 1358 783 offenderant
1383 743 1537 782 univer-

205 816 259 849 sa,
286 800 469 839 adversus
495 813 604 852 quem
631 801 918 839 rebellaverant
941 814 1012 852 per
1038 802 1399 852 transgressionem,
1428 801 1536 840 euius

206 860 408 898 novissime
435 858 612 897 fuerant?
673 858 883 896 Conciliari
910 859 1009 897 enim
1037 866 1224 897 extraneo
1250 865 1435 910 possent,
1474 870 1538 896 re-

206 916 408 955 conciliari
435 929 527 954 vero
555 929 630 954 non
661 916 752 962 alii,
792 928 901 967 quam
935 929 1020 954 suo.
1084 914 1141 954 Ita
1174 922 1213 954 ct
1244 929 1314 954 nos
1347 913 1538 967 quondam

207 975 395 1013 alienatos
426 981 466 1012 et
496 974 672 1012 inimicos
704 975 817 1012 sensu
849 974 886 1011 in
919 973 1026 1011 malis
1065 973 1247 1025 operibus
1279 973 1451 1011 creatori
1475 984 1539 1011 re-

206 1031 303 1084 digit
334 1033 371 1069 in
404 1032 632 1082 gratiam,²)
673 1032 779 1069 cuius
811 1029 1086 1070 admiseramus
1119 1030 1324 1077 offensam,
1364 1029 1540 1070 colentes

206 1088 467 1128 conditionem
498 1088 683 1127 adversus
716 1095 948 1127 creatorem.
1012 1087 1146 1126 Sicubi
1183 1094 1311 1126 autem
1344 1094 1384 1126 et
1409 1088 1537 1126 eccle*

205 1149 296 1185 siam
325 1159 464 1198 corpus
491 1146 633 1184 Christi
661 1144 755 1184 dicit
780 1158 880 1192 esse,
906 1152 948 1185 nt
971 1145 1035 1184 hie
1062 1147 1116 1184 ait
1141 1143 1353 1198 adimplere
1379 1158 1421 1184 se
1447 1146 1540 1185 reli-

207 1218 278 1257 qua
304 1217 567 1256 pressurarum
601 1203 744 1242 Christi
776 1205 814 1241 in
848 1216 964 1242 earne
997 1217 1067 1256 pro
1102 1216 1268 1256 corpore
1295 1204 1397 1252 eius,
1437 1202 1544 1256 quod

206 1270 265 1301 est
290 1262 525 1310 ecelesia,3)
565 1275 641 1300 non
668 1268 877 1313 propterea
904 1268 943 1300 et
974 1261 1014 1300 in
1037 1268 1159 1300 totum
1186 1262 1419 1300 mentionem
1451 1274 1542 1301 eor-

205 1321 309 1372 poris
335 1320 546 1358 transferes
571 1333 593 1358 a
618 1319 829 1369 substantia
856 1320 994 1358 carnis.
1048 1318 1163 1368 [Nam
1195 1326 1234 1358 et
1259 1332 1374 1373 supra
1399 1332 1543 1359 recon-

207 1378 330 1415 ciliari
356 1390 425 1414 nos
451 1378 505 1414 ait
529 1378 568 1414 in
595 1390 760 1428 corpore
785 1377 869 1416 eius
895 1384 1032 1424 morte,
1061 1376 1162 1429 quod
1189 1384 1248 1416 est
1262 1377 1444 1424 ecelesia,
1472 1375 1540 1416 sed

207 1448 281 1472 non
309 1447 493 1485 prospere
526 1440 566 1471 et
596 1434 633 1471 in
669 1441 785 1472 totuin
818 1435 1051 1472 mentionem
1077 1436 1255 1486 corporis
1280 1435 1493 1474 transferes
1518 1447 1542 1474 a

208 1491 420 1529 substantia
447 1491 604 1540 earnis]
624 1491 663 1541 4)
721 1490 819 1529 Nam
847 1498 887 1528 et
911 1504 1025 1542 supra
1052 1492 1302 1530 reconciliari
1328 1506 1398 1531 nos
1422 1493 1478 1532 ait
1503 1493 1541 1534 in

210 1561 374 1600 corpore
401 1549 482 1587 eius
507 1561 579 1600 per
603 1555 791 1595 mortem,
813 1550 848 1595 5)
877 1549 1007 1599 utique
1034 1549 1071 1586 in
1099 1561 1146 1586 eo
1174 1562 1360 1601 corpore,
1401 1547 1439 1587 in
1466 1563 1540 1601 quo

208 1607 304 1645 mori
330 1607 454 1658 potuit
479 1618 550 1657 per
575 1618 743 1650 carnem.
804 1605 979 1644 Mortuus
1005 1612 1083 1653 est,
1122 1619 1198 1644 non
1222 1619 1294 1658 per
1319 1607 1540 1654 ecclesiam,

207 1665 320 1716 plane
347 1670 506 1716 propter
531 1663 759 1710 eeclesiam,
799 1677 939 1716 corpus
966 1662 1235 1702 commutando
1261 1677 1331 1716 pro
1360 1677 1539 1716 corpore,

209 1722 364 1759 carnale
397 1735 467 1774 pro
494 1721 669 1773 spiritali.
732 1720 786 1759 At
812 1735 896 1759 eum
923 1728 1072 1768 monet,
1106 1720 1316 1760 cavendum
1344 1735 1365 1760 a
1391 1721 1542 1760 subtili-

208 1779 404 1831 loquentia
437 1785 478 1817 et
509 1779 777 1831 philosophia,
815 1786 856 1817 ut
875 1779 911 1828 ⁰)
940 1779 1042 1816 inani
1075 1777 1328 1827 seductione,
1369 1792 1465 1831 quae
1492 1781 1542 1818 sit

208 1835 414 1875 seeundum
459 1836 651 1875 elementa
687 1835 887 1884 mundi,'¹)
927 1850 1002 1874 non
1040 1835 1248 1876 secundum
1288 1836 1438 1876 coelum
1477 1844 1543 1876 aut

208 1902 350 1933 terram
376 1892 522 1941 dicens,
550 1893 618 1932 sed
644 1893 851 1933 secundum
878 1894 1011 1933 literas
1036 1895 1246 1942 seculares,
1273 1902 1314 1934 et
1332 1894 1542 1934 secundum

209 1951 479 1999 traditionem,
519 1953 672 1991 seilicet
702 1953 894 1990 homiuum
928 1952 1261 2004 subtililoquorum
1293 1959 1334 1991 et
1368 1952 1542 2005 philoso-

209 2010 388 2061 phorum:
439 2010 594 2061 longum
627 2017 686 2048 est
718 2009 868 2062 quidem
901 2017 941 2048 et
971 2010 1131 2049 alterius
1163 2011 1293 2063 operis
1319 2009 1540 2057 ostendere,

210 2068 281 2106 hae
308 2068 499 2106 sententia
526 2080 657 2106 omnes
682 2068 866 2106 haereses
893 2066 1078 2115 damnari,
1105 2067 1206 2120 quod
1233 2081 1364 2106 omnes
1390 2081 1440 2107 ex
1453 2067 1542 2107 sub-

211 2125 491 2177 tililoquentiae
517 2125 661 2164 viribus
687 2132 727 2164 et
752 2126 1020 2178 philosophiae
1046 2126 1192 2177 regulis
1219 2132 1409 2166 constent.
1462 2124 1541 2164 Sed

210 2182 384 2222 Marcion
411 2183 661 2235 principalem
688 2196 778 2221 suae
807 2181 896 2222 fidei
922 2185 1124 2223 terminum
1150 2182 1197 2222 de
1224 2183 1383 2236 Epicuri
1409 2182 1543 2225 schola

212 2248 410 2291 agnoscat,
438 2239 630 2279 dominum
656 2241 827 2280 inferens
854 2241 1050 2289 hebetem,
1083 2254 1131 2280 ne
1159 2242 1284 2280 timeri
1311 2240 1416 2283 dicat
1441 2254 1540 2288 eum,

214 2299 409 2337 collocans
435 2305 476 2337 et
502 2301 585 2337 eum
613 2297 686 2337 deo
714 2306 894 2338 creatore
920 2301 1120 2339 materiam
1141 2298 1189 2338 de
1215 2299 1370 2352 porticu
1386 2297 1542 2348 Stoico-

1464 2343 1537 2419 ἃ»

308 2459 344 2497 1)
373 2461 445 2491 eoi.
473 2463 504 2500 1,
533 2463 587 2493 20.
683 2462 719 2501 2)
746 2463 791 2494 ib.
820 2473 849 2493 v.
869 2464 922 2495 21.
1026 2460 1064 2505 3)
1091 2463 1134 2493 ib.
1160 2471 1189 2493 v.
1218 2462 1271 2491 24.
1365 2457 1404 2500 4)
1424 2436 1586 2505 ΓἿΨᾏἿΝ

216 2504 315 2534 uncis
335 2505 468 2537 inclusa
492 2510 572 2538 sunt
597 2510 731 2539 tautum
758 2509 792 2538 iu
819 2509 869 2539 ed.
895 2511 937 2549 1.‚
969 2520 988 2541 a
1014 2509 1181 2540 Rheuano
1207 2509 1320 2538 autem
1349 2503 1495 2544 cetfflsq
1512 2495 1539 2509 β

217 2548 310 2579 editt.
336 2556 429 2582 recte
455 2551 577 2584 deleta.
674 2553 710 2597 5)
739 2555 811 2586 Col.
839 2556 870 2596 1,
892 2555 944 2587 22.
1053 2555 1090 2595 6)
1115 2553 1312 2592 ciaconium
1339 2552 1393 2584 Fr.
1410 2548 1570 2603 luniusf!

215 2594 288 2633 lug.
316 2599 363 2626 et.
459 2599 495 2639 Ἴ)
523 2600 595 2631 Col.
610 2601 640 2641 2,
657 2602 687 2630 8.
1478 2617 1498 2636 ι
1514 2607 1524 2613 “
