1604 2800
185 216 292 255 ³14
640 213 766 246 Anv.
802 211 1080 242 iunAEos.

188 317 227 349 et
242 309 348 348 lesus
363 306 411 345 ob
427 306 591 345 nominis
604 302 668 343 'sui
688 304 853 342 futurum
874 308 1175 350 sacramentum3
1202 299 1242 341 id
1261 301 1363 341 enim
1381 314 1524 342 nomen

188 381 294 405 suum
316 364 569 409 confirmavit,
597 360 699 415 quod
725 363 807 414 ipse
834 360 872 400 ei
896 359 1103 406 indiderat,
1131 359 1218 411 quia
1243 372 1320 398 non
1345 359 1524 412 angelum

189 438 261 463 nec
276 423 421 469 Ausen‚
449 420 518 460 sed
533 420 657 460 lesum
683 433 769 458 eum
789 419 955 458 iusserat
975 415 1116 457 exinde
1134 417 1282 457 vocari.
1322 414 1388 456 Sic
1407 417 1528 469 igitur

187 489 388 533 utrumque
416 491 554 516 nomen
582 479 768 529 competit
793 476 946 515 Christo
974 474 1058 522 dei,
1090 481 1133 514 ut
1157 482 1196 514 et
1222 470 1331 514 Iesus
1356 474 1530 527 appella-

188 545 310 577 retur.
361 537 411 575 Et
437 537 615 588 quoniam
641 548 691 574 ex
716 534 860 573 semine
887 531 1010 572 David
1036 545 1157 584 genus
1181 532 1338 573 trahere
1365 531 1531 572 deberet

188 598 319 647 virgo,
359 607 409 633 ex
447 607 520 645 qua
552 593 658 631 nasci
685 592 857 644 oportuit
883 590 1096 637 Christum,
1134 596 1176 628 ut
1199 601 1314 642 supra
1339 601 1531 628 memora-

192 655 329 699 vimus,
369 650 571 690 evidenter
610 650 792 699 [Esaias]
831 649 1022 700 propheta
1057 648 1097 686 in
1129 646 1377 699 sequentibus
1414 646 1530 686 dixin

191 718 231 748 ct
257 717 449 756 nascetur,
483 709 624 760 inquit,
657 708 767 758 virga
793 705 840 746 de
867 705 1000 745 radice
1027 705 1151 752 Iesse,
1184 703 1285 756 quod
1311 711 1371 744 est
1394 703 1532 750 Maria,

193 775 232 806 et
257 768 328 807 ilos
355 766 402 805 de
435 765 568 804 radice
608 766 690 804 eius
728 762 916 803 ascendet
946 771 987 803 et
1016 763 1240 815 requiescet
1275 774 1392 815 super
1427 761 1533 800 illum

194 826 349 875 spiritus
389 822 472 869 dei,
511 829 552 860 et
587 823 743 872 spiritus
780 822 996 872 sapientiae
1029 828 1069 859 et
1099 819 1340 867 intellectus,
1379 819 1536 872 spiritus

194 880 403 932 agnitionis
435 886 475 918 et
504 879 678 930 pietatis,
718 879 872 929 spiritus
911 878 1063 915 consilii
1101 884 1141 915 et
1170 877 1341 923 virtutis,
1378 876 1537 928 spiritns

195 937 260 976 dei
291 938 440 975 timoris
471 935 646 986 implebit
677 935 850 984 illum.¹)
923 933 1061 985 Neque
1100 933 1202 972 enim
1237 932 1306 972 ulli
1342 931 1537 972 hominum

195 994 426 1033 universitas
464 993 690 1044 spiritalium
730 991 1048 1030 documentorum
1087 989 1352 1043 competebat,
1389 990 1464 1029 nisi
1498 991 1539 1029 in

197 1051 405 1097 Christum,
431 1051 520 1088 flori
548 1048 700 1101 quidem
728 1048 776 1086 ob
804 1047 967 1099 gratiam
981 1046 1022 1099 ²)
1048 1045 1317 1098 adaequatum,
1343 1058 1394 1086 ex
1418 1047 1539 1099 stirpe

197 1116 325 1148 autem
345 1108 449 1146 Iesse
471 1106 706 1159 deputatum,
734 1119 805 1158 per
819 1105 982 1144 Mariam
1002 1105 1154 1144 scilieet
1174 1102 1264 1144 inde
1291 1102 1538 1146 censendum.

197 1167 284 1204 Fuit
321 1166 422 1204 enim
454 1164 503 1203 de
535 1165 662 1216 patria
693 1163 921 1203 Bethlehem
954 1169 995 1201 et
1026 1161 1074 1201 de
1113 1160 1227 1201 domo
1259 1159 1403 1208 David,
1441 1162 1542 1202 sicut

199 1222 300 1275 apud
314 1222 510 1261 Romanos
531 1224 569 1260 in
592 1235 709 1261 censu
737 1220 934 1274 descripta
955 1226 1015 1259 est
1033 1219 1171 1267 Maria,
1197 1232 1247 1259 ex
1272 1231 1346 1271 qua
1371 1219 1546 1265 nascitun

199 1281 388 1319 Christus.
451 1280 665 1332 Expostulo
705 1280 840 1326 etiam,
879 1285 920 1317 et
946 1278 1035 1330 quia
1059 1291 1081 1316 a
1107 1277 1307 1329 prophetis
1338 1274 1543 1328 praedica-

200 1339 316 1377 batur
341 1351 392 1376 ex
416 1337 521 1376 Iesse
559 1350 706 1388 genere
742 1344 944 1383 venturus,
983 1342 1024 1375 et
1049 1347 1200 1376 omnem
1225 1334 1478 1374 bumilitatem
1503 1340 1545 1374 et
1577 1379 1581 1383 ¹

202 1396 428 1447 patientiam
455 1402 496 1433 et
519 1395 839 1446 tranquillitatem
872 1400 976 1433 esset
1007 1392 1266 1439 exhibiturus,
1304 1404 1352 1430 an
1377 1391 1542 1433 venerit.

203 1452 333 1503 Atque
359 1453 413 1489 ita
438 1452 470 1490 is
497 1451 631 1498 homo,
671 1453 734 1502 qui
759 1452 848 1490 talis
874 1449 1110 1498 ostenditur,
1143 1450 1227 1502 ipse
1254 1449 1328 1489 erit
1354 1448 1542 1494 Christus,

208 1509 271 1559 qui
294 1509 413 1546 venit.
475 1506 532 1545 De
558 1508 633 1545 hoc
661 1508 760 1546 enim
787 1507 977 1558 propheta
1005 1507 1186 1556 [Esaias]
1220 1505 1334 1546 dicit:
1366 1506 1481 1547 homo
1506 1506 1547 1547 in

207 1566 323 1617 plaga
348 1564 515 1615 positus,
554 1570 594 1602 et
624 1564 752 1601 sciens
778 1563 882 1602 ferre
908 1563 1233 1609 imbecillitatem,
1272 1564 1335 1614 qui
1364 1569 1547 1614 tanquam

210 1623 292 1660 ovis
317 1620 366 1660 ad
390 1621 583 1659 victimam
610 1619 746 1660 ductus
772 1627 844 1670 est,
871 1627 912 1658 et
935 1621 1036 1659 sicut
1059 1633 1181 1670 agnus
1207 1632 1339 1658 coram
1359 1618 1547 1661 tondente

209 1692 250 1718 se
277 1692 353 1717 non
379 1678 532 1729 aperuit
557 1691 599 1716 os
625 1691 744 1717 suum.
760 1680 798 1727 3)
856 1677 898 1716 Si
923 1691 1048 1730 neque
1075 1675 1288 1724 contendit,
1315 1687 1448 1730 neque*
1466 1676 1549 1718 ela-

210 1737 346 1783 mavit,
378 1747 504 1787 neque
529 1734 661 1774 audita
687 1742 746 1774 est
770 1736 866 1774 foris
890 1748 967 1774 vox
991 1736 1088 1782 eius,
1115 1736 1178 1787 qui
1203 1733 1430 1775 arundinem
1455 1748 1549 1776 eon·

209 1801 353 1840 tusam,
386 1791 425 1830 id
456 1799 516 1831 est
541 1806 715 1844 quassam
741 1792 897 1832 Israelis
930 1792 1063 1839 fidem,
1102 1805 1179 1831 non
1211 1793 1454 1840 comminuit,
1485 1793 1549 1845 qui

211 1852 327 1890 linum
354 1849 513 1897 ardens,
546 1849 585 1888 id
617 1857 678 1889 est
707 1857 1013 1890 momentaneum
1039 1848 1218 1889 ardorem
1245 1851 1435 1901 gentium,
1473 1863 1551 1889 non

212 1909 467 1956 exstinxit,4)
506 1906 575 1946 sed
606 1908 740 1947 lucere
770 1909 892 1960 magis
922 1908 1020 1947 fecit
1050 1914 1138 1946 ortu
1169 1907 1320 1947 luminis
1355 1908 1434 1948 suiz
1472 1919 1550 1947 non

149 1982 162 1992 ·
212 1972 344 2017 potest
367 1965 464 2003 alius
490 1978 594 2012 esse,
628 1978 738 2017 quam
765 1967 828 2017 qui
853 1964 1163 2017 praedicabatur.
1227 1964 1392 2018 Oportet
1420 1965 1550 2017 itaque

216 2030 341 2061 actum
370 2022 514 2061 Christi
540 2024 641 2070 eius,
675 2024 739 2075 qui
761 2024 881 2069 venit,
914 2021 964 2061 ad
989 2022 1463 2074 scripturarumregulam
1487 2033 1552 2061 re-

218 2080 419 2130 cognosci.
480 2079 634 2132 Duplici
660 2081 778 2127 enim‚
812 2081 884 2118 nisi
908 2080 1042 2126 fallor,
1075 2080 1304 2132 operatione
1329 2077 1551 2119 distinctum

218 2150 303 2175 eum
341 2138 502 2188 legimus
539 2137 842 2189 praedicationis
879 2144 920 2176 et
953 2137 1119 2177 virtutis.
1192 2134 1268 2176 Sed
1302 2134 1351 2180 de
1387 2143 1552 2188 utroque

218 2194 329 2232 titulo
356 2195 411 2232 sic
438 2194 699 2246 disponam.⁵)
748 2195 881 2246 ltaque
907 2194 1132 2248 specialiter
1156 2192 1427 2246 dispungamus
1447 2192 1553 2233 ordi·

219 2264 305 2289 nem
322 2258 513 2303 coeptum,
536 2251 723 2291 docentes
744 2251 1055 2304 praedicatorem
1068 2249 1330 2291 adnuntiatum
1346 2250 1552 2297 Christum,

220 2314 263 2345 ut
281 2321 351 2359 per
369 2308 541 2347 Esaiam:
569 2310 756 2357 exclama,
783 2310 918 2362 inquit,
943 2310 983 2348 in
1006 2309 1156 2365 vigore,
1183 2315 1223 2348 et
1247 2321 1295 2351 ne
1314 2307 1552 2361 peperceras,

320 2468 357 2506 1)
371 2470 433 2499 les.
448 2470 503 2508 11,
519 2471 596 2507 1sq.
692 2470 728 2508 2)
743 2470 800 2508 Sic
813 2470 906 2510 Rig.;
925 2470 1033 2501 Rhen.
1048 2470 1100 2501 ed.
1114 2471 1140 2502 1.
1159 2469 1246 2502 nini
1270 2468 1442 2501 Christo
1467 2468 1557 2500 flo-

226 2513 318 2544 rido
346 2515 512 2551 quidem
537 2517 585 2546 ob
611 2515 809 2556 gloriam,
836 2519 883 2546 ob
909 2517 1093 2555 gratiam
1118 2518 1184 2547 etc.
1276 2515 1555 2555 3)1e·.53,3.7.

227 2559 261 2595 4)
282 2560 344 2589 les.
364 2561 419 2598 42,
442 2561 524 2598 2sq.
583 2561 706 2591 Matth.
728 2563 781 2602 12,
805 2563 846 2592 19
862 2571 909 2600 sq.
1015 2562 1051 2601 5)
1073 2561 1179 2593 Rhen.
1203 2559 1278 2592 ned
1302 2559 1349 2590 de
1375 2563 1556 2600 utroque

229 2604 384 2641 populo
409 2605 470 2635 sic
497 2606 763 2645 dispositam.
