1604 2800
187 194 293 231 aaa
706 191 778 222 nr:
813 190 1011 223 ΛΝιΜΑ.

187 290 285 328 haec
300 286 452 339 species
467 284 632 324 naturali
646 284 794 324 formae
814 280 1068 336 relinquenda
1088 290 1162 331 est,
1191 295 1349 323 servans
1368 286 1518 326 animae

188 347 303 385 etiam
329 346 367 383 in
394 344 537 383 ecstasi
562 356 625 382 res
650 356 738 382 snas
763 343 939 396 perpeti?
974 341 1032 380 Ea
1057 347 1197 389 autem,
1225 353 1322 394 quae
1348 353 1471 395 neque
1497 357 1522 383 a

185 402 261 442 deo
288 415 412 455 neque
432 414 455 441 a
474 401 679 441 daemonio
705 413 829 453 neque
849 400 896 439 ab
918 400 1043 438 anima
1066 398 1299 438 videbuntur
1322 399 1519 450 accidere,

185 468 226 500 et
250 468 407 514 praeter
433 461 652 513 opinionem
673 466 713 498 et
732 465 891 512 praeter
914 458 1275 511 interpretationem
1301 465 1341 497 et
1363 465 1523 511 praeter

185 521 473 558 enarrationem
504 518 698 557 facultatis
730 518 802 570 ipsi
833 517 992 569 proprie
1025 517 1169 555 ecstasi
1200 522 1241 555 ct
1270 517 1414 556 rationi
1439 517 1522 556 eius

186 577 478 630 separabuntur.

300 639 368 677 48.
433 634 613 674 Certiora
638 641 678 673 et
703 633 894 672 colatiora
925 633 1107 672 somniari
1139 631 1327 671 affirmant
1347 631 1427 671 sub
1454 644 1523 671 ex-

185 694 287 732 timis
313 693 503 740 noctibus,
537 693 644 745 quasi
669 693 744 731 iam
770 697 996 743 emergente
1022 691 1229 729 animarum
1255 691 1404 742 vigore,
1431 703 1522 743 pro-

185 750 302 790 ducto
346 764 501 803 sopore.
574 750 635 788 Ex
671 748 908 801 temporibus
945 755 1073 787 autem
1111 747 1201 786 anni
1235 760 1357 787 verno
1400 747 1523 800 magis

188 810 329 860 quieta,
363 807 465 860 quod
496 814 623 846 aestas
649 806 834 845 dissolvat
858 807 1004 845 animas
1030 813 1070 845 et
1094 805 1215 844 hiems
1242 804 1523 858 quodammodo

186 864 372 912 obduret,
411 872 451 904 et
486 872 706 911 autumnus,
743 869 917 902 tentator
953 864 1048 902 alias
1078 863 1358 911 valetudinum,
1396 864 1524 902 succis

186 936 386 976 pomorum
412 922 660 961 vinosissimis
686 920 818 960 diluat.
870 921 966 959 Item
992 933 1042 959 ex
1067 921 1182 972 ipsius
1208 921 1346 973 quietis
1371 921 1459 968 situ,
1491 921 1525 960 si

187 993 311 1033 neque
338 982 518 1033 resupina
544 993 668 1032 neque
695 978 858 1018 dextero
885 979 1007 1018 latere
1034 977 1251 1026 decumbat,
1279 990 1404 1030 neque
1431 992 1525 1018 con·

186 1039 418 1090 resupinatis
455 1038 636 1085 internis,
677 1037 783 1089 quasi
821 1037 959 1075 refusis
998 1035 1154 1082 loculis,
1193 1035 1308 1074 statio
1347 1047 1525 1076 sensuum

187 1097 314 1134 fluitet
343 1103 410 1134 ant
440 1108 663 1148 compressu
695 1095 838 1133 iecoris
870 1094 1011 1145 angina
1036 1093 1085 1131 sit
1110 1094 1259 1133 mentis.
1321 1091 1400 1133 Sed
1426 1093 1524 1134 haee

188 1154 389 1205 ingeniose
422 1154 618 1192 aestimari
650 1153 777 1205 potius
810 1164 920 1204 quam
947 1157 1173 1190 constanter
1198 1150 1356 1203 probari
1380 1158 1523 1204 putem,

188 1213 262 1250 etsi
287 1211 397 1249 Plato
425 1219 502 1257 est,
537 1212 600 1263 qui
631 1223 679 1249 ea
710 1210 946 1256 aestimavit,
979 1216 1018 1248 et
1051 1209 1216 1248 fortasse
1242 1222 1291 1248 an
1317 1222 1408 1248 casu
1433 1222 1526 1262 pro-

189 1267 342 1307 cedant,
402 1267 587 1320 Alioquin
614 1281 664 1307 ex
688 1268 850 1306 arbitrio
877 1273 992 1306 erunt
1016 1267 1182 1314 somnia,
1215 1267 1247 1306 si
1273 1265 1388 1319 dirigi
1413 1274 1526 1320 pote-

187 1333 289 1365 runt.
351 1325 449 1364 Nam
482 1325 584 1377 quod
610 1333 650 1364 et
675 1324 722 1364 de
750 1325 847 1364 cibis
879 1323 1163 1376 distinguendis
1194 1324 1256 1363 vel
1289 1323 1525 1376 derogandis

188 1397 288 1422 nunc
314 1385 574 1435 praesumptio
595 1397 694 1421 nunc
714 1383 936 1435 superstitio
963 1382 1203 1435 disciplinam
1228 1383 1385 1421 somniis
1410 1395 1526 1435 prae*
1567 1402 1570 1404 ¹

188 1441 337 1486 scribit,
366 1439 656 1478 examinandum
683 1447 760 1478 est:
793 1441 1029 1491 superstitio,
1064 1447 1103 1478 ut
1128 1454 1212 1479 cum
1238 1439 1339 1492 apud
1365 1436 1526 1479 oracula

189 1497 427 1536 incubaturis
446 1498 626 1535 ieiunium
649 1496 846 1543 indicitur,
870 1504 910 1534 ut
930 1498 1194 1536 castimoniam
1215 1497 1384 1546 inducat,
1412 1508 1525 1552 prae-

188 1555 366 1606 sumptio,
394 1562 435 1593 ut
454 1567 539 1592 cum
554 1554 807 1606 Pythagorici
828 1553 876 1592 ob
897 1555 996 1592 hanc
1024 1568 1174 1606 quoque
1200 1556 1370 1606 speciem
1395 1555 1524 1595 fabam

189 1619 374 1663 respuunt
397 1625 604 1651 onerosum
631 1620 670 1651 et
694 1613 864 1650 inflatum
896 1611 1088 1663 pabulum.
1155 1610 1300 1663 Atquin
1331 1614 1432 1651 trina
1458 1613 1525 1651 illa

190 1682 275 1708 cum
297 1669 458 1708 Daniele
475 1671 510 1719 ¹)
538 1671 760 1708 fraternitas
786 1670 978 1720 legumine
1005 1669 1088 1707 solo
1115 1669 1301 1716 contenti,
1329 1683 1377 1708 ne
1403 1670 1524 1721 regiis

187 1727 347 1766 ferculis
363 1728 729 1774 contaminarentur,
745 1733 902 1779 praeter
915 1726 1141 1778 sapientiam
1156 1727 1340 1779 reliquam
1354 1726 1525 1766 somnio-

188 1798 268 1823 rum
284 1786 494 1837 praecipue
515 1786 678 1836 gratiam
693 1798 716 1823 a
730 1784 803 1823 deo
825 1783 1074 1823 redemerunt
1087 1791 1126 1823 et
1141 1783 1469 1836 impetrandorum
1483 1791 1525 1824 et

188 1841 512 1881 disserendorum.
547 1843 703 1882 Ieiuniis
712 1850 838 1881 autem
853 1843 986 1881 nescio
996 1855 1044 1880 an
1054 1854 1127 1892 ego
1137 1842 1240 1881 solus
1255 1841 1453 1894 plurimum
1468 1843 1524 1882 ita

187 1901 386 1947 somniem,
414 1907 455 1938 ut
470 1913 528 1939 me
543 1901 753 1939 somniasse
768 1913 844 1938 non
859 1900 1034 1938 sentiam.
1073 1899 1181 1938 Nihil
1201 1912 1296 1951 ergo
1317 1895 1522 1948 sobrietas,

187 1958 325 2009 inquis,
355 1957 403 1996 ad
428 1958 528 1997 hanc
554 1960 727 2010 partem?
756 1959 832 1996 imo
858 1964 966 1996 tanto
991 1958 1112 2009 magis
1133 1955 1181 1995 ad
1203 1957 1314 2005 hanc,
1343 1965 1522 2010 quantum

188 2022 227 2054 et
257 2015 304 2053 ad
337 2029 504 2062 omnem,
544 2017 575 2054 si
607 2023 648 2055 et
677 2014 726 2055 ad
757 2015 1086 2068 superstitionem,
1124 2014 1241 2053 multo
1279 2015 1440 2067 amplius
1471 2014 1519 2054 ad

187 2073 430 2124 religionem.
493 2072 559 2111 Sic
586 2074 686 2112 enim
712 2081 753 2112 et
778 2072 982 2112 daemonia
1007 2072 1252 2124 expostulant
1282 2084 1369 2110 eam
1394 2085 1416 2111 a
1442 2073 1519 2112 suis

188 2131 497 2178 somniatoribus,
525 2130 574 2169 ad
600 2131 831 2170 lenocinium
858 2131 1010 2169 scilicet
1034 2129 1262 2176 divinitatis,
1295 2130 1383 2182 quia
1407 2130 1519 2169 fami-

187 2188 321 2227 liarem
347 2188 410 2228 dei
436 2195 588 2235 norunt,
621 2190 708 2240 quia
735 2197 774 2228 et
798 2188 934 2227 Daniel
949 2190 986 2236 2)
1014 2200 1142 2226 rursus
1168 2188 1281 2226 trium
1307 2186 1518 2231 hebdoma-

188 2245 273 2283 dum
295 2248 460 2285 statione
487 2247 588 2284 aruit
611 2247 729 2293 victu,
756 2246 824 2285 sed
850 2253 892 2284 ut
917 2245 1026 2284 deum
1054 2246 1222 2284 illiceret
1245 2244 1518 2284 bumiliationis

189 2303 341 2350 officiis,
381 2317 457 2342 non
488 2310 530 2342 ut
560 2304 708 2342 animae
741 2305 999 2343 somniaturae
1036 2316 1187 2342 sensnm
1220 2309 1260 2341 et
1290 2303 1517 2355 sapientiam

190 2365 369 2407 strueret,
403 2362 509 2413 quasi
534 2374 610 2399 non
636 2362 674 2399 in
701 2363 842 2400 ecstasi
867 2369 1039 2400 acturae.
1090 2360 1148 2399 lta
1174 2373 1250 2399 non
1275 2359 1323 2399 ad
1350 2359 1517 2405 ecstasin

191 2417 484 2456 submovendam
522 2418 714 2457 sobrietas
751 2419 953 2470 proficiet,
999 2417 1065 2457 sed
1105 2417 1153 2457 ad
1191 2418 1310 2471 ipsam
1349 2417 1517 2457 ecstasin

191 2474 543 2523 commendandam,
570 2483 612 2514 nt
637 2477 675 2514 in
701 2475 775 2515 deo
803 2476 869 2515 fiat

284 2600 319 2638 1)
345 2600 432 2632 Dan.
459 2603 489 2642 2,
518 2602 559 2632 16
575 2611 634 2641 sqq
741 2602 778 2642 2)
802 2602 846 2634 ib.
873 2604 927 2643 10,
953 2600 1037 2641 2‘sq.
