1566 2808
138 183 211 222 54
405 185 532 216 ADV.
567 185 931 216 MARCIONEM
968 186 1146 217 LIBER
1180 187 1207 218 1.

144 285 380 324 creatorem,
435 284 478 315 ut
531 290 581 316 ex
634 277 920 316 honestioribus
967 278 1099 330 potior
1153 285 1193 317 et
1241 278 1471 330 generosior

145 343 337 375 creatore.
1351 372 1354 376 .

263 396 328 436 12.
382 391 562 430 Ceterum
589 391 663 430 etsi
695 405 781 430 esse
813 405 898 431 eum
929 393 1358 444 possemusconliteri,
1390 393 1472 432 sine

146 463 280 489 caussa
307 462 392 488 esse
420 462 505 487 eum
533 448 762 488 deberemus
783 452 1056 501 argumentari.
1091 450 1184 490 Sine
1211 463 1348 490 caussa
1373 451 1473 489 enim

144 514 265 554 esset,
300 508 362 559 qui
387 519 468 545 rem
494 520 570 545 non
603 507 783 554 haberet,
812 508 899 558 quia
924 521 987 546 res
1014 509 1136 547 omnis
1162 522 1298 548 caussa
1323 515 1404 555 est,
1433 514 1476 546 ut

145 566 194 604 sit
230 566 384 616 aliquis,
425 565 531 605 cuius
569 578 631 603 res
664 565 725 603 sit.
794 564 918 603 Porro
950 566 988 603 in
1022 573 1201 617 quantum
1232 566 1326 604 nihil
1359 578 1475 617 opor-

144 630 202 661 tet
229 636 313 661 esse
340 623 421 660 sine
449 635 597 670 caussa,
624 622 660 660 id
689 629 748 661 est
774 623 856 661 sine
882 635 944 669 re,
973 624 1061 674 quia
1086 623 1118 661 si
1144 624 1225 662 sine
1253 635 1389 662 caussa
1413 623 1475 669 sit,

144 679 306 732 perinde
339 686 410 726 est,
444 687 558 731 atque
590 680 621 718 si
653 694 729 717 non
755 681 820 726 sit,
860 694 935 718 non
961 679 1106 719 habens
1132 681 1190 719 rei
1216 675 1388 719 caussam
1413 692 1478 718 res

145 738 299 789 ipsa¹):
344 738 382 774 in
414 743 558 775 tantum
591 736 702 775 deum
741 737 893 788 dignius
931 737 1086 776 credam
1118 751 1194 776 non
1221 751 1326 784 esse,
1367 749 1477 789 quam

148 807 233 832 esse
260 795 341 832 sine
369 807 525 835 caussa-A
582 793 674 832 Sine
702 807 838 832 caussa
863 801 922 832 est
947 796 1067 842 enim,
1106 795 1170 846 qui
1200 808 1281 833 rem
1308 808 1385 833 non
1410 794 1478 832 ha-

146 850 275 890 bendo
302 864 378 889 non
404 851 523 890 habet
548 864 734 889 caussam.
780 850 884 889 Deus
909 858 1036 889 autem
1062 853 1145 890 sine
1172 865 1327 898 caussa,
1355 849 1395 889 id
1420 857 1480 890 est

149 909 231 947 sine
258 921 321 956 re,
361 921 446 947 esse
479 922 555 946 non
588 907 718 947 debet.
779 908 837 947 Ita
870 909 1019 960 quoties
1053 907 1238 956 ostendo,
1277 921 1363 948 eum
1395 906 1478 947 sine

150 979 287 1005 caussa
318 978 422 1012 esse,
460 973 637 1018 tanquam
670 967 737 1012 sit,
777 966 852 1004 hoc
880 967 1092 1013 constituo,
1132 980 1208 1004 non
1241 979 1325 1005 esse
1358 966 1478 1013 illum,

150 1024 238 1075 quia
276 1024 308 1061 si
344 1024 498 1073 fuisset,
537 1024 691 1062 omnino
730 1024 811 1062 sine
851 1037 986 1062 caussa
1024 1037 1100 1062 non
1136 1025 1284 1063 fuisset.
1347 1016 1414 1062 Sic
1440 1029 1481 1062 et

149 1081 269 1132 ipsam
296 1079 408 1119 fidem
435 1079 523 1119 dico
550 1082 652 1119 illum
680 1082 761 1119 sine
789 1094 923 1119 caussa
950 1081 997 1120 ab
1024 1080 1177 1121 homine
1205 1088 1383 1133 captare,
1410 1081 1481 1118 ali·

150 1144 212 1175 ter
248 1138 363 1175 solito
397 1136 508 1175 deum
542 1138 705 1177 credere
737 1152 787 1177 ex
818 1132 976 1190 operum
1002 1140 1241 1177 auctoritate
1261 1139 1478 1184 formatum,

151 1195 238 1245 quia
275 1194 368 1232 nihil
406 1195 482 1233 tale
520 1196 738 1246 prospexit,
782 1208 853 1246 per
890 1194 991 1247 quod
1034 1195 1148 1234 homo
1187 1195 1298 1234 deum
1330 1193 1479 1234 didicit.

150 1251 250 1290 Nam
276 1253 348 1290 etsi
375 1251 538 1290 credunt
561 1253 734 1305 plerique
761 1253 799 1290 in
825 1253 942 1299 illum,
969 1266 1045 1290 non
1071 1254 1196 1291 statim
1218 1253 1368 1291 ratione
1395 1264 1482 1291 cre-

152 1308 257 1356 dunt,
279 1323 354 1346 non
377 1309 563 1348 habentes
579 1309 641 1348 dei
655 1312 812 1362 pignus,
840 1324 961 1362 opera
981 1311 1063 1349 eius
1085 1310 1158 1350 deo
1185 1310 1314 1362 digna.
1346 1310 1480 1362 Itaque

150 1366 226 1405 hoc
253 1367 406 1404 nomine
433 1368 660 1406 cessationis
693 1375 734 1406 et
765 1366 997 1406 defectionis
1030 1381 1187 1419 operum
1219 1375 1259 1406 et
1283 1366 1482 1419 impuden-

151 1425 230 1462 tiae
256 1430 296 1462 et
320 1424 569 1475 malignitatis
601 1425 726 1462 affinis
753 1432 830 1463 est:
858 1424 1137 1477 impudentiae,
1165 1438 1239 1477 qua
1265 1423 1378 1463 fidem
1404 1436 1482 1462 non

153 1481 320 1520 debitam
347 1481 420 1519 sibi
448 1489 595 1534 captat,
625 1482 685 1520 cui
710 1482 1014 1533 praestruendae
1041 1483 1135 1521 nihil
1160 1483 1373 1534 prospexit,
1402 1494 1481 1520 ma-

152 1539 358 1590 lignitatis,
404 1553 478 1591 qua
513 1539 642 1591 plures
686 1539 968 1578 incredulitatis
1003 1553 1094 1579 reos
1130 1541 1226 1578 fecit
1262 1540 1354 1579 nihil
1391 1538 1483 1578 fidei

152 1595 410 1649 procurando.

272 1658 339 1695 13.
389 1654 482 1692 Cum
510 1653 620 1693 deum
646 1655 720 1694 hoc
747 1654 869 1706 gradu
895 1656 1139 1708 expellimuS,
1167 1656 1229 1694 cui
1255 1654 1360 1693 nulla
1385 1667 1478 1692 con-

154 1710 250 1749 ditio
276 1718 351 1749 tam
374 1713 530 1763 propria
555 1719 595 1750 et
614 1711 687 1750 ‹leo
711 1711 839 1763 digna,
867 1726 978 1764 quam
1006 1713 1195 1752 creatoris
1220 1712 1481 1750 testimonium

153 1770 480 1821 praesignaverit,
508 1782 639 1807 narem
666 1770 942 1808 contrahentes
969 1769 1287 1822 impudentissimi
1310 1768 1482 1816 Marcio-

154 1828 259 1864 nitae
287 1833 564 1865 convertuntur
593 1826 642 1864 ad
668 1826 969 1866 destructionem
997 1840 1155 1879 operum
1183 1827 1385 1865 creatorisg
1412 1825 1486 1865 Ni-

154 1885 308 1931 mirum,
335 1884 520 1935 inquiunt,
548 1883 694 1935 grande
715 1898 809 1936 opus
833 1892 873 1923 et
892 1884 1048 1935 (lignum
1070 1884 1143 1923 deo
1158 1883 1330 1925 mundus.
1362 1882 1483 1922 Num-

156 1940 244 1992 quid
266 1954 360 1991 ergo
388 1948 544 1979 creator
568 1942 720 1980 minime
743 1942 861 1980 deus?
890 1937 1008 1981 Plane
1025 1942 1133 1988 deus.
1165 1941 1272 1993 Ergo
1288 1954 1360 1980 nec
1376 1954 1481 1980 mun-

156 1998 224 2036 dus
251 1997 324 2036 deo
351 1994 547 2049 indignus;
582 1999 675 2037 nihil
702 2000 843 2037 etenim
870 1998 962 2038 deus
988 1999 1183 2053 indignum
1209 2012 1251 2038 se
1275 1999 1383 2045 fecit,
1410 1999 1484 2037 etsi

154 2055 331 2094 mundum
356 2055 519 2103 homini,
547 2070 623 2094 non
650 2057 721 2095 sibi
746 2057 855 2104 fecit,
883 2058 955 2096 etsi
981 2071 1093 2096 omne
1120 2070 1214 2109 opus
1239 2057 1399 2095 inferius
1424 2062 1485 2094 est

155 2127 223 2152 suo
262 2113 423 2152 artifice.
498 2113 550 2151 Et
585 2121 731 2161 tamen,
769 2115 801 2152 si
839 2115 949 2166 quale
988 2114 1079 2167 quid
1108 2115 1251 2153 fecisse
1286 2113 1484 2165 indignum

155 2178 215 2209 est
246 2169 339 2218 deo,
379 2178 521 2223 quanto
553 2171 746 2222 indignius
777 2170 851 2210 deo
885 2179 961 2219 est,
1001 2172 1095 2210 nihil
1127 2185 1212 2211 eum
1245 2172 1399 2210 omnino
1424 2171 1484 2210 fe-

156 2230 274 2276 cisse,
312 2228 374 2267 vel
412 2228 627 2280 indignum,
667 2242 740 2281 qm)
778 2237 911 2281 posset
947 2230 1062 2268 etiam
1094 2229 1311 2281 digniorum
1343 2235 1485 2267 auctor

155 2288 329 2337 sperari?
389 2285 439 2325 Ut
470 2300 566 2338 ergo
599 2286 740 2339 aliquid
775 2294 815 2326 et
847 2286 893 2326 de
926 2288 1000 2326 isto
1033 2288 1143 2326 huius
1168 2285 1297 2326 mundi
1322 2285 1481 2338 indigno

154 2344 310 2396 loquar,
338 2345 399 2383 cui
425 2351 465 2383 et
489 2344 590 2397 apud
617 2344 790 2384 Graecos
823 2347 1037 2385 ornamenti
1063 2353 1103 2384 et
1128 2346 1270 2392 cultus,
1296 2357 1372 2383 non
1397 2356 1482 2382 sor-

156 2400 256 2440 dium
283 2415 422 2441 nomen
449 2410 526 2450 est,
558 2401 736 2455 indignas
766 2402 950 2442 videlicet
979 2403 1223 2442 substantias
1241 2403 1314 2454 ipsi
1338 2400 1395 2440 illi
1419 2413 1482 2439 sa-

154 2460 323 2509 pientiae
361 2461 624 2511 professores,
663 2460 711 2499 de
750 2474 909 2513 quorum
946 2462 1112 2513 ingeniis
1151 2460 1272 2500 omnis
1308 2458 1482 2498 haeresis

249 2586 285 2625 1)
311 2586 384 2625 Rig.
410 2587 475 2618 rei
501 2597 691 2628 causam,
717 2597 801 2619 rem
829 2588 973 2628 ipsam.
