1566 2808
355 190 479 222 ADV.
515 190 881 221 MARCIONEM
916 191 1091 222 LIBER
1122 193 1177 224 lv.
1324 193 1422 230 122

100 280 278 322 tiendum
314 279 395 323 sod
419 289 461 321 et
485 295 562 322 cur·
578 281 758 322 Petrum?
793 283 827 321 si
858 282 907 321 ob
931 285 1105 335 vigorem
1133 284 1242 331 fidei,
1280 287 1422 327 multae

100 339 546 392 maten-'um'soiidaeque
583 353 722 379 nomen
766 339 815 378 de
846 353 916 378 suo
949 342 1300 381 accommodarent.
1359 344 1422 383 An

101 398 191 450 qnia
202 403 390 449 etspetra
414 405 463 439 etr
479 397 576 449 lapis
602 397 800 436 Christus?
847 397 1034 449 siquidem
1064 406 1105 437 et
1135 400 1295 451 legimus
1320 403 1423 452 posi-

101 461 306 499 ωιιιωι,
325 455 364 493 in
396 454 815 507 lapidem-offendiculi
852 456 966 493 et‘in
998 463 1144 507 petram
1176 457 1363 497 scandali.
1376 449 1422 506 ¹¹)

101 511 248 556 Q-itlo
270 518 429 552 cetera·
462 512 599 564 ltaque
624 508 822 551 affectavit
852 514 1050 551 carissimo
1077 513 1350 566 discipulorum
1375 515 1424 555 de

102 569 236 621 figuris
258 570 338 608 suis
366 570 619 622 peculiariter
643 583 781 608 nomen
808 571 1111 618 communicare,
1149 579 1240 623 puto
1266 574 1425 625 propius

101 639 213 679 quam
243 625 308 669 de.
328 640 406 665 non
436 628 527 666 suis.
560 634 564 637 “
589 627 832 666 Conveniunt
861 640 884 666 a
907 627 1012 680 Tyro
1045 635 1085 666 et
1108 631 1158 666 ex'
1182 630 1268 667 aliis
1293 631 1425 681 regio-

100 683 212 723 nibns
236 683 438 728 multitudo
463 685 579 723 etiam
605 685 869 726 transmarina.
889 686 928 732 2)
984 684 1068 722 Hoc
1098 686 1301 736 spectabat
1323 688 1426 738 psal-

100 754 203 780 mus:
233 747 275 780 et
297 754 395 780 ecee
418 742 670 793 allophyli-et
692 741 817 793 Tyrus
841 741 1067 792 et’popuius
1090 741 1336 794 Aethiopum,
1362 745 1427 782 isti

100 798 419 843 fuerunt-illie.³›
450 798 579 837 Mater
594 796 689 836 Sion
715 797 822 836 dicet
839 797 973 844 homo,
1007 805 1047 836 et
1071 799 1186 838 bomo
1214 800 1342 839 factus
1367 809 1428 840 est

101 855 141 895 in
165 855 268 902 uta,-
292 856 469 908 quoniam
494 855 590 894 deus
621 856 733 894 homo
766 855 876 893 natus
901 862 979 902 est,
1021 862 1062 894 et
1092 855 1313 895 aedificavit
1342 871 1428 897 eam

99 912 298 952 voluntate
323 914 464 965 patris,
490 920 531 951 ut
554 914 656 952 scias
680 912 730 951 ad
757 926 843 951 eum
873 919 963 951 tnnc
990 914 1157 964 gentiles
1183 917 1425 961 convenisse,

97 970 193 1022 qnia
222 969 318 1009 deus
348 970 463 1010 bomo
494 978 605 1009 natus
635 977 720 1009 erat
751 968 1023 1009 aedificaturus
1055 971 1259 1011 ecclesiam
1286 965 1335 1011 eit
1361 987 1428 1011 vo-

101 1027 249 1072 luntate
274 1029 417 1080 patris,
444 1041 494 1066 ex
517 1029 723 1080 allophylis
749 1041 916 1080 quoque.
982 1026 1048 1075 Sic
1074 1035 1115 1066 et
1139 1028 1292 1067 Esaias:
1331 1043 1427 1069 ecce

101 1085 167 1124 iffi
189 1086 347 1124 veniunt
370 1084 419 1123 de
444 1086 666 1137 longinquo,
692 1087 760 1124 isti
780 1092 907 1123 antem
930 1087 1088 1125 veniunt
1111 1086 1159 1123 ab
1185 1087 1364 1137 aquilone
1390 1094 1430 1125 et

38 1150 44 1154 “
103 1143 220 1189 mn,
245 1143 312 1181 alii
336 1149 463 1182 antem
484 1142 537 1181 de
562 1150 668 1181 terra
693 1142 908 1180 Persarum.
970 1142 1027 1180 De
1055 1142 1190 1194 quibus
1214 1150 1255 1181 et
1279 1157 1427 1182 rursus:

105 1199 259 1238 attone
266 1211 336 1250 per
360 1196 563 1238 eirenitum
588 1200 723 1237 oeulos
752 1206 858 1244 tuos,
896 1206 937 1237 et
960 1198 1067 1245 vide,
1107 1212 1238 1238 omnes
1263 1213 1429 1251 congre-

106 1257 187 1308 gati
210 1263 310 1296 sunt.
367 1255 427 1295 De
452 1250 587 1308 quibus
611 1263 653 1294 et
676 1256 802 1294 infra.
825 1254 934 1294 vides
959 1257 1114 1307 ignotos
1138 1264 1179 1295 et
1208 1265 1430 1304 extraneos,

106 1320 147 1352 et
169 1312 280 1352 dices
303 1313 414 1353 cordi
439 1321 525 1352 tuo:
552 1315 635 1365 quis
660 1314 755 1351 istos
779 1314 913 1364 genuit
936 1313 1054 1351 mihi?-
1083 1327 1201 1364 porro
1228 1314 1317 1360 hos,
1344 1316 1431 1364 quis

106 1370 199 1410 mihi
218 1369 426 1413 educavit?
459 1378 499 1408 at
525 1371 563 1408 hi
587 1371 678 1408 mihi
702 1370 767 1408 ubi
782 1371 972 1408 ·fuerunt?
983 1371 1021 1418 ⁴)
1059 1369 1132 1408 Hie
1158 1371 1232 1408 erit
1256 1371 1432 1409 Christus

106 1441 185 1468 nen
208 1427 506 1480 prophetarum?
539 1434 580 1465 et
610 1428 693 1478 quis
724 1428 799 1465 erit
824 1426 998 1464 Christus
1022 1425 1364 1466 Marcionitarum?
1399 1430 1433 1466 si

105 1485 340 1537 petversitas
363 1485 511 1536 placet:
543 1485 606 1535 qui
636 1497 713 1522 non
743 1484 861 1522 fuerit
883 1483 1170 1536 prophetarum.

167 1567 173 1571 ι
218 1546 288 1584 14.
318 1541 463 1581 ·-Venio
501 1555 600 1580 nnnc
636 1540 687 1580 ad
724 1539 942 1580 ordinarias
976 1536 1187 1580 sententias
1218 1543 1324 1589 eins,
1362 1556 1434 1595 per

106 1600 499 1652 qurproprietatem
525 1599 725 1637 doctrinae
746 1612 837 1638 suae
862 1598 1011 1637 inducit
1034 1598 1083 1636 ad
1108 1598 1288 1647 edictum,
1314 1607 1356 1638 ut
1379 1601 1435 1638 ita

107 1657 290 1705 &nerium
317 1657 478 1698 Christi:
510 1657 615 1695 beati
640 1655 818 1703 mendici,
847 1658 918 1705 (sie
945 1657 1045 1695 enim
1066 1657 1434 1708 exigitinterpreta-

79 1750 88 1754 -
107 1715 167 1756 tio,
187 1714 382 1760 vocabuli,
408 1713 509 1765 quod
534 1715 574 1751 in
600 1712 754 1752 Graeco
780 1718 875 1760 est‚)
904 1714 1082 1764 quoniam
1108 1715 1258 1751 illorum
1285 1721 1345 1752 est
1368 1727 1433 1752 re-

109 1782 225 1822 gnum
248 1769 376 1820 dei.'⁵)
402 1770 581 1820 lam-hoc
605 1772 739 1820 ipsum,
756 1770 857 1821 quod
882 1783 905 1807 a
930 1769 1264 1808 benedictionibus
1290 1772 1433 1822 coepit,

104 1828 302 1869 *creatoris
326 1834 403 1872 est,
442 1827 504 1878 qui
542 1827 738 1871 universa,
781 1833 896 1878 prout
921 1825 1062 1871 edidit,
1107 1827 1211 1865 nulla
1235 1827 1434 1866 aliavoce

112 1897 222 1938 quam
247 1882 531 1924 benedictionis
558 1882 765 1921 dedicavit.
825 1883 1026 1922 Eructavit
1050 1884 1169 1930 enim,
1196 1885 1330 1935 inquit,
1363 1897 1435 1924 cor

110 1955 235 1983 meum
260 1954 475 1981 sermonem
502 1941 742 1992 optimum.⁶)
804 1939 877 1979 Hie·
902 1937 1129 1981 erit‘sermo
1156 1942 1339 1995 optimus,
1365 1941 1434 1980 be-

107 1999 345 2039 nedictionis
370 1999 540 2043 scilicet,
573 1999 635 2049 qui
661 2004 702 2036 et
726 1999 814 2036 novi
841 1997 992 2050 quoque
1016 1999 1236 2036 testamenti
1260 1998 1435 2038 initiator

112 2058 340 2109 agnoscitur
362 2055 411 2094 de
434 2057 558 2094 veteri
584 2055 779 2107 exemplo.
829 2054 924 2103 Quid
951 2068 1047 2106 ergo
1074 2056 1207 2093 mii-nm
1233 2063 1310 2103 est,
1336 2058 1369 2094 si
1396 2064 1436 2095 et

113 2113 164 2152 ab
187 2114 391 2153 affectibus
417 2113 607 2151 creatoris
631 2114 828 2167 ingressus
851 2120 929 2159 est,
960 2125 1031 2164 pei·
1054 2112 1270 2151 huiusmodi
1296 2112 1436 2160 dictio-

115 2183 203 2210 nem
226 2166 379 2223 semper
402 2169 600 2208 mendicos
625 2176 666 2208 et
689 2182 879 2222 pauperes
904 2177 946 2208 et
969 2170 1131 2208 humiles
1161 2183 1208 2208 ac
1239 2170 1373 2208 viduas
1397 2177 1438 2208 et

68 2233 76 2240 '
115 2229 282 2281 pupillos
299 2241 418 2280 nsque
439 2227 646 2278 diligentis,
672 2228 919 2274 consolantis,
945 2228 1167 2272 asserentis,
1192 2226 1436 2271 vindicantis,

115 2293 159 2324 ut
182 2286 282 2324 bane
301 2285 443 2324 Christi
470 2285 575 2336 quasi
600 2285 786 2336 privatam
808 2285 1087 2335 benignitatem
1112 2284 1272 2321 rivulum
1300 2283 1439 2322 eredas

116 2342 166 2382 de
190 2343 360 2382 fontibus
384 2342 599 2381 salvatoris.
630 2341 791 2380 Revera·
805 2355 879 2393 quo
906 2341 1068 2392 dirigam
1093 2341 1239 2386 nescio,
1267 2341 1304 2378 in
1332 2347 1439 2378 tanta

211 2495 249 2534 1)
276 2494 487 2531 ipen-128.
513 2494 609 2525 Rom.
617 2495 649 2531 9,
660 2493 715 2525 33
741 2493 805 2522 les.
816 2493 849 2530 8,
862 2491 934 2522 14:
987 2488 1025 2530 2)
1052 2491 1136 2522 Luc.
1149 2488 1248 2527 6,17.
1321 2485 1358 2529 3)
1385 2487 1440 2518 Ps.

117 2541 175 2581 81,
187 2541 248 2571 ic*
278 2538 319 2582 4)
344 2537 808 2576 1es.49‚12.18.21.5)
832 2515 916 2568 Luc.
933 2538 1034 2577 6,2o.
1060 2537 1154 2567 Pam.
1169 2537 1204 2565 et
1224 2533 1349 2574 Rigalt.
1370 2543 1440 2564 re·

118 2595 240 2627 gnum
265 2586 497 2618 coelorum.
568 2587 605 2625 6)
630 2585 804 2624 Ps.45‚2.
