1604 2800
140 165 253 205 3⁰⁰
595 164 724 200 ADV.
760 165 1035 197 lunAssos.

138 261 332 315 peccasti;
373 259 540 310 quiesce.
606 257 669 297 Ad
700 265 738 297 te
770 259 870 297 enim
903 257 1105 297 conversio
1138 258 1238 304 eius,
1271 262 1312 296 et
1335 263 1376 296 tu
1399 255 1471 296 do-

140 318 347 358 minaberis
385 317 534 366 eius.¹)
610 315 661 354 Et
698 323 786 354 tuuc
826 314 924 354 dixit
962 315 1057 354 Cain
1095 313 1143 353 ad
1174 312 1276 353 Abel
1312 313 1471 353 fratrem

140 389 265 415 suum:
293 387 422 413 eamus
448 375 485 412 in
512 386 697 426 campum,
725 379 765 412 et
789 372 884 411 abiit
908 386 993 412 cum
1019 385 1066 411 co
1092 372 1185 419 illic,
1211 378 1252 410 et
1275 371 1479 410 interfecit,

142 447 241 474 eum.
302 431 353 470 Et
376 439 466 470 tunc
493 430 590 469 dixit
614 430 708 470 deus
734 429 784 469 ad
810 429 924 469 Cain:
958 430 1023 468 ubi
1048 436 1108 468 est
1131 429 1256 467 frater
1279 429 1389 467 tuus?
1423 427 1480 468 Et

143 491 257 530 dixit:
285 490 438 537 nesci03
465 487 646 540 numquid
673 495 802 527 custos
828 501 908 526 sum
934 500 1009 539 ego
1035 486 1166 526 fratris
1186 487 1287 525 mei?
1309 485 1361 524 Et
1379 483 1476 524 dixit

142 550 179 588 ci
206 547 318 586 deus:
356 560 432 585 vox
468 547 664 597 sanguinis
701 546 831 584 fratris
862 545 916 583 tui
949 545 1088 583 clamat
1117 542 1166 582 ad
1196 556 1256 582 me
1283 540 1331 582 de
1356 549 1476 581 terra.

141 605 308 657 Propter
333 603 434 656 quod
460 603 666 642 maledicta
691 610 809 650 terra,
837 615 937 654 quac·
960 602 1111 653 aperuit
1135 614 1178 640 os
1202 613 1309 639 suum
1334 598 1384 639 ad
1410 611 1478 639 ex-

145 661 362 715 cipiendum
393 663 616 712 sanguinem
648 661 779 699 fratris
810 660 878 698 tui.
943 658 1109 698 Gemens
1139 665 1179 697 et
1207 665 1376 696 tremens
1401 656 1480 695 eris

144 733 260 772 super
295 720 506 766 terram,2)
548 726 588 757 ct
618 718 739 756 omnis
771 718 834 769 qui
860 723 897 755 te
924 717 1114 756 invenerit
1140 714 1359 763 occidet.³)
1421 712 1482 751 Ex

144 777 219 815 hoc
240 778 358 826 igitur
378 775 545 827 duplicia
571 774 731 813 duorum
757 774 982 826 populorum
1010 773 1204 812 sacrificia
1227 778 1482 824 praeostensa

144 834 220 871 iam
253 839 341 869 tunc
368 845 387 869 a
415 831 625 882 primordio
658 830 1006 869 animadvertimus.
1079 830 1253 882 Denique
1293 839 1377 869 cum
1413 839 1483 880 per

145 889 310 941 Moysen
343 889 382 925 in
407 887 583 926 Levitico
617 887 681 924 lex
712 885 966 924 sacerdotalis
1005 887 1338 932 conscriberetur,
1377 885 1484 922 inve-

146 948 269 984 nimus
294 945 573 996 pracscriptum
598 943 740 995 populo
763 942 910 989 Israeli,
925 944 962 990 4)
991 949 1032 980 ut
1056 942 1250 980 sacrificia
1275 941 1380 980 nullo
1407 940 1483 979 alio

147 1003 188 1040 in
213 1002 301 1039 loco
329 1001 562 1039 offerrentur
593 999 688 1046 deo,
728 1012 838 1050 quam
862 1000 901 1037 in
927 1006 1032 1036 terra
1057 999 1341 1049 promissionis,
1374 1009 1486 1048 quam

150 1058 324 1096 dominus
344 1056 438 1094 deus
459 1056 615 1093 daturus
637 1062 740 1093 esset
759 1055 901 1106 populo
923 1054 1057 1093 Israeli
1079 1061 1119 1092 et
1137 1054 1319 1092 fratribus
1339 1066 1486 1100 eorum,

150 1122 191 1153 ct
215 1111 436 1151 introducto
463 1112 604 1159 Israel,
642 1112 720 1150 illic
760 1111 1052 1150 celebrarentur
1089 1111 1281 1150 sacrificia
1313 1118 1354 1150 et
1377 1110 1489 1150 holo-

152 1178 285 1211 causta
318 1177 393 1209 tam
423 1183 494 1222 pro
526 1170 699 1222 peccatis
732 1182 841 1220 quam
873 1181 944 1220 pro
976 1168 1191 1216 animabus,
1230 1175 1270 1208 et
1305 1180 1489 1220 nusquam

152 1229 244 1267 alibi
270 1228 343 1266 nisi
367 1229 406 1266 in
431 1234 537 1266 terra
562 1233 708 1265 sancta.
765 1225 844 1264 Cur
868 1226 998 1277 itaque
1024 1232 1162 1277 postea
1184 1238 1256 1278 per
1279 1225 1490 1280 prophetas

153 1284 356 1338 praedicat
386 1285 559 1335 spiritus,
598 1285 783 1330 futurum,
820 1289 862 1320 ut
892 1284 930 1321 in
963 1284 1065 1321 omni
1098 1290 1201 1322 terra
1232 1284 1360 1322 autin
1386 1282 1492 1326 omni

154 1344 243 1381 loco
283 1341 495 1380 offerantur
531 1340 724 1379 sacrificia
761 1339 855 1387 deo,
893 1341 1007 1378 sicuti
1046 1341 1127 1391 ipse
1158 1353 1230 1392 per
1258 1339 1491 1378 Malachiam

156 1400 348 1451 angelum,
374 1411 488 1436 unum
513 1410 562 1436 ex
588 1396 790 1436 duodecim
815 1397 1027 1449 prophetis,
1056 1395 1168 1436 dicit:
1203 1410 1280 1437 non
1305 1396 1492 1448 recipiam

156 1456 388 1495 sacrificium
426 1453 474 1492 de
511 1454 682 1492 manibus
719 1455 881 1500 vestris,
921 1455 1098 1505 quoniam
1135 1454 1181 1492 ab
1220 1455 1371 1493 oriente
1409 1453 1492 1492 sole

157 1517 277 1564 usque
303 1511 353 1549 ad
379 1510 622 1550 occidentem
649 1523 786 1549 nomen
812 1523 935 1548 meum
962 1511 1217 1556 clarificatum¹
1233 1518 1293 1550 est
1311 1511 1351 1549 in
1371 1510 1494 1549 omni-

157 1569 230 1607 bus
254 1568 450 1619 gentihus,
490 1567 586 1606 dicit
622 1566 796 1605 dominus
834 1567 1095 1619 omnipotens3
1134 1574 1174 1606 ct
1204 1568 1243 1604 in
1275 1568 1379 1605 omni
1402 1567 1493 1605 loro

161 1626 374 1665 offeruntur
398 1625 593 1663 sacrificia
617 1623 756 1663 munda
781 1625 923 1662 nomini
949 1637 1048 1662 meo.
1063 1625 1100 1670 5)
1157 1623 1252 1662 Item
1276 1624 1316 1661 in
1339 1623 1495 1675 psalmis

161 1682 285 1722 David
311 1682 424 1721 dicit:
463 1682 600 1720 afferte
627 1680 701 1720 deo
726 1682 875 1733 patriae
901 1682 1084 1732 gentium,
1113 1679 1361 1729 (indubitate,
1393 1677 1497 1732 quod

161 1741 199 1778 in
227 1752 374 1778 omnem
406 1746 549 1778 terram
581 1740 689 1778 exire
720 1738 889 1777 habebat
924 1736 1165 1789 praedicatio
1201 1737 1494 1789 apostolorum,)

163 1797 300 1836 afferte
339 1795 412 1835 deo
452 1797 665 1835 claritatem
704 1802 744 1834 et
779 1795 984 1842 honorem,
1023 1794 1160 1833 afferte
1198 1793 1272 1840 deo
1304 1793 1498 1833 sacrificia

164 1855 327 1893 nominis
342 1855 443 1902 eius3
470 1854 594 1892 tollite
615 1853 760 1894 hostias
781 1859 821 1891 et
839 1853 996 1891 introite
1015 1852 1054 1890 in
1074 1853 1172 1891 atria
1192 1853 1288 1890 eius.
1302 1851 1341 1901 ⁶)
1379 1849 1498 1894 Nam-

167 1924 238 1963 que
266 1910 367 1963 quod
393 1925 468 1949 non
495 1911 659 1950 terrenis
685 1909 899 1956 sacrificiis,
932 1907 1000 1947 sed
1026 1908 1259 1961 spiritalibus
1286 1907 1360 1948 deo
1385 1908 1499 1947 litan-

168 1968 254 2023 dum
279 1970 346 2016 sit,
378 1969 431 2007 ita
458 1968 637 2019 legimus,
668 1974 711 2005 ut
735 1967 917 2018 scriptum
944 1973 1022 2005 est:
1055 1979 1125 2005 cor
1149 1965 1446 2006 contribulatum
1457 1964 1497 2014 ¹¹)

166 2025 294 2063 hostia
318 2032 378 2064 est
402 2024 479 2063 dei.
494 2027 533 2076 8)
582 2024 633 2063 Et
656 2023 767 2062 alibi:
799 2023 977 2062 sacrifica
1002 2022 1076 2062 deo
1104 2023 1336 2062 sacrificium
1360 2019 1497 2067 laudm,

170 2089 210 2120 et
228 2081 348 2121 redde
371 2082 555 2121 altissimo
580 2088 671 2122 vota
684 2088 762 2120 tua.
777 2081 814 2132 ⁰)
853 2079 919 2119 Sic
945 2081 1074 2132 itaque
1094 2080 1287 2121 sacrificia
1311 2077 1501 2132 spiritalia

264 2185 301 2224 1)
327 2185 448 2216 Iidem:
479 2184 536 2216 Ad
560 2186 601 2216 te
625 2184 732 2216 enim
759 2193 877 2216 conv.
902 2185 992 2223 tua,
1025 2185 1067 2215 et
1096 2183 1188 2223 ipae
1218 2182 1282 2214 tui
1307 2181 1501 2213 dominn-

171 2230 296 2261 bitur.
359 2228 394 2271 2)
407 2231 585 2262 Pame1.et
597 2231 853 2270 Rig.terram.
892 2230 944 2260 Et
964 2230 1077 2260 dixit
1091 2230 1190 2260 Cain
1210 2229 1260 2260 ad
1276 2227 1501 2259 dominum:

173 2276 306 2306 maius
332 2276 540 2308 delictum
562 2286 711 2317 meum,
736 2285 856 2315 quam
874 2277 920 2306 ut
938 2276 1189 2306 remittatur
1213 2274 1332 2312 mihi,
1358 2275 1399 2304 et
1418 2273 1501 2304 eii·-

176 2321 263 2352 cies
288 2331 348 2352 me
372 2322 497 2353 hodie
523 2328 544 2354 a,
572 2322 686 2353 faeie
710 2323 870 2360 terrae,
896 2322 937 2352 et
961 2331 982 2352 a
1007 2321 1120 2352 facie
1144 2322 1218 2352 tua
1243 2319 1503 2357 abscondar.

177 2368 217 2396 et
243 2376 315 2397 ero
347 2377 516 2407 gemens
542 2369 583 2399 et
611 2370 800 2399 tremens
831 2375 961 2406 super
990 2369 1165 2406 terram,
1194 2367 1235 2397 et
1265 2364 1402 2396 omnin
1432 2362 1503 2402 qui

175 2420 237 2441 me
262 2412 480 2444 invenerit
505 2414 687 2445 occidet.
759 2413 795 2452 3)
810 2413 893 2443 Gen.
907 2414 939 2452 4,
957 2414 975 2444 3
990 2422 1061 2451 sqq.
1131 2413 1168 2451 4)
1184 2412 1287 2442 Deut.
1303 2412 1358 2451 12,
1373 2411 1404 2441 1.
1420 2411 1503 2446 5¹11·

180 2457 222 2486 cf.
237 2457 315 2488 Lev.
331 2459 384 2496 1¹1,
399 2460 417 2489 3
432 2468 504 2498 sqq.
598 2459 634 2499 5)
652 2459 733 2489 Mal.
755 2460 786 2499 1,
807 2459 848 2489 10
858 2468 907 2496 sq.
1001 2456 1040 2501 6)
1058 2458 1112 2489 Pa.
1135 2460 1188 2498 96,
1209 2459 1228 2487 ’ί
1241 2466 1291 2496 sq.
1364 2454 1399 2495 ⁷)
1418 2453 1501 2486 cod.

180 2500 326 2577 {5¹1⁶th
339 2503 412 2544 Rig·
431 2505 611 2539 contrib.
638 2507 678 2536 et
702 2504 986 2535 humiliatum.
1059 2502 1096 2546 8)
1110 2504 1163 2534 Ps.
1179 2504 1234 2544 51,
1252 2503 1301 2533 19.
1395 2497 1434 2541 9)
1447 2498 1502 2530 Pu.

226 2567 235 2587 ,
305 2569 312 2578 .
