1604 2800
145 189 218 226 04
512 184 587 216 DE
624 182 817 215 CARNE
854 183 1107 215 CHRISTI.

147 282 333 322 Christus.
355 279 392 328 ¹)
455 276 499 316 Si
523 277 736 329 scripturas
762 276 935 328 opinioni
963 283 1050 314 tuae
1077 275 1304 314 resistentes
1330 286 1406 313 non
1431 273 1480 314 de

147 338 335 379 industria
366 336 462 375 alias
493 335 719 381 reiecisseS,
753 335 849 373 alias
875 334 1134 386 corrupisses,
1174 330 1414 371 confudisset
1443 339 1482 371 te

148 399 235 437 hine
256 398 293 446 2)
321 394 563 446 evangelium
602 392 828 442 Ioannis,3)
861 391 1092 444 praedicans
1130 390 1305 443 spiritum
1337 389 1485 429 cotum·
1543 430 1545 432 ,

148 457 219 494 bae
247 465 414 506 corpore
448 452 592 504 lapsum
624 449 824 489 desedisse
857 463 974 502 super
1005 448 1212 487 dominum.
1274 448 1347 497 Qui
1372 448 1486 500 spiri-

149 522 208 552 tus
235 525 319 551 eum
345 511 419 550 hoe
445 516 561 556 esset,
590 515 666 547 tam
691 521 784 547 vere
811 514 898 547 erat
922 515 962 546 et
988 506 1177 554 columba,
1206 519 1316 559 quam
1343 512 1384 545 et
1407 505 1486 559 spi·-

150 573 264 617 ritus,
292 583 364 608 nec
391 568 647 607 interfecerat
671 566 921 605 substantiam
949 565 1143 617 propriam
1171 563 1372 617 adsumpta
1397 563 1487 603 sub-

151 629 291 669 stantia
322 634 522 666 extranea.
585 623 664 664 Sed
704 625 877 677 quaeris,
917 637 1058 675 corpus
1097 622 1299 662 columbae
1335 621 1410 661 ubt
1439 622 1490 660 sit

152 693 348 738 resumpto
386 684 522 736 spiritu
560 684 599 721 in
638 684 808 730 eoelum3
847 694 970 733 aeque
1009 688 1050 720 et
1086 681 1313 733 angelorum
1351 678 1488 719 eadem

154 745 304 785 ratione
331 744 586 793 interceptum
613 747 685 785 est,
713 753 786 791 qua
812 747 852 778 et
877 739 1020 778 editum
1046 739 1189 777 fuerat.
1243 738 1286 778 Si
1311 736 1489 785 vidisses,

156 814 240 843 cum
266 800 313 839 de
340 800 460 838 nihilo
487 798 779 850 proferebatur,
806 798 960 843 scisses,
989 810 1073 835 cum
1100 797 1136 834 in
1164 797 1320 835 nihilum
1348 794 1492 834 subdu-

157 861 330 900 cebatur.
394 856 437 896 Si
469 869 545 894 non
576 856 648 893 fuit
679 856 827 893 initium
857 854 1030 903 visibile,
1070 867 1141 892 nec
1182 854 1278 892 finis.
1346 853 1490 891 Tamen

158 917 334 970 corporis
371 913 548 954 soliditas
586 919 690 960 erat,
743 926 816 965 quo
855 919 1049 951 momento
1089 924 1230 964 corpus
1266 909 1488 950 videbatur.

157 976 244 1015 Non
274 980 402 1027 potest
427 985 503 1010 non
530 972 646 1010 fuisse
675 970 775 1023 quod
801 971 986 1022 seriptum
1013 977 1084 1008 est.

274 1035 315 1071 4.
361 1030 483 1082 igitur
508 1030 539 1068 si
566 1042 689 1081 neque
715 1036 756 1067 ut
781 1028 1055 1080 impossibilem
1081 1040 1204 1079 neque
1232 1034 1272 1065 ut
1297 1026 1495 1079 periculo-

159 1105 238 1131 sam
276 1089 351 1128 deo
388 1087 568 1140 repudias
606 1087 939 1138 corporationem,
966 1092 1174 1138 superest,
1213 1092 1254 1124 ut
1292 1084 1400 1137 quasi
1436 1085 1496 1123 in-

159 1149 313 1201 dignam
351 1147 509 1186 reiicias
545 1152 584 1183 et
621 1158 798 1184 accuses.
861 1143 923 1182 Ab
962 1145 1044 1196 ipsa
1083 1142 1235 1196 quidem
1273 1155 1436 1182 exorsus
1453 1143 1494 1191 ⁴)

161 1207 381 1252 nativitate,
414 1216 575 1257 perora,
608 1216 701 1254 age,
735 1204 808 1241 iam
835 1202 1040 1254 spurcitias
1066 1201 1290 1253 genitalium
1318 1202 1357 1239 in
1381 1207 1495 1240 utero

163 1266 460 1309 elementorum,
498 1262 668 1300 humoris
695 1268 734 1299 et
765 1261 962 1312 sanguinis
994 1259 1111 1298 foeda
1143 1260 1327 1311 coagula,
1367 1258 1498 1298 earnis

163 1336 211 1362 ex
237 1320 374 1360 eodem
402 1333 525 1358 coeno
557 1318 720 1357 alendae
752 1331 823 1370 per
854 1331 990 1357 novem
1023 1331 1187 1357 menses.
1207 1318 1246 1368 ⁵)
1308 1315 1497 1356 Describe

164 1387 313 1418 uterum
340 1376 388 1415 de
414 1376 476 1414 die
508 1377 547 1413 in
579 1376 679 1414 diem
711 1376 1028 1422 insolescentem,
1049 1377 1087 1425 6)
1115 1388 1292 1427 gravem,
1330 1375 1499 1422 anxium,

167 1449 238 1475 nec
266 1447 398 1473 somno
426 1440 566 1479 tutum,
585 1434 625 1482 ἵ)
654 1434 841 1471 incertum
871 1432 1091 1471 libidinibus
1117 1432 1262 1472 fastidii
1294 1440 1334 1472 et
1365 1433 1496 1485 gulae.

169 1493 355 1533 Invehere
387 1492 461 1528 iam
500 1497 540 1528 et
570 1491 607 1527 in
639 1491 760 1541 ipsum
793 1490 963 1527 mulieris
994 1491 1177 1528 enitentis
1210 1490 1395 1542 pudorem
1438 1490 1500 1530 vel

168 1563 238 1604 pro
278 1556 411 1587 natura
448 1547 684 1599 religiosum.
759 1547 905 1586 Horres
950 1547 1078 1599 utique
1117 1554 1157 1586 et
1192 1548 1376 1586 infantem
1415 1561 1500 1586 eum

168 1609 246 1648 suis
271 1605 553 1658 impedimentis
580 1605 773 1657 profusum
802 1606 930 1657 utique
957 1612 997 1643 et
1023 1605 1195 1643 oblitum.
1253 1604 1502 1656 Dedignabe-

170 1668 241 1713 ris,
281 1662 382 1716 quod
420 1663 554 1715 pannis
591 1662 788 1714 dirigitur,
828 1662 928 1714 quod
962 1663 1209 1701 unctionibus
1227 1664 1266 1711 8)
1299 1663 1501 1710 formatur,

172 1722 273 1776 quod
298 1720 494 1761 blanditiis
521 1719 733 1759 deridetur.
796 1720 903 1758 Hanc
930 1722 1233 1766 venerationem,
1262 1733 1285 1758 ο
1310 1719 1502 1767 Marcion,

173 1788 330 1820 naturae
358 1779 525 1830 despuis.
586 1778 636 1816 Et
662 1777 853 1830 quomodo
886 1785 997 1816 natus
1029 1780 1096 1816 es?
1133 1777 1249 1816 odisti
1280 1784 1504 1817 nascentem

173 1840 383 1886 hominem,
411 1844 451 1876 et
477 1835 668 1888 quomodo
697 1835 825 1887 diligis
850 1836 1041 1887 aliquem?
1066 1843 1104 1874 te
1126 1835 1278 1888 quidem
1299 1836 1412 1889 plane
1427 1848 1505 1877 nou

174 1897 320 1943 amasti,
348 1909 432 1934 eum
458 1895 505 1933 ab
532 1894 702 1933 ecclesia
728 1901 767 1932 et
793 1893 867 1932 fide
895 1894 1039 1933 Christi
1065 1894 1279 1933 recessisti.
1344 1892 1424 1932 Sed
1447 1894 1506 1932 vi-

176 1953 298 2000 deris,
331 1953 362 1991 si
388 1951 456 1991 tibi
483 1951 684 2003 displices,
711 1959 777 1990 aut
801 1953 833 1990 si
859 1952 974 1990 aliter
999 1958 1122 1991 natus.
1185 1950 1506 1990 Certe‘Christus

177 2011 312 2050 dilexit
337 2009 526 2047 hominem
553 2010 654 2047 illum
682 2010 718 2046 in
746 2009 1009 2056 immunditiis,
1042 2011 1079 2048 in
1105 2016 1217 2048 utero
1245 2009 1504 2060 coagulatum,

177 2069 280 2107 illum
306 2080 377 2119 per
408 2065 584 2119 pudenda
616 2067 824 2118 prolatum,
866 2068 966 2106 illum
1002 2081 1072 2120 per
1104 2066 1269 2106 ludibria
1309 2067 1505 2104 nutritum.

178 2126 344 2178 Propter
374 2138 458 2164 eum
491 2123 709 2171 descendit,
749 2132 908 2177 propter
938 2139 1023 2164 eum
1049 2123 1308 2178 praedicavit,
1348 2131 1509 2177 propter

179 2197 263 2223 eum
291 2183 391 2222 omni
417 2195 458 2221 se
485 2182 698 2221 humilitate
725 2181 870 2222 deiecit
895 2196 1013 2236 usque
1040 2182 1090 2222 ad
1115 2189 1296 2229 mortem,
1335 2189 1375 2221 et
1405 2194 1508 2221 mor-

272 2323 308 2362 1)
334 2323 406 2363 Rig.
433 2323 547 2353 sicut
572 2325 612 2353 et
638 2323 745 2362 Chr.,
770 2323 861 2354 eius
888 2323 953 2354 dei
974 2324 1058 2356 erit
1085 2323 1187 2363 Chaa,
1214 2322 1338 2354 cuius
1363 2321 1510 2363 angeli

181 2370 308 2409 tales,
336 2369 477 2408 qualis
499 2371 542 2400 et
568 2369 659 2401 Chr.
759 2370 796 2410 2)
822 2370 895 2410 Rig.
916 2370 957 2401 in
979 2370 1055 2401 hac
1083 2370 1240 2409 specie.
1341 2370 1377 2409 3)
1405 2370 1454 2401 10.
1475 2368 1508 2407 1,

183 2418 235 2447 32.
307 2416 344 2455 4)
365 2415 528 2447 Gelenius
542 2416 880 2449 etPam.exorsus
907 2416 1003 2447 odio
1028 2416 1174 2447 habita
1201 2416 1332 2447 nativ.
1405 2414 1509 2454 5)cf.

184 2463 259 2493 adv.
285 2463 392 2493 Mare.
416 2463 447 2501 3,
476 2463 529 2492 11.
636 2462 672 2502 6)
698 2462 771 2503 Rig.
798 2462 1119 2493 inolescentem.
1227 2461 1265 2504 7)
1292 2461 1350 2493 Sie
1376 2459 1510 2492 emend.

185 2508 255 2548 Rig.
281 2509 360 2539 Cod.
385 2508 520 2540 Ursini:
557 2508 745 2550 anxium,
782 2509 948 2547 nixum,
988 2511 1120 2539 totum
1156 2508 1236 2540 ine.
1296 2506 1378 2538 Cod.
1403 2507 1510 2547 Agob.

186 2554 372 2593 anxium,
397 2563 471 2585 nec
498 2563 604 2586 sono
627 2557 763 2586 totum
788 2555 868 2587 ine.
916 2554 1228 2592 Rhemanxium,
1256 2561 1426 2594 nexum,
1447 2554 1508 2583 to-

186 2602 268 2630 tum
293 2600 370 2631 inc.
465 2599 498 2639 8)
525 2601 586 2633 Ed.
605 2601 707 2633 Fran.
728 2600 1036 2633 vinctionibus.
