1624 2826
190 206 286 243 222
447 205 572 236 ADv.
608 202 972 235 MARCIONEM
1010 201 1187 232 LIBER
1220 200 1250 230 V

187 302 330 339 tionem
357 296 650 342 Christianismi,
678 296 869 348 positurus
895 296 1046 333 unicum
1078 292 1381 338 fundamentum,
1413 289 1513 343 quod

190 364 250 396 est
275 356 479 395 Christus?
498 356 534 403 ¹)
586 355 672 405 quia
710 361 749 391 et
786 352 833 391 de
871 353 944 390 hoc
983 364 1054 404 per
1089 348 1252 389 eundem
1290 348 1515 401 prophetam

191 421 364 454 creator:
410 425 505 451 ecce
545 425 638 462 ego,
677 412 817 462 inquit,
857 410 989 447 iniicio
1027 410 1065 447 in
1102 406 1351 446 fundamenta
1387 403 1518 444 Sionis

190 470 353 524 lapidem
387 470 594 521 pretiosum
626 468 911 514 honorabilem,
945 474 984 505 et
1021 467 1084 518 qui
1116 466 1153 504 in
1181 477 1266 503 eum
1293 462 1516 511 crediderit,

190 542 266 567 non
293 526 605 573 confundetur,2)
634 527 706 564 nisi
731 527 762 563 si
788 532 1019 564 structorem
1045 537 1086 563 se
1115 523 1259 562 terreni
1281 522 1410 574 operis
1425 520 1518 560 deus

189 585 456 638 profitebatur,
483 591 524 622 ut
551 588 624 621 non
651 583 698 621 de
727 583 880 621 Christo
907 596 975 621 suo
1002 581 1254 633 significaret,
1282 580 1345 631 qui
1370 580 1518 618 futurus

190 649 294 681 esset
318 641 602 680 fundamentum
629 640 866 679 credentium
899 642 936 678 in
969 653 1073 686 eum,
1113 651 1229 690 super
1266 635 1367 689 quod
1406 643 1521 688 prout

191 700 348 751 quisque
375 699 686 750 superstruxerit,
715 697 867 748 dignam
893 698 1046 735 scilieet
1074 697 1136 734 vel
1162 694 1356 745 indiguam
1373 693 1520 733 doetri-

190 770 295 803 nam,
335 757 366 793 si
393 769 486 806 opus
512 756 592 793 eius
619 767 688 805 per
712 756 839 804 ignem
866 754 1109 805 probabitur,
1137 753 1169 790 si
1194 764 1345 790 merces
1371 751 1425 790 illi
1452 763 1522 803 per

190 815 318 864 ignem
344 811 591 864 rependetur,
620 812 808 849 creatoris
835 818 905 857 est,
933 812 1021 862 quia
1049 822 1117 861 per
1136 810 1262 859 ignem
1279 808 1519 855 iudicatur³>

189 877 318 909 vestra
350 868 875 921 superaedificati0,'utique
907 869 963 906 sui
995 866 1250 912 fundamenti,
1289 865 1327 903 id
1366 871 1426 904 est
1462 865 1518 903 sui

191 927 346 966 Christi.
397 926 580 973 Nescitis,
609 924 709 977 quod
735 926 913 977 templum
940 924 1002 963 dei
1029 925 1123 970 sitis,
1151 930 1189 962 et
1214 924 1251 960 in
1278 922 1387 960 vobis
1412 921 1521 960 inha-

189 985 288 1024 bitet
314 985 467 1035 spiritus
494 983 632 1034 dem)
688 981 729 1020 Si
762 983 874 1020 homo
907 989 946 1020 et
977 995 1039 1021 res
1072 988 1112 1019 et
1143 993 1237 1032 opus
1263 986 1302 1018 et
1327 980 1454 1030 imago
1480 986 1522 1018 et

191 1041 396 1080 similitudo
424 1048 464 1079 et
490 1053 580 1078 caro
607 1053 677 1091 per
702 1047 842 1077 terram
870 1047 909 1077 et
934 1040 1058 1077 anima
1083 1051 1154 1089 per
1179 1037 1343 1075 afflatum
1364 1042 1520 1075 creato-

190 1100 242 1137 ris
269 1106 343 1145 est,
383 1105 484 1136 totus
504 1099 540 1146 5)
574 1110 668 1147 ergo
694 1097 732 1134 in
759 1097 885 1134 alieno
918 1096 1064 1134 habitat
1095 1094 1188 1133 deus
1212 1093 1449 1141 Marcionis,
1486 1094 1520 1132 si

191 1170 266 1194 non
305 1156 494 1193 creatoris
532 1167 656 1192 sumus
695 1154 887 1205 templum.
952 1152 1095 1200 Quodsi
1128 1151 1308 1203 templum
1341 1150 1414 1190 ‹lei'
1436 1151 1520 1203 quis

189 1213 398 1259 vitiaverit,
437 1211 650 1257 vitiabitur,
681 1212 808 1262 utique
840 1224 861 1249 a
888 1210 961 1249 deo
989 1211 1131 1262 templi.
1194 1208 1367 1248 Ultorem
1392 1209 1519 1248 inten-

191 1278 286 1316 tans,
315 1277 529 1308 creatorem
557 1269 776 1307 intentahis.
829 1267 943 1307 Stulti
970 1275 1108 1314 estote,
1135 1273 1176 1305 ut
1201 1267 1284 1306 sitis
1309 1267 1518 1320 sapientes.
1574 1280 1577 1284 ·

192 1327 343 1374 Quare?
391 1328 580 1378 sapientia
622 1328 721 1364 enim
766 1326 875 1364 huius
918 1325 1045 1364 mundi
1089 1325 1249 1363 stultitia
1292 1330 1352 1363 est
1399 1320 1520 1377 =penes

193 1384 362 1431 deum.⁶)
425 1384 550 1422 Penes
588 1397 695 1434 quem
736 1382 874 1420 deum?
912 1382 954 1420 Si
992 1383 1083 1420 nihil
1123 1382 1231 1420 nobis
1269 1388 1309 1420 et
1339 1380 1387 1420 ad
1418 1381 1519 1420 hune

191 1454 341 1479 sensum
368 1441 527 1491 pristina
553 1438 926 1490 praeiudicaverunt,
954 1439 1052 1477 bene
1069 1438 1167 1490 quod
1184 1446 1224 1476 et
1248 1439 1311 1477 hie
1337 1438 1518 1478 adstruit:

192 1498 373 1548 scriptum
406 1504 464 1535 est
496 1497 612 1534 enim:
652 1495 997 1546 deprehendens‘1)
1044 1497 1237 1546 sapientes
1274 1497 1311 1534 in
1351 1496 1522 1548 nequitia

191 1555 362 1601 illorum3
402 1561 441 1592 et
477 1566 630 1591 rursus:
671 1552 843 1590 domiuus
876 1554 949 1590 scit
981 1552 1240 1602 cogitationes
1277 1554 1519 1604 sapientium,

193 1611 294 1663 quod
332 1612 406 1649 sint
442 1623 717 1662 supervacuae.
738 1611 776 1658 8)
838 1610 880 1647 In
913 1616 1031 1647 totum
1065 1610 1163 1648 enim
1192 1610 1472 1661 praescriptum
1498 1623 1522 1648 a

163 1700 168 1706 .
191 1669 301 1719 nobis
328 1670 414 1715 erit,
442 1669 544 1706 nulla
569 1669 671 1706 illum
698 1667 889 1706 sententia
914 1667 969 1705 uti
1000 1668 1169 1718 potuisse
1197 1667 1279 1705 eius
1305 1665 1381 1714 dei,
1409 1679 1519 1719 quem

191 1724 390 1764 destruere
418 1724 591 1771 deberet,
618 1725 650 1762 si
677 1738 751 1763 non
783 1726 837 1763 illi
864 1723 1037 1762 doceret.
1099 1722 1219 1774 Ergo,
1248 1725 1380 1776 inquit,
1409 1736 1521 1762 nemo

190 1783 379 1833 glorietur
403 1783 633 1820 in2homine.
694 1782 745 1819 Et
775 1782 849 1820 hoe
887 1780 1094 1820 secundum
1127 1781 1316 1819 creatoris
1349 1780 1522 1834 discipli-

191 1853 295 1878 nam:
322 1840 499 1878 miserum
527 1839 729 1886 hominem,
758 1840 820 1890 qui
846 1852 950 1890 spem
979 1838 1094 1876 habet
1119 1838 1157 1875 in
1182 1837 1448 1887 hominem10)
1480 1844 1522 1877 et

189 1896 328 1934 bonum
355 1904 414 1935 est
440 1896 559 1935 fidere
585 1897 623 1934 in
645 1895 732 1943 deo,
761 1910 870 1948 quam
887 1894 1388 1948 fideieinhominibus3¹⁰)
1413 1896 1523 1934 itaet

192 1953 363 2003 gloriari.
1512 1980 1516 1983 -

306 2013 344 2051 7.
394 2009 445 2048 Et
470 2011 621 2049 occulta
648 2011 893 2049 tenebrarum
922 2013 1003 2062 ipse
1030 2010 1277 2057 illuminabit,
1294 2010 1360 2059 11)
1386 2006 1518 2062 utique

190 2079 262 2117 per
287 2066 497 2114 Christum,
525 2069 587 2118 qui
614 2067 836 2117 Christi12)
864 2069 1180 2107 illuminationem
1204 2067 1516 2119 rapi-amisium)

191 2135 232 2161 se
278 2137 426 2175 quoque
472 2125 665 2163 lucernam
709 2127 992 2178 pronuntiavit,
1042 2131 1277 2165 scrutantem
1323 2122 1444 2164 eorda
1480 2131 1523 2164 et

281 2271 320 2316 1)
346 2276 364 2304 1
376 2275 451 2306 Cor.
466 2276 496 2316 3,
513 2277 566 2306 11.
663 2274 700 2318 2)
727 2277 789 2307 Ies.
806 2277 859 2316 28,
876 2278 929 2307 16.
1011 2274 1064 2319 .3)
1091 2278 1196 2307 icor.
1212 2277 1298 2317 3,13
1313 2284 1386 2315 sqq.
1481 2275 1520 2315 4)

190 2320 339 2351 ib.v.16.
447 2321 483 2360 5)
509 2321 616 2351 Rheu.
641 2320 676 2351 in
702 2322 752 2351 ed.
777 2324 801 2353 1.
828 2326 950 2353 tutus
975 2340 1021 2345 —
1046 2322 1304 2361 Marcionis,
1343 2320 1404 2352 ned
1429 2319 1525 2352 ueri-

190 2366 335 2396 bendum
362 2375 437 2397 esse
465 2367 619 2405 putavit:
657 2369 756 2401 tuus
782 2384 827 2389 —
851 2368 971 2408 deus,
997 2369 1202 2400 Marcion.
1264 2366 1404 2407 Rigaltii
1430 2365 1519 2396 ucri-

191 2413 326 2448 pturani
352 2413 568 2444 retinuimus.
664 2411 701 2455 6)
729 2415 747 2443 1
763 2415 838 2445 Cor.
853 2415 886 2452 3,
909 2416 1056 2445 17—19.
1154 2412 1188 2452 7)
1212 2412 1319 2444 Rhen.
1333 2412 1386 2443 ed.
1401 2412 1425 2441 Ι.
1449 2411 1517 2441 de-

191 2457 290 2493 preli
302 2458 403 2488 ende
414 2468 440 2489 s.
537 2456 574 2501 8)
602 2460 620 2488 1
638 2459 714 2490 Cor.
736 2460 767 2498 3,
785 2461 840 2492 19.
862 2461 915 2490 20.
957 2462 1024 2491 lob.
1046 2462 1077 2499 5,
1099 2460 1152 2489 13.
1189 2459 1244 2490 Pa.
1259 2459 1383 2498 94,11.
1479 2456 1517 2496 9)

190 2502 320 2539 lenm,
338 2505 367 2532 5.
463 2505 522 2543 10)
549 2505 601 2534 rs.
618 2506 694 2544 118,
711 2506 741 2534 8.
837 2507 896 2545 11)
924 2508 1082 2542 1001-.4‚
1099 2508 1131 2537 5.
1213 2504 1274 2544 12)
1301 2502 1518 2538 cod-Wou·

190 2546 289 2621 :igi-g:
318 2547 496 2588 Christi,
522 2550 647 2590 Rigalt.
673 2551 886 2591 Christus,
914 2551 1037 2583 ceteri:
1064 2551 1314 2582 Christum.'
1381 2549 1441 2589 13)
1455 2549 1520 2580 les·

171 2629 178 2635 .
237 2614 245 2631 ν
278 2612 287 2622 ·
