1566 2808
0 106 46 154 εἶ’
78 106 89 116 “
355 100 482 117 ‘⁴²‘

0 176 20 218 ,ἐν

246 230 252 234 a
317 211 442 243 Anv.
477 209 840 241 MARc10NEM
875 208 1052 240 menn
1079 209 1136 238 ιν.
1287 203 1390 243 185

62 316 136 346 nos
164 304 240 350 sibi
276 302 376 345 {ilios
398 302 538 349 faciet,
576 303 640 354 qui
671 301 783 339 nobis
814 301 914 339 filios
945 301 1077 339 facere
1105 312 1185 338 non
1217 299 1392 351 permisit

63 359 277 402 auferendo
303 360 552 409 connubium3
588 358 779 412 quomodo
807 359 844 396 in
871 357 909 396 id
935 370 1072 396 nomen
1099 352 1309 395 allecturus
1333 362 1394 394 est

64 433 172 467 suos,
210 417 312 472 quod
342 419 417 458 iam
449 418 598 457 erasit?
645 416 761 454 Filius
792 415 974 467 spadonis
1004 428 1090 454 esse
1115 427 1191 452 non
1224 426 1391 466 possum,

65 478 229 516 maxime
254 489 339 516 cum
363 482 511 528 patrem
536 474 698 512 habeam
723 473 899 519 eundem,
927 485 1038 524 quem
1064 479 1103 510 ct
1129 473 1267 510 omnia.
1294 470 1392 509 Nam

66 542 143 574 tam
168 540 282 587 pater
304 535 488 579 omnium,
523 533 585 583 qui
613 531 793 584 conditor
817 531 1094 575 universitatis,
1123 542 1231 581 quam
1259 528 1392 580 spado,

66 593 131 645 qni
161 591 300 631 nuliius
330 590 566 629 substantiae
599 588 792 627 conditor.
853 588 947 630 Etsi,
969 600 1111 626 marem
1144 600 1189 625 ac
1216 586 1394 627 feminam

65 662 145 688 non
168 649 385 688 miscuisset
409 648 582 693 creator,
621 647 694 685 etsi
720 644 796 683 uon
826 645 1014 684 universis
1046 657 1196 696 quoque
1222 644 1395 681 animali·-

65 707 138 747 bns
161 706 270 755 filios,
286 706 562 761 concessisset,
590 705 664 742 boc
690 717 795 742 eram
821 704 904 741 eius
928 708 1017 740 ante
1043 701 1278 753 paradisum,
1305 707 1395 738 ante

67 762 275 810 delictum,
313 763 619 831 antmssilium,
659 759 878 798 ante'duos
913 772 1039 797 unum.
1101 757 1237 796 Denuo
1270 758 1395 795 factus

66 819 264 866 minimi,
303 815 430 858 statim
461 830 546 857 cum
577 830 638 855 me
664 817 836 855 manibus
862 817 997 854 enixus
1022 822 1099 862 est,
1140 828 1224 853 cum
1251 809 1300 853 de
1326 828 1395 852 suo

66 877 190 931 halitu
225 877 357 915 movit.
418 875 487 914 lue
524 888 583 913 me
617 888 715 912 nunc
747 869 877 912 rursus
912 874 1027 911 filium
1065 880 1282 924 nuncupat,
1322 873 1396 910 iam

66 947 147 974 non
165 935 208 974 in
232 934 414 980 animam,
451 932 520 972 sed
546 934 584 971 in
609 933 782 984 spiritum
808 932 979 983 pariens:
1014 932 1099 982 quia
1127 932 1227 982 ipse,
1261 931 1395 981 inquit,

67 993 194 1037 suavis
219 998 280 1031 est
307 990 492 1030 adversus
523 991 697 1041 ingratos
728 996 767 1027 et
791 989 976 1035 ma!os.¹)
1038 987 1168 1039 Euge,
1207 987 1396 1032 Marcion,

68 1050 169 1097 tntis
190 1050 394 1101 ingeniose
426 1047 627 1087 detraxisti
659 1047 715 1085 ilii
747 1047 893 1098 pluvias
924 1053 964 1084 et
1000 1046 1121 1091 soles,
1162 1058 1209 1083 ne
1242 1049 1399 1083 creator

67 1105 280 1146 videretur.
341 1105 421 1145 Sed
453 1106 535 1157 quis
565 1106 638 1143 iste
670 1105 815 1150 suavis,
855 1105 917 1155 qui
948 1116 996 1141 ne
1030 1104 1208 1153 cognitus
1246 1101 1398 1153 quidem

68 1165 191 1216 usque
214 1162 364 1202 adhuc?
381 1161 589 1213 ‘Quomodo
615 1162 759 1207 suavis,
793 1174 815 1198 a
842 1174 917 1212 quo
942 1160 1044 1203 nulia
1069 1158 1260 1197 beneficia
1284 1171 1399 1211 prae-

73 1222 298 1266 cesserant?
355 1219 441 1258 Hoc
467 1232 591 1270 genus
613 1218 831 1264 suavitatis,
871 1230 944 1269 qua
975 1217 1077 1254 soles
1103 1223 1143 1255 et
1168 1216 1309 1254 imbres
1336 1217 1400 1268 qui

70 1279 358 1324 foeneraverat,
384 1290 470 1316 non⁴
486 1283 713 1328 recepturus
739 1275 785 1313 ab
812 1274 975 1312 humano
1002 1287 1147 1325 genere
1161 1280 1203 1312 ut
1228 1281 1398 1319 creator,

73 1337 137 1389 qui
166 1343 239 1389 pro
270 1341 377 1374 tanta
407 1334 684 1374 elementorum
703 1332 948 1370 'liberalitate
973 1332 1124 1370 facilius
1149 1330 1263 1368 idolis
1289 1344 1399 1382 quam

73 1394 148 1438 sibi
177 1392 347 1432 debitum
379 1392 528 1443 gratiae
559 1391 776 1429 referentes
808 1390 985 1427 homines
1011 1401 1129 1440 usque
1162 1387 1286 1426 adhuc
1318 1401 1400 1426 sus-

72 1452 182 1490 tinet.
241 1449 347 1489 vere
379 1450 504 1487 suavis
535 1448 648 1486 etiam
681 1446 915 1498 spiritalibus
953 1445 1176 1483 commodis.
1237 1444 1401 1496 Eloquia

73 1509 174 1548 enim
198 1506 343 1546 domini
373 1505 549 1544 dulciora
579 1517 695 1556 super
725 1505 799 1557 mel
829 1510 871 1542 et
894 1503 1061 1552 favos.2)
1125 1501 1192 1540 {ne
1219 1503 1337 1554 igitur
1362 1510 1402 1540 et

71 1568 247 1618 ingratos
270 1564 508 1615 suggillavit,
547 1563 767 1614 quigratos
794 1561 963 1613 experiri
988 1560 1220 1598 merebatur.
1284 1559 1401 1598 Cuius

6 1637 9 1638 ⁷
72 1623 195 1662 solem
218 1629 260 1662 et
281 1621 424 1661 imbres
454 1628 494 1659 tu
525 1633 676 1672 quoque
699 1619 876 1657 Marcion
900 1620 1073 1669 ingratus
1097 1617 1276 1656 habuisti.
1328 1618 1403 1656 Ce-

0 1727 7 1731 ‚,
73 1687 198 1720 terum
222 1687 309 1718 tuus
333 1692 409 1717 non
435 1684 589 1730 poterat
613 1678 686 1714 iam
720 1677 828 1728 queri
859 1677 1058 1726 ingratos,
1098 1677 1160 1727 qui
1187 1688 1262 1713 non
1289 1688 1402 1726 para-

73 1744 200 1777 vetat—
216 1743 362 1788 gratos.
421 1734 730 1773 Misericordiam
763 1746 913 1785 quoque
946 1733 1210 1784 praecipiens:
1261 1738 1400 1777 estote,

74 1794 222 1846 inquit,
258 1790 554 1836 misericordes,
592 1792 827 1842 sicut-pater
844 1790 883 1842 ³)
921 1791 1097 1827 misertus
1129 1788 1188 1827 est
1210 1790 1342 1827 vestri.
1362 1790 1400 1836 4)

76 1850 162 1890 Hoc
186 1851 286 1889 erit:
334 1861 471 1901 panem
497 1847 696 1897 infringito
722 1847 924 1892 esurienti,
963 1853 1004 1884 et
1029 1846 1090 1897 qui
1109 1847 1146 1894 ⁵)
1174 1846 1256 1884 sine
1281 1852 1401 1892 tecto,

76 1902 419 1949 itu-domum‘tuam
443 1903 636 1950 inducito,
668 1910 708 1941 et
732 1902 871 1941 nudum
897 1903 938 1941 si'
951 1902 1115 1950 videris,
1140 1902 1336 1954 tegito,⁶)
1363 1909 1404 1942 et

75 1964 245 2016 iudicate
269 1964 433 2017 pupillo,
472 1969 512 2000 et
535 1960 740 1999 iustificate
764 1959 927 1999 viduam·
946 1961 984 2007 ¹1)
1019 1968 1025 1972 “
1047 1959 1231 2011 Agnosco
1256 1959 1403 1999 doctri-

41 2049 48 2052 >
77 2035 164 2062 nam
190 2024 273 2062 eius
295 2028 489 2066 veterem,
515 2019 579 2070 qui
604 2017 745 2056 mavult
768 2017 1091 2065 misericordiam,
1119 2020 1228 2070 quam
1254 2018 1402 2057 sacrifi-

79 2081 245 2128 chunst)
306 2077 385 2118 Aut
414 2078 447 2116 si
478 2077 574 2115 alius
604 2089 704 2114 nunc
729 2075 1032 2114 misericordiam
1058 2077 1276 2127 praecepit,
1314 2076 1403 2127 quia

79 2143 126 2177 et
142 2139 225 2189 ipse
249 2137 472 2175 misericors
497 2133 568 2180 sit,
610 2146 680 2172 cur
702 2139 810 2171 tanto
841 2146 938 2171 aevo
963 2133 1186 2171 misericors
1211 2133 1301 2171 mihi
1326 2146 1403 2170 non

79 2195 176 2233 fnit?
232 2193 365 2233 Nolite
390 2191 577 2237 iudscare,
602 2203 650 2229 ne
674 2189 908 2229 indicemini.
953 2189 1102 2228 -Noiite
1129 2189 1402 2235 condemnare,

80 2265 130 2290 ne
167 2250 484 2290 condemnemini.
545 2248 757 2295 Dimittite,
806 2254 847 2286 et
882 2243 1135 2287 dimittemini.
1196 2247 1319 2292 Date,
1364 2253 1405 2284 et

81 2309 234 2348 dabitur
255 2308 389 2353 vobis,
426 2318 639 2347 mensuram
663 2305 826 2352 bonam,
863 2318 1033 2357 pressam
1058 2318 1105 2343 ac
1130 2305 1309 2342 fluentem
1336 2302 1404 2341 da-

0 2414 12 2422 ,
78 2366 174 2406 hunt
198 2367 239 2406 in
262 2366 384 2404 sinum
408 2371 588 2403 vestrum.
648 2361 807 2410 Eadem,
835 2375 907 2415 qua
932 2363 1052 2401 mensi
1078 2362 1186 2400 eritis
1213 2373 1402 2407 mensura,

172 2511 210 2554 1)
234 2514 319 2545 Luc.
334 2516 367 2552 6,
382 2517 436 2547 35.
533 2515 568 2554 2)
594 2514 648 2546 Ps.
663 2515 718 2549 19,
734 2515 789 2547 11.
884 2511 921 2551 3')
949 2513 1012 2545 Ed.
1026 2512 1129 2542 Fran.
1143 2513 1177 2542 et
1192 2511 1264 2551 Rig.
1280 2508 1405 2550 pater

81 2562 236 2592 venter.
332 2558 368 2602 4)
392 2562 521 2598 Lumo,
538 2562 592 2591 36.
687 2561 723 2599 5)
749 2558 885 2589 Addidi:
913 2560 1001 2596 (μιῇ
1027 2556 1149 2598 Rigalt.
1171 2557 1401 2595 mendicos.

82 2606 120 2646 6)
145 2606 207 2638 len.
222 2607 277 2646 58,
289 2607 320 2637 ⁷.
415 2608 452 2646 7)
478 2608 540 2638 les.
557 2609 588 2648 1,
604 2607 657 2636 17.
752 2606 793 2645 8)
813 2605 896 2635 Hos.
911 2607 941 2644 6,
958 2607 989 2635 6.
