1624 2826
197 197 303 234 268
462 196 587 227 ADV.
621 195 982 228 MARCIONEM
1017 196 1195 228 LIBER
1226 197 1265 227 V.

197 290 311 329 modo
338 295 466 341 potest
490 286 632 340 aliquid
657 286 706 326 ad
733 301 886 327 crucem
903 287 1045 327 Christi
1071 303 1146 327 non
1172 289 1229 327 sui
1256 293 1414 327 creator
1438 300 1530 340 pro-

199 349 412 394 nuntiasse,
452 359 561 398 quem
587 345 809 395 ignorabat,
849 359 933 384 cum
959 344 1237 398 praedicabat?
1286 343 1366 383 Sed
1397 351 1437 383 et
1462 357 1532 383 cur

199 404 299 457 apud
325 404 516 442 dominum
543 404 722 455 optimum
748 410 788 442 et
812 404 994 455 profusae
1021 401 1312 443 misericordiae
1339 402 1404 440 alii
1430 401 1532 440 salu-

199 471 277 501 tem
302 462 488 507 referunt,
523 460 727 499 credentes
759 473 912 499 crucem
939 461 1117 499 virtutem
1145 467 1185 499 et
1216 459 1443 512 sapientiam
1468 457 1530 498 dei

200 532 299 564 csse,
327 519 390 556 alii
416 517 685 570 perditionem,
713 518 847 569 quibus
862 518 1005 556 Christi
1032 532 1127 557 crux
1142 517 1304 556 stultitia
1317 523 1530 569 reputatur,

200 578 232 615 si
265 589 339 613 non
379 577 567 614 creatoris
599 583 658 614 est
694 576 858 627 aliquam
891 583 931 614 et
961 577 1091 628 populi
1124 583 1164 614 et
1194 575 1345 613 humani
1378 574 1532 625 generis

202 633 386 671 offensam
419 632 648 671 detrimento
682 634 894 684 sapientiae
928 640 1042 685 atque
1069 632 1535 685 prudentiae-multasse?

201 690 286 728 Hoc
325 691 522 741 sequentia
556 691 852 738 confirmabunt,
892 704 975 729 cum
1015 690 1127 729 dicit:
1167 703 1293 728 nonne
1319 689 1536 728 -infatuavit

202 747 296 786 deus
321 748 544 798 sapientiam
572 746 723 785 mundi?
749 760 907 798 cumque
930 755 969 785 et
990 748 1052 786 hic
1074 746 1220 794 adiicit,
1248 759 1386 798 quare:
1414 758 1535 798 quon-

201 807 276 843 iam
309 805 347 842 in
379 804 442 842 dei
473 805 661 855 sapientia
695 817 770 841 non
803 804 996 843 intellexit
1025 803 1185 842 mundus
1212 816 1282 855 per
1307 804 1533 855 sapientiam

204 861 413 908 dominum,
458 861 550 898 boni
588 861 694 899 duxit
725 860 844 907 deus,
891 874 960 913 per
997 862 1192 900 stultitiam
1234 859 1535 912 praedicationis
1572 897 1580 905 ,

205 919 330 956 salvos
356 919 487 956 facere
515 918 780 966 credentes.1)
817 917 895 956 Sed
922 919 1025 970 prius
1053 918 1099 956 de
1127 917 1265 956 mundo
1293 917 1533 969 disceptabo,

205 983 390 1027 quatenus
415 976 648 1014 subtilissimi
680 976 868 1014 haeretici
894 976 955 1014 hic
988 975 1047 1014 vel
1075 976 1236 1013 maxime
1262 973 1439 1012 mundum
1464 986 1537 1026 per

205 1033 395 1071 (lominum
422 1032 548 1070 mundi
574 1034 895 1084 interpretantur,
934 1046 1003 1070 nos
1029 1040 1154 1071 autem
1181 1032 1372 1071 hominem
1399 1032 1462 1084 qui
1487 1032 1537 1070 sit

203 1092 242 1127 in
268 1089 405 1128 mundo
433 1091 691 1140 intelligimus,
719 1103 769 1129 ex
792 1091 916 1128 forma
941 1090 1104 1142 simplici
1125 1088 1307 1141 'loquelae
1333 1089 1535 1136 humanae,

205 1160 277 1198 qua
302 1148 525 1198 plerumque
552 1146 588 1185 id
618 1147 716 1198 quod
746 1148 918 1186 continet
943 1148 1117 1198 ponimus
1142 1160 1213 1198 pro
1240 1160 1288 1186 eo
1315 1145 1416 1199 quod
1443 1159 1537 1186 con—

203 1206 361 1242 tinetur.
424 1204 560 1242 Circus
587 1205 764 1243 clamavit
796 1211 836 1243 et
868 1205 991 1242 forum
1025 1205 1193 1244 locutum
1225 1211 1284 1244 est
1309 1211 1349 1243 et
1373 1203 1566 1253 basilica·

203 1263 376 1308 fremuit,
416 1261 453 1299 id
481 1268 557 1308 est,
592 1263 655 1313 qui
681 1263 718 1300 in
745 1262 804 1300 his
830 1262 926 1300 loeis
953 1275 1034 1300 rem
1060 1269 1236 1314 egerunt.
1301 1260 1423 1313 Igitur
1447 1262 1536 1314 quia

205 1319 343 1364 homo,
371 1332 457 1356 vnon
497 1318 613 1365 deus,
660 1319 786 1358 mundi
818 1321 856 1357 in
882 1320 1071 1371 sapientia
1098 1334 1172 1358 non
1200 1320 1384 1370 cognovit
1408 1317 1535 1365 deum,

207 1388 317 1426 quem
344 1388 583 1426 cognoscere
611 1375 811 1422 debuerat,
840 1383 879 1415 et
904 1376 1068 1415 Iudaeus
1095 1378 1130 1414 in
1158 1378 1345 1429 sapientia
1371 1377 1538 1428 scriptu-

206 1445 334 1470 rarum
360 1439 400 1470 ct
425 1433 545 1470 omnis
570 1446 665 1483 gens
690 1434 728 1471 in
755 1434 943 1484 sapientia
970 1446 1147 1484 operum,
1185 1429 1275 1472 ideo
1303 1433 1396 1473 deus
1421 1433 1535 1481 idem,

209 1490 271 1539 qui
308 1490 346 1526 in
377 1490 566 1540 sapientia
599 1503 667 1527 sua
704 1503 779 1527 non
812 1497 897 1528 erat
927 1491 1103 1541 agnitus,
1143 1493 1276 1529 statuit
1310 1491 1537 1543 sapientiam

207 1547 400 1584 hominum
433 1546 594 1584 stultitia
631 1554 903 1598 repercutere,
947 1548 1075 1585 salvos
1111 1545 1291 1586 faciendo
1331 1548 1539 1588 credentes

209 1615 377 1654 quosque
404 1604 442 1640 in
467 1604 619 1642 stultam
647 1606 772 1643 crucis
797 1604 1140 1656 praedicationem.
1193 1604 1380 1652 Quoniam
1405 1605 1539 1644 Iudaei

207 1661 316 1710 signa
350 1660 588 1707 desiderant,
623 1663 685 1713 qui
717 1663 789 1699 iam
823 1661 870 1700 de
897 1661 971 1700 deo
999 1663 1097 1700 certi
1122 1675 1207 1700 esse
1234 1661 1466 1710 debuerant,
1499 1669 1540 1702 et

210 1716 352 1755 Graeci
378 1719 603 1769 sapientiam
631 1726 841 1770 quaerunt,
861 1719 900 1767 2)
929 1720 991 1771 qui
1017 1733 1121 1758 suam
1148 1720 1319 1766 scilicet,
1358 1733 1432 1758 non
1459 1719 1538 1767 dei,

207 1775 433 1825 sapientiam
466 1775 616 1813 sistunt.
679 1776 857 1815 Ceterum
890 1777 921 1814 si
953 1790 1072 1815 novus
1105 1775 1199 1815 deus
1231 1775 1538 1828 praedicaretur,

209 1831 297 1882 quid
323 1831 566 1883 deliquerant
590 1832 722 1871 Iudaei
737 1834 849 1884 signa
861 1832 1141 1881 desiderantes,
1169 1834 1303 1886 quibus
1317 1833 1538 1881 crederent,

209 1896 274 1926 aut
301 1887 441 1927 Graeci
469 1891 695 1941 sapientiam
721 1898 937 1938 sectantes,
966 1893 1028 1930 cui
1054 1893 1175 1942 magis
1202 1891 1434 1931 crederent?
1481 1891 1539 1931 Ita

210 1952 250 1981 ct
275 1948 531 1984 remuneratio
558 1948 638 1998 ipsa
664 1949 702 1985 in
729 1947 891 1987 Iudaeos
917 1955 956 1987 et
983 1948 1157 1988 Graecos
1183 1956 1223 1987 et
1245 1949 1400 1988 zeloten
1426 1948 1539 1988 deum

212 2001 413 2039 confirmat
437 2010 477 2040 et
501 2003 684 2051 iudicem,
724 2006 787 2056 qui
818 2019 867 2044 ex
891 2006 1145 2054 retributione
1171 2007 1321 2059 aemula
1346 2013 1387 2046 ct
1410 2005 1539 2045 iudice

211 2059 459 2097 infatuaverit
483 2061 707 2111 sapientiam
734 2062 872 2102 mundi.
912 2063 1057 2111 Quodsi
1082 2065 1163 2103 eius
1188 2071 1276 2103 sunt
1300 2066 1341 2102 et
1364 2076 1538 2110 caussae,

214 2117 320 2153 cuius
346 2115 576 2155 adhibentur
601 2120 827 2170 scripturae,
854 2134 949 2173 ergo
976 2121 1024 2160 de
1051 2121 1126 2160 deo
1152 2128 1324 2161 tractans
1343 2121 1539 2173 apostolus

211 2186 288 2210 non
331 2174 555 2221 intellecto,
606 2175 653 2214 de
692 2185 868 2223 creatore
911 2180 1045 2231 utique·
1080 2178 1198 2218 docet
1234 2177 1538 2230 intelligendum.

212 2229 339 2269 Etiam
365 2231 466 2283 quod
492 2232 711 2272 scandalum
738 2234 889 2274 Iudaeis
914 2236 1116 2288 praedicat
1140 2236 1411 2284 Christum,³)
1449 2249 1539 2288 pro-

212 2289 380 2339 phetiam
407 2303 523 2341 super
547 2291 613 2328 illo
641 2293 842 2343 consignat
868 2295 1070 2341 creatoris,
1098 2293 1263 2333 dicentis
1282 2307 1354 2346 per
1366 2293 1538 2347 Esaiam:

214 2359 308 2384 ecce
334 2348 444 2398 posui
470 2348 507 2385 in
535 2347 629 2386 Sion
657 2349 820 2400 lapidem
847 2352 1071 2390 offensionis
1086 2359 1126 2396 et
1140 2359 1285 2403 petram
1299 2349 1537 2398 seandali34)

214 2410 324 2453 petra
360 2411 487 2443 autem
520 2406 592 2444 fuit
628 2406 819 2456 Cliristus3
860 2410 973 2448 etiam
1011 2409 1187 2448 Marcion
1229 2414 1369 2447 servat.
1438 2407 1539 2456 Quid

310 2542 344 2585 1)
372 2546 390 2573 1
407 2546 482 2575 Cor.
506 2548 536 2585 1,
562 2547 614 2578 20.
638 2547 689 2577 21.
786 2548 822 2587 2)
848 2549 889 2579 ib.
906 2559 934 2579 r.
950 2550 1003 2580 22.
1101 2549 1136 2588 3)
1163 2549 1206 2579 ib.
1220 2557 1250 2580 V.
1266 2547 1319 2578 23.
1415 2548 1452 2586 4)
1473 2548 1534 2578 les.

215 2588 451 2628 s,14.2s‚1‹‚·.
577 2608 580 2611 -
