1604 2800
197 200 300 239 148
419 203 490 235 DE
521 197 1037 233 RESURRECTIONE
1075 198 1301 232 CARNIS.

197 298 251 334 ita
283 302 321 333 et
353 308 423 333 nos
449 294 486 332 in
513 294 684 331 novitate
715 295 818 331 vitae
850 291 1085 332 incedamus.
1102 294 1139 341 1)
1206 291 1267 331 Ac
1299 305 1347 332 ne
1379 291 1427 333 cle
1460 294 1535 333 ista

196 359 342 391 tantum
379 353 458 391 vita
495 358 607 404 putes
646 349 808 397 dictum,
849 363 947 403 quae
985 363 1035 389 ex
1067 349 1143 389 fide
1176 363 1247 403 per
1267 350 1466 418 ‘baptisma
1496 353 1535 390 in

195 411 368 450 novitate
387 408 552 449 vivenda
572 415 643 455 est,
671 403 1009 461 piovidentissime
1034 407 1218 447 adstruit:
1245 409 1276 447 si
1304 409 1403 447 enim
1431 422 1536 448 com-

194 468 359 521 plantati
390 468 574 507 fuerimus
607 467 814 506 simulacro
846 467 980 504 mortis
1012 465 1175 513 Christi,
1210 467 1264 504 ita
1297 473 1337 505 et
1361 479 1536 506 resurre-

196 527 337 565 ctionis
376 527 530 565 erimus.
551 526 589 573 2)
669 523 746 563 Per
777 524 1021 563 simulacrum
1054 525 1154 563 enim
1189 525 1373 563 morimur
1402 525 1443 563 in
1467 524 1537 564 ba-

194 585 397 636 ptismate,
439 582 507 627 sed
533 595 605 635 per
628 583 834 620 veritatem
866 583 1102 633 resurgimus
1129 583 1167 620 in
1194 595 1333 629 carne,
1371 583 1472 621 sicut
1497 589 1536 622 et

196 642 383 689 Christus,
416 649 469 688 ut,
497 644 597 680 sicut
621 641 799 692 regnavit
823 641 862 678 in
888 647 1012 678 morte
1039 638 1235 687 delictum,
1267 641 1322 679 ita
1346 646 1387 679 et
1410 641 1536 692 gratia

192 706 334 751 regnet
365 712 436 751 per
467 699 649 737 iustitiam
675 699 714 736 in
739 699 854 737 vitam
880 698 1152 750 sempiternam
1179 710 1250 750 per
1274 697 1398 737 Iesum
1425 697 1537 737 Chri-

195 764 293 794 stum
319 755 511 794 dominum
537 763 721 794 nostrum.
743 756 779 806 3)
842 755 1043 803 Quomodo
1070 757 1155 803 ista,
1189 756 1220 794 si
1247 769 1323 794 non
1348 768 1476 808 aeque·
1497 757 1536 795 in

196 815 340 852 carne?
383 812 456 852 Ubi
489 814 589 851 enim
621 825 744 859 mors,
783 812 837 850 ibi
863 820 903 851 et
927 813 1005 850 vita
1036 820 1126 864 post
1157 820 1338 860 mortem,
1378 815 1466 865 quia
1497 820 1537 853 et

193 872 272 910 vita
299 871 353 910 ibi
379 878 481 918 ante,
509 870 573 908 ubi
599 876 735 922 postea
761 883 877 908 mors.
916 868 1015 907 Nam
1043 870 1073 907 si
1100 882 1261 921 regnum
1286 871 1422 909 mortis
1442 870 1536 909 nihil

195 936 399 981 operatur,
434 941 545 980 quam
578 928 706 966 carnis
739 926 1050 974 dissolutionem,
1089 926 1253 979 proinde
1291 929 1407 966 vitam
1441 941 1536 967 con-

192 987 352 1026 trariam
379 987 493 1024 morti
521 986 758 1023 contrarium
785 991 942 1037 oportet
968 985 1136 1036 operari,
1169 983 1208 1022 id
1235 992 1295 1023 est
1320 986 1448 1024 carnis
1472 998 1537 1025 re-

193 1043 540 1096 dintegrationem,
579 1043 653 1089 uti,
693 1043 793 1080 sicut
823 1041 1082 1080 devoraverat
1111 1054 1215 1079 mors
1245 1042 1538 1091 invalescendo,-

191 1103 246 1140 ita
274 1109 313 1140 et
338 1101 491 1139 mortali
518 1099 705 1139 devorato
732 1099 779 1138 ab
806 1099 1094 1137 immortalitate
1126 1098 1260 1138 audire
1293 1101 1432 1152 possit:
1470 1100 1537 1140 ubi

193 1166 253 1197 cst
278 1172 381 1198 mors
407 1159 564 1197 aculeus
591 1159 702 1196 tuus?
742 1157 807 1196 ubi
840 1163 900 1196 est
931 1170 1033 1195 mors
1060 1157 1260 1196 contentio
1287 1159 1427 1208 tua?⁴)
1467 1157 1534 1198 Sic

192 1218 293 1255 enim
320 1224 360 1255 et
385 1218 512 1268 gratia
545 1216 624 1255 illic
657 1213 1003 1268 superabundabit,
1036 1214 1100 1254 ubi
1132 1222 1172 1254 et
1202 1216 1383 1268 iniquitas
1413 1215 1536 1255 abun-

192 1273 308 1314 davit.
329 1275 364 1324 ⁵)
439 1273 505 1313 Sic
546 1281 587 1313 et
615 1274 735 1312 virtus
767 1274 805 1311 in
838 1273 1059 1312 infirmitate
1097 1273 1340 1325 perficietur,
1355 1273 1393 1323 6)
1433 1272 1534 1326 quod

191 1333 311 1384 periit
341 1332 485 1370 salvum
516 1332 683 1378 faciens,
723 1330 824 1383 quod
863 1338 1051 1370 mortuum
1085 1338 1146 1370 est
1174 1331 1392 1379 vivificans,
1432 1330 1534 1384 quod

190 1401 416 1440 percussum
438 1395 497 1427 est
521 1401 672 1435 sanans,
702 1387 803 1439 quod
831 1389 978 1440 languit
998 1387 1206 1436 medicans,
1236 1388 1338 1442 quod
1359 1396 1534 1442 ereptum
1590 1428 1598 1435 ,

193 1452 254 1483 est
278 1444 491 1492 redimens,
525 1445 625 1496 quod
652 1445 871 1484 famulatum
899 1453 959 1484 est
984 1447 1171 1494 liberans,
1206 1446 1308 1499 quod
1333 1445 1534 1487 seductum

192 1509 254 1541 est
277 1515 486 1548 revocans,
527 1501 627 1554 quod
666 1502 800 1540 elisum
832 1509 890 1540 est
922 1504 1123 1550 suscitans,
1143 1506 1182 1552 ⁷)
1222 1512 1262 1543 et
1299 1504 1452 1557 quidem
1484 1504 1533 1544 de

191 1567 300 1599 terra
318 1561 356 1598 in
377 1559 541 1606 coelum,
567 1559 631 1598 ubi
658 1566 828 1598 nostrum
855 1560 1125 1611 municipatum
1146 1560 1414 1612 Philippenses
1439 1575 1534 1614 quo-

192 1630 266 1670 que
299 1617 346 1656 ab
378 1617 556 1669 apostolo
596 1615 766 1664 discunt,
806 1615 906 1655 unde
939 1624 978 1656 et
1008 1615 1324 1656 salutificatorem
1361 1625 1532 1659 nostrum

191 1682 462 1726 exspectamus
477 1674 600 1714 lesum
616 1673 706 1712 Chr
698 1682 821 1721 istum,
838 1675 901 1726 qui
915 1674 1207 1726 transfigurabit
1220 1687 1362 1742 eorpus
1375 1683 1532 1717 nostrae

189 1732 416 1771 humilitatis
454 1732 693 1771 conformale
727 1732 884 1784 corpori
916 1732 1065 1783 gloriae
1092 1744 1197 1779 suae,
1218 1732 1255 1780 ⁸)
1295 1734 1377 1772 sine
1415 1732 1532 1774 dnbio

188 1797 279 1842 post
303 1791 650 1836 resurrectionem,
678 1790 766 1841 quia
793 1802 864 1828 nec
890 1789 973 1842 ipse
1001 1789 1176 1828 Christus
1207 1789 1448 1841 glorificatus
1473 1799 1534 1831 est

190 1855 280 1887 ante
306 1849 541 1900 passionem.
606 1847 713 1886 Haec
732 1853 854 1886 ·erunt
880 1860 1048 1899 corpora
1073 1855 1228 1894 nostra,
1265 1861 1363 1900 quae
1389 1847 1532 1889 Roma-

189 1919 261 1944 nos
289 1906 470 1945 obsecrat
496 1905 696 1952 exhibere,
729 1905 893 1943 hostiam
918 1906 1054 1952 vivam,
1089 1912 1279 1952 sanctam,
1310 1906 1531 1958 placibilem

191 1961 280 2001 deo.
296 1963 333 2011 9)
397 1962 599 2012 Quomodo
625 1964 768 2010 vivam,
802 1963 834 2001 si
865 1963 1038 2015 peritura
1072 1965 1184 2001 sunt?
1222 1962 1415 2015 quomodo
1441 1977 1531 2003 san-

192 2027 307 2067 ctam,
334 2022 364 2059 si
391 2021 555 2074 profana
577 2023 690 2060 sunt?
714 2020 907 2073 quomodo
928 2020 1138 2072 placibilia,
1166 2021 1198 2058 si
1219 2019 1403 2060 damnata
1418 2023 1532 2060 sunt?

189 2076 278 2129 Age
298 2079 386 2126 iam,
414 2077 516 2131 quod
535 2077 584 2116 ad
604 2078 975 2118 Thessalonicenses
1001 2079 1119 2130 ipsius
1144 2077 1237 2116 solis
1262 2076 1373 2116 radio
1399 2085 1529 2131 putem

191 2136 393 2188 scriptum,
425 2137 481 2174 ita
513 2136 655 2184 claret,
689 2137 857 2188 qualiter
887 2137 1084 2188 accipient
1115 2135 1309 2187 lucifugae
1341 2136 1404 2175 isti
1430 2137 1529 2175 scri-

189 2199 406 2244 pturarum:
438 2194 521 2246 ipse
547 2200 674 2232 autem
701 2193 795 2233 deus
820 2195 928 2246 pacis
948 2192 1167 2233 sanctificet
1184 2205 1254 2232 vos
1273 2195 1403 2232 totos?
1436 2193 1529 2233 Non

191 2250 340 2298 suffieit,
369 2250 437 2290 sed
463 2252 655 2303 sequitur:
689 2259 729 2290 et
754 2251 945 2303 integrum
973 2264 1115 2303 corpus
1139 2257 1309 2290 vestrum
1335 2257 1376 2289 et
1400 2251 1527 2290 anima

191 2314 231 2344 et
246 2309 400 2359 spiritus
414 2309 496 2348 sine
513 2309 672 2361 querela
692 2316 973 2348 conserventur
991 2310 1029 2347 in
1050 2309 1272 2360 praesentia
1293 2306 1523 2354 domini.¹⁰)

191 2362 320 2403 Habes
352 2379 501 2406 omnem
534 2365 782 2405 substantiam
815 2367 979 2406 hominis
1017 2367 1129 2406 saluti
1167 2365 1414 2413 destinatam,
1451 2377 1524 2404 nee

285 2511 323 2556 1)
348 2515 444 2546 Rom.
470 2518 502 2556 6,
527 2517 546 2547 3
574 2525 622 2554 sq.
719 2517 753 2557 2)
782 2517 878 2549 Rom.
906 2516 936 2559 6,
964 2519 994 2548 5.
1096 2517 1132 2556 3)
1159 2517 1255 2547 Rom.
1282 2517 1313 2556 5,
1339 2510 1394 2546 2'1.
1489 2515 1524 2554 4)

192 2559 210 2587 1
227 2559 304 2592 Cor.
331 2561 386 2602 15,
414 2562 467 2594 55.
575 2562 608 2603 5)
633 2563 730 2594 Rom.
758 2565 787 2606 5,
815 2565 869 2593 20.
975 2562 1013 2606 6)
1043 2565 1062 2592 2
1078 2565 1154 2593 Cor.
1180 2564 1235 2598 12,
1261 2564 1292 2592 9.
1400 2558 1434 2600 7)
1457 2561 1519 2592 Ez.

193 2603 246 2638 34,
262 2605 315 2635 16.
410 2607 447 2648 8)
472 2606 558 2639 Phil.
574 2609 606 2650 3,
620 2609 662 2639 2⁰
677 2618 725 2647 sq.
827 2610 864 2649 9)
890 2609 986 2642 Rom.
1001 2610 1055 2647 12,
1072 2610 1102 2641 1.
1181 2608 1241 2647 10)
1261 2607 1403 2638 [Thess.
1419 2609 1449 2647 5,
1465 2609 1519 2638 23.
