1624 2826
201 237 307 275 23⁰
458 235 978 269 ADv.MAR010NEM
1014 234 1188 265 LIBER
1225 233 1280 264 iv.

203 332 353 369 omnino
393 343 512 381 negas
550 330 718 382 permitti
752 328 954 367 divortium
988 341 1009 366 a
1043 327 1223 372 Christo,
1264 321 1455 376 quomodo
1489 331 1527 363 tu

200 389 349 440 nuptias
387 387 550 434 dirimis,
589 401 659 425 nec
693 388 930 437 coniungens
967 399 1108 424 marem
1149 391 1188 422 et
1219 383 1415 428 feminam,
1455 394 1527 421 nee

200 447 289 484 alibi
317 447 543 484 coniunctos
564 444 611 483 ad
638 452 915 483 sacramentum
936 442 1176 495 baptismatis
1203 448 1242 479 et
1267 439 1527 494 eucharistiae

199 503 430 550 admittens,
481 504 552 541 nisi
596 504 696 540 inter
739 516 779 540 se
819 502 1105 540 coniuraverint
1143 499 1326 538 adversus
1363 494 1529 539 fructum

202 562 431 612 nuptiarum,
458 569 500 599 ut
524 560 707 599 adversus
733 561 852 612 ipsum
880 561 1124 598 creatorem?
1151 558 1268 595 Certe
1295 554 1384 608 quid
1409 555 1530 594 faciet

204 618 303 670 apud
329 626 365 657 te
393 620 568 665 maritus,
601 620 631 657 si
657 631 755 656 uxor
780 619 862 656 eius
889 617 1124 656 commiserit
1149 614 1405 653 adulterium?
1452 612 1530 655 Ha-

201 676 356 714 bebitne
384 677 509 714 illam?
535 675 613 714 Sed
639 689 710 714 nec
738 683 839 714 tuum
867 675 1079 727 apostolum
1102 674 1230 712 sinere
1243 673 1326 717 ,s'cis
1347 670 1530 723 coniungi

200 734 428 784 prostitutae
467 734 636 772 membra
676 733 879 779 Christi.1)
944 732 1070 770 Habet
1106 733 1313 783 itaque-et
1339 729 1552 778 Christnms

199 789 441 830 adsertorem
469 791 612 828 iustitia
639 789 807 828 divortii.
870 790 947 827 Iam
981 790 1068 828 hine
1103 789 1352 827 confirmatur
1383 787 1430 826 ab
1462 787 1529 826 illo

202 846 372 899 Moyses,
400 861 448 886 ex
475 847 611 885 eodem
638 848 747 884 titulo
775 847 983 898 prohibens
1009 845 1222 897 repudium,
1251 859 1325 897 quo
1353 852 1392 883 et
1418 844 1531 883 Chri-

202 912 299 952 stus,
339 906 370 943 si
408 906 599 943 inventum
632 905 761 943 fuerit*
786 905 823 942 in
857 905 1016 942 muliere
1050 904 1245 953 negotium
1285 901 1528 954 impudicum.

200 961 299 1000 Nam
326 969 365 1001 et
390 963 426 1000 in
454 961 890 1013 evangeliossMatthaei:
921 962 981 1012 qui
1010 960 1215 1006 dimiserit,
1255 961 1395 1012 inquit,
1433 973 1530 998 uxo·

200 1032 281 1058 rem
307 1033 408 1058 suam
435 1027 592 1071 praeter
617 1033 788 1058 caussam
815 1018 1007 1065 adulterii,
1037 1019 1131 1056 facit
1157 1031 1239 1056 cam
1256 1017 1535 1066 adulterari,·²)'

199 1084 313 1128 atque
340 1076 491 1115 adulter
517 1084 698 1116 censetur
724 1084 763 1115 et
786 1077 866 1124 ille,
895 1078 957 1127 qui
984 1076 1176 1114 dimissam
1203 1089 1223 1113 a
1250 1076 1334 1114 viro
1362 1074 1528 1115 duxerit.

131 1159 140 1170 .
200 1133 378 1172 Ceterum
411 1142 568 1186 praeter
592 1146 640 1172 ex
673 1147 806 1172 caussa
833 1133 1011 1172 adulterii
1039 1147 1110 1172 nec
1144 1132 1528 1184 creator,disiungit,

199 1190 299 1242 quod
326 1192 407 1242 ipse
435 1192 586 1230 scilicet
618 1192 833 1238 coniunxit,
876 1191 1013 1230 eodem
1045 1191 1145 1229 alibi'
1170 1191 1308 1243 Moyse
1326 1191 1529 1229 -constitu-

198 1255 306 1295 ente,
334 1261 437 1295 eum,
471 1250 533 1300 qui
559 1262 608 1287 ex
635 1250 920 1302 compressione
948 1248 1227 1286 matrimonium
1254 1249 1529 1295 fecerat‚,non

198 1318 310 1357 posse
348 1305 539 1345 dimittere
578 1320 735 1345 uxorem
776 1308 811 1344 in
852 1320 961 1345 omne
1004 1314 1163 1358 tempus.
1183 1306 1221 1353 3)
1298 1304 1441 1354 Quodsi
1478 1318 1529 1345 ex

198 1363 381 1401 violentia
420 1371 594 1402 coactum
634 1365 913 1405 matrimonium
953 1365 1092 1411 stabit,
1138 1364 1440 1416 quanto.magis
1478 1376 1528 1406 ex

201 1421 468 1458 convenientia
493 1422 772 1459 voluntarium?
819 1423 919 1459 sicut
950 1429 989 1458 et
1015 1422 1243 1473 prophetiae
1271 1422 1526 1463 auctoritatez

200 1489 358 1514 uxorem
385 1478 588 1515 iuventutis
614 1485 701 1516 tuae
728 1482 802 1515 'non
829 1477 1055 1528 dimittes.4)
1107 1478 1234 1516 Habes
1259 1480 1387 1530 itaque
1414 1478 1528 1519 Chri-

200 1540 295 1571 stum
322 1534 422 1572 ultro
447 1535 611 1585 vestigia
642 1535 780 1586 ubique
814 1534 1004 1574 creatoris
1036 1536 1229 1585 ineuntem
1262 1543 1336 1574 tam
1367 1537 1406 1574 in
1437 1543 1528 1589 per-

199 1590 384 1629 mittendo
424 1591 591 1642 repudio·
623 1602 732 1643 quam
770 1593 807 1630 in
845 1591 1108 1644 prohibendo,
1148 1592 1266 1630 habes
1305 1594 1419 1632 etiam
1458 1607 1527 1633 nu-

199 1649 374 1698 ptiarum,
403 1661 553 1700 quoquo
579 1650 674 1688 velis
702 1650 837 1696 latere,
865 1657 1171 1701 prospectorem,
1198 1663 1290 1702 quas
1316 1662 1388 1689 nec
1414 1663 1526 1703 sepa-

197 1706 275 1743 rari
311 1706 391 1744 vult
426 1706 666 1757 prohibendo
703 1706 927 1759 repudium,
973 1721 1045 1757 nec
1070 1719 1166 1746 ‘cum
1205 1708 1356 1746 macula
1390 1707 1527 1748 haberi

195 1769 284 1800 tune
324 1763 580 1818 permittendo
620 1761 838 1803 divortium.
886 1765 1118 1812 Erubesce,
1159 1778 1234 1803 non
1273 1767 1525 1818 coniungens,

196 1832 291 1870 quos
327 1827 412 1858 tuus
450 1834 599 1873 quoque
632 1822 813 1877 ¹Christus
853 1824 1064 1861 coniunxit.
1095 1839 1098 1843 ¹
1132 1822 1357 1870 Erubesce,
1391 1824 1525 1863 -etinm

196 1876 440 1928 disiungens,
479 1880 561 1917 sine
601 1892 648 1917 eo
687 1881 849 1926 merito,
889 1884 962 1932 'quo
1003 1879 1170 1931 disiungi
1207 1881 1330 1920 veluit
1367 1888 1407 1920 et
1439 1888 1524 1920 tuus

196 1932 380 1973 Christus.
442 1935 575 1974 Debeo
603 1935 700 1976 nunc
728 1945 768 1976 et
799 1937 891 1976 illud
919 1937 1146 1985 ostendere,
1184 1937 1285 1978 unde
1309 1939 1410 1978 hane
1435 1951 1516 1979 sen-

196 1992 351 2029 tentiam
379 1990 582 2037 deduxerit
607 1993 793 2041 deminus,
822 2009 943 2047 quove
970 1996 1170 2046 direxerit.
1226 1996 1291 2036 Ita
1309 1997 1416 2046 ,enirn
1440 1996 1524 2049 ple-

195 2049 289 2099 nius·
305 2049 508 2096 constabit,
535 2064 620 2089 eum
648 2065 721 2090 non
748 2052 795 2090 ad
821 2053 983 2105 Moysen
1011 2053 1284 2094 destruendum
1301 2061 1522 2107 spectasse,

194 2118 266 2156 per
295 2105 446 2158 repudii
483 2110 786 2159 propositionem
825 2111 949 2149 subito
989 2113 1282 2164 interpositam,
1305 2113 1417 2165 ’quia
1449 2117 1521 2151 n‘ec

194 2163 320 2201 sub'ito
352 2165 580 2260 interposita
611 2174 694 2213 est,
733 2168 889 2207 habens*
909 2169 1079 2209 radicem
1101 2183 1169 2208 -ex
1198 2169 1333 2209 eadem
1367 2170 1522 2213 loannis

193 2222 398 2259 mentione.
481 2236 624 2262 oannes
650 2226 748 2263 enim
777 2226 983 2265 retundens
1010 2227 1234 2275 Herodem,
1257 2227 1358 2280 quod
1377 2226 1522 2273 ,adver-

191 2291 253 2316 sus
291 2279 414 2330 legem
447 2293 606 2319 uxorem
639 2283 768 2329 fratris
805 2285 862 2322 sui
894 2284 1077 2324 defuncti·
1104 2284 1304 2335 duxisset,
1343 2285 1522 2329 habentis

193 2335 304 2374 filiam
333 2350 382 2374 ex
408 2337 500 2385 illa,
541 2341 633 2388 (non
666 2341 760 2378 alias
788 2341 860 2380 hoc
888 2344 1161 2393 permittente,
1196 2343 1276 2385 ,imo
1304 2350 1344 2382 et
1367 2343 1521 2395 praeci-

190 2394 318 2453 piente
345 2395 445 2446 lege,
474 2409 583 2448 quam
609 2398 640 2435 si
667 2398 788 2437 frater
814 2400 1018 2451 illiberis5)
1047 2400 1275 2454 decesserit,
1301 2403 1342 2438 ut
1362 2396 1519 2438 afratre

439 2470 456 2478 κ

251 2570 254 2573 ,
281 2541 316 2585 1)
344 2546 362 2574 1
379 2547 455 2578 cor.
481 2549 512 2587 6,
539 2549 581 2579 15
597 2558 646 2587 sq.
741 2551 772 2584 2)
799 2551 922 2582 Mam..
950 2553 980 2590 5,
1011 2552 1064 2582 32.
1100 2582 1106 2585 ,
1160 2550 1197 2588 3)
1223 2527 1325 2581 uelit.
1342 2550 1395 2590 23,
1412 2549 1516 2587 28sq-
1534 2541 1543 2591 ss

189 2585 227 2628 4)
253 2589 401 2624 Malach.
418 2593 448 2630 2,
467 2595 518 2623 15.
613 2595 649 2632 5)
675 2595 780 2626 Rhen.
806 2597 840 2627 in
856 2598 907 2628 ed.
934 2597 956 2628 l.
985 2596 1234 2636 illecebris,
1270 2604 1315 2627 ex
1342 2605 1408 2634 quo
1436 2596 1519 2627 fecit

190 2632 396 2677 illiberis,
426 2637 447 2668 i.
463 2635 624 2676 (κᾶπαις.
812 2653 817 2659 ·
959 2656 973 2674 x
1087 2653 1090 2655 ·
