1598 2794
165 168 236 203 1-1
315 168 390 200 DE
426 168 1059 200 PRAESCRIPTIONIBUS
1096 166 1351 201 HAERET.

166 274 252 300 esse
279 258 526 313 recipiendos
551 259 856 312 praedicatores,
885 274 994 313 quam
1018 273 1112 312 quos
1128 259 1302 298 Christus
1318 259 1495 308 instituit,

168 320 257 371 quia
282 331 355 357 nec
381 318 478 356 alius
504 325 652 369 patrem
678 318 802 364 novit,
841 319 914 356 nisi
941 318 1039 356 filius
1065 324 1106 356 et
1132 318 1194 356 cui
1220 318 1318 356 filius
1343 317 1497 356 revela-

165 378 239 423 vit3
268 389 340 414 nec
366 376 452 413 aliis
476 374 631 413 videtur
655 375 850 414 revelasse
878 376 995 422 filius,
1029 387 1140 427 quam
1166 375 1373 427 apostolis,
1401 387 1497 427 quos

166 435 268 472 misit
298 431 347 471 ad
377 431 698 484 praedicandum,
736 434 866 484 utique
906 432 1007 484 quod
1039 433 1114 471 illis
1145 433 1345 472 revelavit.
1397 430 1497 480 Quid

166 498 292 529 autem
318 489 642 542 praedicaverint,
670 488 708 527 id
735 497 806 537 est,
834 490 923 541 quid
949 491 1024 528 illis
1051 490 1224 528 Christus
1249 489 1496 537 revelaverit,

167 555 207 587 et
232 548 294 586 hic
320 547 582 601 praescribam
609 561 684 584 non
710 548 824 585 aliter
849 548 1007 599 probari
1033 546 1192 594 dehere,
1218 548 1291 585 nisi
1316 559 1388 599 per
1409 560 1495 586 eas-

168 605 253 644 dem
280 605 481 651 ecclesias,
510 617 601 656 quas
627 605 699 656 ipsi
724 605 889 656 apostoli
918 603 1187 655 condiderunt,
1214 604 1287 656 ipsi
1307 605 1364 643 eis
1383 617 1498 656 prae-

168 661 335 701 dicando
372 669 448 701 tam
483 663 588 708 viva,
638 661 739 713 quod
771 663 896 709 aiunt,
928 675 1025 701 voce
1060 675 1170 713 quam
1206 675 1278 714 per
1315 661 1499 713 epistolas

167 727 316 773 postea.
380 718 421 758 Si
436 720 533 758 haec
548 720 601 757 ita
627 726 726 766 sunt,
755 726 907 758 constat
926 718 1088 771 proinde
1105 732 1254 758 omnem
1269 718 1498 766 doctrinam,

169 791 266 829 quae
294 791 378 816 cum
405 778 479 816 illis
506 777 684 816 ecclesiis
717 777 960 828 apostolicis,
1000 775 1223 815 matricibus
1255 783 1296 815 et
1327 777 1500 828 origina-

168 836 266 874 libus
299 834 409 882 fidei,
444 835 660 886 conspiret,
692 835 847 873 veritati
881 833 1155 886 deputandam,
1195 833 1234 872 id
1266 835 1348 873 sine
1381 833 1499 872 dubio

169 899 384 940 tenentem,
419 891 518 944 quod
546 892 738 930 ecclesiae
771 893 817 930 ab
845 892 1050 943 apostoliS,
1083 892 1249 943 apostoli
1280 905 1304 930 a
1329 891 1498 939 Christo,

170 950 342 989 Christus
374 964 397 988 a
428 949 501 988 deo
541 950 712 1001 accepit3
747 950 931 1002 reliquam
969 962 1062 988 vero
1102 962 1251 987 omnem
1283 947 1500 988 doctrinam

169 1007 216 1047 de
243 1007 445 1047 mendacio
471 1006 829 1059 praeiudicandam,
863 1020 959 1059 quae
986 1007 1110 1058 sapiat
1136 1013 1272 1045 contra
1295 1007 1500 1046 veritatem

169 1066 422 1104 ecclesiarum
461 1072 501 1104 et
536 1065 800 1116 apostolorum
839 1072 879 1103 et
915 1064 1058 1103 Christi
1097 1071 1137 1102 et
1174 1063 1249 1103 dei.
1313 1063 1502 1116 Superest

168 1136 285 1173 ergo,
314 1130 352 1161 ut
378 1121 701 1168 demonstremus,
736 1136 784 1160 an
811 1129 941 1160 nostra
968 1121 1164 1168 doctrina,
1193 1123 1300 1160 cuius
1325 1121 1500 1173 regulam

168 1192 284 1230 supra
309 1178 509 1225 edidimus,
537 1178 584 1216 de
611 1179 873 1230 apostolorum
900 1177 1108 1217 traditione
1136 1185 1360 1226 censeatur,
1387 1186 1428 1218 et
1452 1191 1502 1217 ex

168 1237 243 1274 hoc
270 1237 366 1289 ipso,
394 1249 441 1274 an
469 1243 626 1274 ceterae
644 1235 691 1273 de
719 1235 922 1274 mendacio
947 1236 1116 1274 veniant.
1169 1235 1502 1275 Communicamus

170 1307 254 1332 cum
292 1293 473 1333 ecclesiis
498 1293 742 1345 apostolicis,
783 1292 885 1346 quod
917 1293 1070 1343 nulla1)
1111 1292 1291 1332 doctrina
1327 1292 1500 1332 diversa:

168 1351 243 1389 hoc
271 1357 330 1390 est
354 1351 613 1389 testimonium
637 1352 826 1390 veritatis.

285 1412 353 1450 22.
406 1407 484 1447 Sed
511 1409 688 1460 qnoniam
727 1408 1023 1461 tam-expedita
1048 1409 1228 1460 probatio
1255 1415 1333 1456 est,
1371 1415 1431 1455 ut,
1469 1409 1502 1447 si

171 1466 297 1504 statim
324 1466 565 1518 proferatur,
592 1466 686 1504 nihil
712 1467 785 1505 iam
811 1462 861 1505 sit
886 1465 1192 1513 retractandum,
1219 1479 1266 1504 ac
1292 1467 1323 1504 si
1349 1466 1503 1518 prolata

170 1537 245 1561 non
272 1525 321 1562 sit
355 1537 384 1562 a
417 1524 545 1570 nobis,
586 1525 710 1562 locum
748 1525 900 1563 interim
940 1524 1071 1563 demus
1109 1523 1284 1563 diversae
1310 1524 1431 1576 parti,
1469 1524 1502 1563 si

170 1580 260 1633 quid
291 1588 426 1633 putant
456 1581 502 1620 ad
536 1581 800 1621 infirmandam
832 1583 950 1621 hanc·v
964 1583 1311 1634 praescriptionem
1343 1587 1501 1621 movere

169 1651 211 1679 se
237 1652 370 1690 posse:
409 1639 536 1678 solent
561 1639 693 1678 dicere
721 1654 796 1678 non
823 1641 949 1678 onmia
975 1640 1172 1692 apostolos
1198 1640 1337 1687 scisse,
1365 1637 1502 1678 eadem

170 1697 304 1748 agitati
320 1696 524 1744 dementia,
542 1711 613 1749 qua
628 1711 758 1737 rursus
775 1705 1028 1750 convertunt,
1040 1698 1165 1735 omnia
1180 1696 1332 1749 quidem
1347 1702 1503 1748 aposto-

170 1754 228 1792 los
254 1755 392 1802 scisse,
431 1754 500 1793 sed
539 1769 615 1793 non
654 1757 779 1794 omnia
813 1756 986 1794 omnibus
1012 1755 1239 1802 tradidisse,
1274 1755 1314 1794 in
1338 1760 1502 1806 utroque

171 1875 237 1906 aut
261 1882 393 1920 parum
419 1871 613 1921 simplices
639 1872 837 1924 apostolos
863 1872 1023 1922 miserit.
1087 1871 1178 1919 Quis
1192 1870 1299 1909 ‘enim
1324 1870 1501 1920 integrae

171 1927 308 1964 mentis
336 1925 499 1965 credere
526 1934 656 1978 potest
681 1928 822 1979 aliquid
850 1942 918 1967 eos
945 1930 1160 1980 ignorasse,
1188 1940 1283 1979 quos
1297 1927 1502 1982 magistros

172 1982 346 2022 dominus
361 1983 479 2031 dedit,
507 1983 723 2023 individuos
748 1986 900 2024 habitos
927 1988 964 2024 in
981 1987 1176 2032 comitatu,
1204 1986 1242 2030 in
1257 1983 1501 2037 discipulatu,

171 2042 209 2079 in
237 2042 434 2088 convictu,
474 2042 608 2093 quibus
647 2042 812 2081 obscura
850 2057 1023 2096 quaeque
1061 2056 1232 2082 seorsum
1271 2041 1501 2089 disserebat,

171 2099 246 2141 illis
272 2098 412 2138 dicensv
431 2098 557 2139 datum
575 2112 669 2138 >esse
697 2100 938 2151 cognoscere
965 2114 1123 2148 arcana,
1154 2113 1250 2152 quae
1277 2100 1418 2152 populo
1444 2100 1503 2138 in-

170 2157 350 2208 telligere
388 2170 464 2195 non
503 2157 666 2196 liceret?
707 2157 841 2198 Latuit
878 2158 1021 2210 aliquid
1053 2158 1208 2198 Petrum
1234 2156 1501 2199 aedificandae

172 2215 366 2254 ecclesiae
392 2222 541 2266 petram
580 2214 744 2263 dictum,
784 2217 912 2255 claves
944 2217 1054 2268 regni
1082 2216 1280 2255 coelorum
1314 2228 1504 2254 consecu-

172 2280 248 2311 tum
276 2279 316 2311 et
341 2272 515 2312 solvendi
543 2280 582 2311 et
607 2273 791 2325 alligandi
823 2276 861 2312 in
890 2275 1010 2313 coelis
1049 2281 1089 2312 et
1113 2275 1152 2312 in
1179 2274 1293 2312 terris
1329 2279 1504 2326 potesta-,-

172 2338 248 2369 tem
261 2330 326 2381 2)?
362 2330 494 2378 Latuit
525 2338 564 2369 et
595 2331 779 2370 Ioannem
811 2331 972 2384 aliquid,
1012 2331 1300 2370 dilectissimum
1332 2330 1499 2376 domino,

172 2390 324 2440 pectori
349 2389 430 2427 eius
456 2389 712 2436 incubantem,
741 2390 801 2428 cui
828 2391 900 2428 soli
928 2389 1101 2428 dominus
1122 2388 1253 2431 Iudam
1273 2386 1501 2427 traditorem

173 2447 511 2497 praemonstravit,
551 2459 661 2499 quem
699 2447 787 2486 loco
814 2461 882 2486 suo
910 2448 1027 2487 filium
1051 2447 1200 2487 Mariae
1233 2443 1503 2485 demandavit?

268 2572 305 2616 1)
333 2573 405 2616 mg.
432 2577 466 2606 et
492 2576 629 2608 VVouw.
656 2575 781 2608 nulli.
878 2574 911 2615 2)
935 2572 1058 2608 Matt'h.
1074 2577 1127 2617 16,
1143 2575 1185 2604 18
1201 2582 1250 2612 sq·
