1604 2800
307 215 380 246 DE
418 214 930 246 RESURRECTIONE
965 215 1195 248 cAnNts.
1316 216 1416 253 121.

85 306 338 354 conditionis,
376 306 416 346 id
453 315 513 346 est
547 308 750 360 spiritalis,
790 322 872 347 cum
911 315 976 347 aut
1006 322 1106 348 nunc
1137 322 1223 348 eam
1253 308 1418 349 deceret

83 366 255 418 expungi
279 366 362 404 sine
386 365 464 404 ulla
489 364 708 404 differentia
734 372 967 418 temporum,
1005 373 1072 404 aut
1100 373 1191 405 tunc
1217 366 1286 405 sub
1312 368 1416 406 omni

86 423 258 463 clausula
282 425 522 474 temporum?
579 422 638 461 lta
662 423 773 462 nobis
799 425 920 475 magis
946 424 1131 476 competit
1156 425 1271 463 etiam
1303 425 1416 476 spiri-

84 481 201 520 talem
225 479 439 519 defendere
464 481 788 519 resurrectionem
816 482 863 520 ab
889 483 1066 533 ingressu
1090 480 1200 529 fidei,
1239 482 1302 534 qui
1334 482 1416 534 ple-

86 537 297 577 nitudinem
322 539 405 576 eius
430 539 675 589 agnoscimus
700 540 843 577 exitum
869 539 1003 578 seculi.

199 598 271 637 26.
312 594 436 634 Unum
461 595 586 634 adhuc
617 595 862 647 respondebo
894 595 941 634 ad
975 597 1279 648 propositionem
1310 597 1417 649 prio-

86 665 168 692 rem
192 653 491 703 allegoricarum
516 654 803 704 scripturarum,
830 654 951 693 licere
977 661 1017 692 et
1041 654 1152 692 nobis
1172 654 1418 705 corporalem

86 711 413 750 resurrectionem
445 709 495 748 de
525 711 744 761 patrocinio
771 711 925 762 figurati
957 710 1120 762 proinde
1151 711 1296 762 eloquii
1327 724 1419 762 pro-

85 767 233 820 phetici
255 766 470 806 vindicare.
534 767 640 806 Ecce
667 769 780 814 enim,
807 768 935 806 divina
961 768 998 805 in
1023 766 1236 819 primordio
1262 775 1419 806 senten-

87 825 144 863 tia
178 831 323 864 terram
359 824 550 861 bominem
587 824 890 875 pronuntiando:
930 823 1035 862 terra
1067 837 1109 863 es
1140 831 1180 862 et
1211 824 1249 862 iu
1275 831 1418 863 terram

86 879 232 932 ibis.1)
254 879 463 920 secundum
487 880 739 919 substantiam
765 882 916 920 scilicet
942 882 1089 928 carnis,
1116 894 1213 933 quae
1239 880 1288 919 de
1314 888 1421 920 terra

88 945 176 978 erat
209 945 375 990 sumpta,
414 945 455 976 et
491 951 588 990 quae
619 939 728 990 prior
758 938 872 977 homo
904 939 1031 978 fuerat
1068 939 1281 990 appellata,
1320 941 1422 978 sicut

89 995 345 1043 ostendimus,
383 994 450 1034 dat
480 995 572 1034 mihi
603 995 842 1047 disciplinam
874 997 912 1034 in
939 1008 1094 1034 carnem
1121 1008 1272 1047 quoque
1299 996 1420 1035 inter-

87 1052 285 1106 pretandi,
323 1054 356 1092 si
393 1052 483 1105 quid
521 1054 603 1091 irae
634 1053 696 1091 vel
728 1054 879 1103 gratiae
911 1053 950 1090 in
982 1059 1125 1094 terram
1151 1052 1247 1091 deus
1272 1055 1419 1099 statuit,

89 1112 178 1163 qnia
197 1124 276 1150 -nec
300 1112 458 1162 proprie
485 1117 590 1147 terra
615 1109 761 1148 iudicio
786 1111 868 1148 eius
894 1109 1062 1147 obnoxia
1087 1116 1167 1155 est,
1202 1122 1300 1161 quae
1325 1110 1422 1148 nihil

88 1167 183 1206 boni
212 1180 282 1206 seu
311 1167 402 1206 mali
431 1166 597 1204 admisit.
656 1165 867 1205 Maledicta
905 1165 1075 1217 quidem,
1116 1179 1212 1218 quae
1250 1165 1423 1205 hauserit

92 1224 389 1276 sanguinem32)
422 1221 488 1261 sed
522 1229 562 1261 et
591 1223 666 1261 hoc
698 1224 818 1274 ipsum
850 1225 889 1262 in
921 1223 1079 1274 liguram
1106 1224 1234 1262 carnis
1258 1222 1422 1262 homici-

93 1281 181 1321 dae.
253 1280 352 1319 Nam
390 1281 462 1319 etsi
500 1281 621 1318 iuvari
658 1293 725 1318 seu
769 1280 871 1319 laedi
912 1281 1031 1319 habet
1066 1287 1172 1319 terra
1190 1281 1228 1329 ³)
1270 1293 1421 1332 quoque

91 1346 254 1392 propter
284 1338 495 1384 hominem,
532 1338 587 1375 uti
617 1337 683 1376 illc
714 1339 865 1376 iuvetur
889 1339 968 1376 sive
995 1336 1173 1377 laedatur
1196 1351 1268 1389 per
1294 1339 1424 1376 consi-

93 1397 256 1445 storii⁴)
283 1396 340 1434 sui
366 1396 510 1442 exitus,
530 1420 533 1421 ν
550 1408 623 1446 quo
649 1396 770 1446 magis
795 1396 877 1447 ipse
901 1394 1098 1447 pensabit,
1138 1407 1235 1446 quae
1262 1402 1425 1447 propter

93 1454 197 1494 illum
233 1454 350 1492 etiam
387 1460 493 1491 terra
529 1453 721 1503 patietur?
793 1451 926 1504 Itaque
970 1459 1011 1491 et
1047 1465 1131 1490 cum
1170 1453 1425 1490 comminatur

93 1518 223 1550 terrae
260 1509 374 1557 deuS,
414 1510 521 1548 carni
552 1510 679 1561 potius
710 1510 935 1548 comminari
967 1522 1053 1548 eum
1079 1508 1222 1556 dicam,
1261 1516 1302 1547 et
1338 1523 1424 1548 cum

94 1567 185 1621 quid
215 1575 346 1607 terrae
377 1567 602 1619 pollicetur,
641 1568 749 1605 carni
785 1568 912 1619 potius
948 1567 1127 1619 polliceri
1158 1580 1243 1605 eum
1280 1567 1425 1605 intelli-

94 1639 201 1678 gam,
231 1631 275 1664 ut
297 1624 398 1676 apud
423 1622 565 1663 David:
605 1623 780 1665 dominus
804 1625 993 1675 regnavit,
1020 1623 1225 1662 exsultavit
1238 1625 1276 1671 ⁵)
1303 1630 1422 1669 terra,

94 1682 136 1722 id
159 1690 220 1722 est
245 1695 338 1721 caro
364 1688 603 1727 sanctorum,
641 1680 690 1718 ad
722 1694 833 1732 quam
863 1681 1041 1732 pertinet.
1063 1681 1175 1730 regni
1200 1679 1319 1718 divini
1343 1681 1424 1718 fru-

97 1747 193 1779 ctus.
253 1738 404 1777 Dehinc
429 1737 642 1788 subiungit:
668 1736 775 1783 vidit,
802 1744 841 1775 et
867 1749 1055 1775 concussa
1080 1743 1140 1774 est
1165 1743 1291 1783 terra;
1316 1750 1425 1774 mon-

96 1805 157 1836 tes
171 1796 282 1833 'sieut
306 1807 398 1832 cera
423 1794 620 1845 liquefacti
646 1801 732 1831 sunt
755 1806 778 1830 a
802 1794 903 1831 facie
930 1791 1135 1845 domium)
1155 1806 1248 1831 earo
1273 1793 1427 1831 scilicet

97 1852 359 1906 profanorum.
398 1850 449 1888 Et
467 1849 650 1888 videbunt
669 1851 770 1888 enim
794 1862 893 1896 eum,
919 1851 958 1888 in
984 1863 1094 1902 quem
1120 1850 1423 1898 confixerunt.²)

98 1912 228 1962 Atque
254 1908 353 1948 adeo
378 1909 411 1946 si
436 1907 660 1959 simpliciter
685 1906 733 1945 de
760 1914 888 1946 terrae
910 1907 1101 1946 elemento
1121 1914 1322 1959 utrumque
1342 1908 1426 1946 exi-

99 1966 317 2007 stimabitur
341 1966 644 2017 pronuntiatum,
683 1963 873 2016 quomodo
900 1971 1108 2016 congruet,
1140 1971 1180 2003 et
1206 1965 1361 2003 concuti
1387 1971 1428 2003 et

100 2024 292 2077 liquefieri
316 2036 401 2062 eam
425 2035 448 2061 a
472 2022 573 2060 facie
599 2020 761 2073 domini,
799 2035 873 2074 quo
904 2034 1020 2073 supra
1042 2028 1231 2073 regnante
1257 2022 1427 2060 exsulta-

99 2083 180 2120 vit?
238 2080 306 2119 Sic
332 2086 373 2119 et
395 2078 495 2131 apud
521 2079 693 2117 Esaiam:
718 2078 820 2117 bona
845 2086 974 2118 terrae
1000 2077 1184 2126 edetis‚⁸)
1210 2079 1313 2118 bona
1339 2092 1427 2118 car-

102 2139 162 2177 nis
185 2138 467 2188 intelligentur,
502 2148 597 2188 quae
627 2136 731 2178 illam
760 2143 916 2175 manent
938 2138 977 2175 in
1001 2149 1125 2188 regno
1150 2135 1214 2175 dei
1238 2137 1427 2174 reforma-

103 2203 180 2234 tam
205 2201 247 2234 et
269 2194 552 2246 angelificatam
578 2199 619 2231 et
644 2200 957 2241 consecuturam,
990 2207 1088 2246 quae
1113 2206 1186 2232 nec
1212 2193 1346 2231 oculus
1370 2194 1427 2230 vi-

106 2251 165 2292 dit
198 2264 275 2294 nee,
307 2251 411 2289 auris
448 2250 592 2289 audivit
628 2262 700 2289 nec
738 2252 776 2288 in
814 2248 884 2290 cor
912 2246 1077 2290 hominis
1107 2248 1425 2297 ascenderunt.⁹)

103 2309 287 2361 Alioquin
311 2308 405 2347 satis
427 2321 583 2354 vanum,
619 2314 662 2345 ut
691 2306 741 2346 ad
766 2308 987 2361 obsequium
1012 2308 1106 2348 deus
1130 2306 1317 2346 fructibus
1341 2306 1428 2358 agri

200 2471 238 2510 1)
262 2471 346 2501 Gen.
362 2471 393 2510 3,
414 2471 467 2500 19.
562 2466 601 2512 2)
626 2469 709 2500 Gen.
723 2471 755 2508 4,
778 2470 831 2499 11.
926 2467 964 2512 3)
990 2470 1076 2508 (ἴθι,
1104 2469 1156 2501 ed.
1176 2468 1279 2498 Fran.
1297 2469 1332 2498 et
1352 2467 1427 2507 mg.

108 2520 244 2557 terra,
267 2517 308 2547 id
332 2524 501 2555 quoque
524 2533 570 2539 —
595 2516 800 2555 patietur.
893 2515 930 2554 4)
955 2516 1063 2546 Rben.
1084 2515 1136 2546 ed.
1154 2516 1182 2546 1.
1207 2513 1427 2545 con-isto-

108 2563 181 2598 rio.
276 2563 313 2596 5)
340 2562 431 2601 cel„
456 2562 508 2593 ed.
527 2562 629 2593 Fran.
649 2563 684 2592 et
701 2561 775 2602 mg.
796 2561 1002 2592 exsultet.
1097 2561 1135 2601 6)
1158 2560 1216 2592 Ps.
1230 2561 1285 2600 97,
1299 2562 1426 2598 1.4=q.

109 2609 149 2647 1)
170 2606 275 2641 Zach-
288 2609 344 2649 12,
360 2610 414 2640 10.
450 2610 497 2639 10.
512 2609 567 2650 19,
582 2609 635 2639 37.
730 2606 769 2650 8)
793 2607 856 2638 len.
870 2608 902 2647 1,
918 2607 972 2637 19.
1066 2606 1104 2648 9)
1130 2607 1149 2637 1
1163 2607 1241 2637 Cor.
1254 2607 1288 2649 2,
1304 2607 1336 2638 9.
