1604 2800
164 179 236 216 50
492 173 617 205 ADV.
657 173 1169 204 VALENT1N1ANOS.

164 285 233 310 nos
261 268 449 308 commisit
477 279 559 304 cum
588 265 833 316 Hermogene
861 266 1093 316 ceterisque,
1122 265 1184 315 qui
1211 263 1323 302 deum
1349 277 1399 303 ex
1418 277 1490 302 ma·

165 330 276 374 teria,
305 339 381 364 non
407 338 457 363 ex
483 324 614 370 nihile,
643 330 843 376 operatum
869 330 1010 362 cuncta
1036 329 1295 374 praesumunt.

283 387 348 426 17.
400 382 551 422 Abhinc
590 381 827 427 Achamoth,
878 379 1062 433 expedita
1108 378 1259 418 tandem
1303 377 1351 418 de
1390 379 1499 418 malis

165 442 357 487 omnibus,
397 452 491 479 ecce
525 441 597 478 iam
631 439 785 491 proficit
816 445 856 477 et
887 440 924 476 iu
957 451 1077 490 opera
1109 438 1254 476 maiora
1294 437 1496 488 frugescit.

165 502 262 540 Prae
296 497 436 550 gaudio
469 499 569 536 enim
604 498 698 535 tanti
730 509 780 535 ex
811 497 1039 535 infelicitate
1079 508 1281 534 successus
1319 494 1501 533 concale-

165 560 269 597 facta
308 557 492 608 simulque
533 555 858 606 contemplatione
891 555 973 606 ipsa
1005 553 1270 604 angelicorum
1308 553 1500 597 luminum,

166 623 207 654 ut
232 616 285 654 ita
313 613 494 660 dixerim,
522 613 842 658 subfermentata,
870 611 1023 664 (pudet,
1051 610 1119 649 sed
1145 611 1260 650 aliter
1284 611 1502 662 exprimere

167 686 242 711 non
269 677 368 719 est,)
406 670 685 722 quodammodo
712 670 862 709 subavit
882 669 923 720 ¹)
946 671 1046 708 intra
1073 676 1112 707 et
1137 670 1221 720 ipsa
1246 669 1284 707 in
1316 668 1425 714 illos,
1465 673 1503 705 et

168 736 360 780 conceptu
387 730 512 767 statim
541 729 716 766 intumuit
741 727 904 779 spiritali
930 726 978 765 ad
1005 728 1209 777 imaginem
1231 727 1365 778 ipsam,
1392 738 1503 777 quam

167 790 224 825 vis
264 787 443 824 laetantis
476 793 516 823 et
549 786 695 823 laetitia
728 785 935 835 prurientis
968 785 1192 822 intentionis
1225 783 1431 822 imbiberat
1466 789 1506 821 et

168 844 241 883 sibi
267 844 474 881 intimarat.
537 842 695 894 Peperit
720 841 907 892 denique,
941 848 981 878 et
1007 841 1110 879 facta
1136 847 1196 879 est
1222 839 1361 880 exinde
1396 841 1505 878 trini-

170 911 227 940 tas
254 914 436 952 generum
465 913 513 938 ex
541 900 710 937 trinitate
739 911 978 944 caussarum,
1006 911 1116 936 unum
1144 898 1363 944 materiale,
1403 894 1505 949 quod

170 973 219 998 ex
251 959 448 1010 passione,
483 957 586 995 aliud
619 957 801 1002 animale,
836 955 935 1008 quod
963 968 1010 994 ex
1038 958 1313 1000 conversione,
1352 955 1504 993 tertium

170 1016 355 1067 spiritale,
385 1014 485 1068 quod
512 1028 561 1053 ex
586 1015 872 1065 imaginatione.

290 1077 354 1114 18.
406 1073 486 1111 Hac
520 1073 751 1110 auctoritate
788 1072 898 1109 trium
931 1070 1084 1108 scilicet
1111 1069 1320 1109 liberorum
1344 1068 1506 1121 agendis

172 1131 286 1170 rebus
320 1131 534 1168 exercitior
564 1130 686 1176 facta,
726 1129 894 1167 formare
933 1128 1084 1179 singula
1117 1140 1262 1179 genera
1295 1126 1503 1167 constituit.

173 1187 251 1226 sed
278 1188 449 1239 spiritale
485 1186 634 1238 quidem
669 1200 743 1224 non
778 1187 829 1224 ita
861 1186 986 1237 potuit
1017 1186 1231 1236 attingere,
1270 1192 1312 1224 ut
1348 1191 1388 1224 et
1425 1185 1507 1237 ipsa

172 1246 374 1298 spiritalis;
413 1246 496 1283 fere
531 1246 629 1282 enim
663 1245 771 1295 paria
804 1251 843 1281 et
875 1243 1190 1282 consubstantiva
1216 1244 1255 1281 in
1281 1243 1505 1282 alterutrum

172 1303 301 1342 valere
341 1304 508 1341 societas
546 1309 705 1340 naturae
745 1302 911 1352 negavit.
974 1300 1032 1339 Eo
1071 1301 1197 1339 animo
1235 1313 1278 1340 se
1315 1314 1427 1340 unum
1460 1298 1508 1339 ad

175 1361 337 1398 animale
366 1360 574 1406 convertit,
609 1359 769 1410 prolatis
796 1357 946 1396 Soteris
972 1357 1197 1410 disciplinis.
1260 1357 1311 1397 Et
1334 1359 1509 1410 primum,

178 1416 276 1468 quod
305 1430 388 1454 cum
416 1429 553 1466 magno
579 1416 743 1453 horrore
769 1415 1030 1466 blasphemiae
1057 1423 1098 1453 et
1124 1415 1445 1467 pronuntiandum
1471 1423 1510 1454 et

176 1472 381 1525 legendum
408 1480 466 1511 est
492 1480 532 1510 et
562 1471 810 1519 audiendum,
850 1471 962 1510 deum
994 1472 1105 1523 fingit
1135 1473 1235 1511 hunc
1269 1481 1439 1513 nostrum
1471 1481 1511 1512 et

178 1532 361 1577 omnium,
395 1537 552 1582 praeter
577 1530 881 1576 haereticorum,
920 1536 1067 1580 patrem
1101 1536 1140 1567 et
1166 1529 1296 1577 deum,
1334 1530 1510 1569 Demiur-

178 1602 284 1640 gum,
319 1600 451 1638 regem
478 1588 761 1634 universorum,
801 1583 896 1638 qua'e
924 1593 1011 1638 post
1036 1587 1152 1625 illum.
1214 1586 1275 1625 Ab
1302 1587 1368 1626 illo
1394 1589 1508 1633 enim,

178 1647 209 1684 si
240 1653 367 1683 tamen
394 1645 441 1683 ab
469 1645 555 1689 illo,
596 1652 635 1683 et
667 1658 742 1683 non
775 1645 821 1682 ab
850 1646 933 1695 ipsa
959 1645 1085 1695 potius
1110 1643 1348 1692 Achamoth,
1387 1658 1409 1683 a
1437 1658 1510 1697 qua

179 1703 353 1750 occulto,
393 1703 485 1740 nihil
518 1703 687 1741 sentiens
719 1703 820 1748 eius,
860 1708 900 1740 et
924 1702 1029 1740 velut
1054 1702 1242 1753 sigillario
1269 1703 1511 1753 extrinsecus

180 1759 295 1798 ductu
322 1761 359 1798 in
386 1773 533 1798 omnem
562 1761 827 1812 operationem
854 1759 1093 1798 movebatur.
1157 1758 1333 1812 Denique
1365 1773 1415 1800 ex
1440 1759 1511 1799 hac

180 1831 428 1869 personarum
468 1818 505 1855 in
545 1817 725 1869 operibus
757 1817 1007 1868 ambiguitate
1047 1830 1185 1856 nomen
1221 1817 1278 1856 illi
1314 1816 1512 1869 Metropa-

181 1876 275 1914 toris
308 1875 561 1921 miscuerunt,
601 1874 791 1913 distinctis
829 1874 1151 1926 appellationibus
1189 1875 1332 1918 ceteris
1374 1874 1512 1915 secun-

183 1931 268 1970 dum
296 1939 415 1970 status
441 1940 480 1970 et
506 1934 599 1971 situs
626 1945 802 1983 operum,
841 1939 883 1971 ut
914 1933 1132 1971 animalium
1159 1931 1310 1984 quidem
1337 1933 1512 1973 substan-

183 1991 337 2036 tiarum,
377 2003 467 2041 quas
500 1989 548 2028 ad
575 1989 748 2029 dextram
775 1989 1061 2037 commendant,
1099 1989 1252 2032 Patrem
1279 1997 1511 2042 nuncupent,

141 2090 145 2092 Ἴ
183 2047 426 2086 materiarum
445 2048 483 2095 2)
510 2060 623 2095 vero,
662 2060 754 2099 quas
780 2046 825 2086 ad
854 2048 1000 2086 laevam
1026 2047 1227 2099 delegant,
1266 2046 1512 2100 Demiurgum

184 2106 394 2150 nominent,
423 2104 566 2155 Regem
593 2112 720 2143 autem
747 2107 1000 2144 communiter
1024 2107 1063 2144 in
1094 2105 1396 2144 universitatem.

303 2165 368 2204 19.
409 2160 487 2200 Sed
515 2175 585 2201 nec
612 2163 803 2201 nominum
830 2164 1048 2215 proprietas
1075 2163 1260 2215 competit
1285 2163 1512 2214 proprietati

186 2232 362 2271 operum,
402 2218 449 2258 de
483 2219 617 2272 quibus
655 2221 806 2258 nomina
839 2221 982 2268 omnia,
1022 2234 1106 2260 cum
1138 2219 1301 2261 deberet
1325 2220 1391 2259 illa
1414 2220 1513 2259 baec

186 2277 314 2315 omnia
338 2278 521 2323 vocitari,
549 2290 571 2315 a
598 2291 670 2329 qua
694 2291 757 2316 res
783 2278 1015 2330 agebantur,
1043 2278 1115 2317 nisi
1141 2277 1243 2330 quod
1269 2278 1341 2316 iam
1368 2290 1440 2318 nec
1465 2277 1513 2316 ab
1556 2299 1562 2302 -

186 2334 264 2372 illa.
327 2334 420 2372 Cum
458 2335 558 2373 enim
602 2334 733 2374 dicant
773 2335 991 2375 Achamoth
1035 2336 1072 2375 in
1115 2335 1301 2375 honorem
1337 2334 1512 2381 Aeonum

281 2482 317 2524 1)
344 2485 449 2517 Codd.
465 2488 499 2515 et
513 2485 566 2517 ed.
582 2486 605 2516 1.
621 2488 855 2525 substruit3
882 2487 988 2518 Rhen.
1003 2486 1133 2517 emend.
1148 2485 1332 2518 subavit.
1406 2482 1442 2526 2)
1463 2485 1515 2514 lta

192 2528 279 2557 coni.
297 2529 350 2558 Fr.
371 2531 505 2568 lunius,
533 2532 575 2563 cf.
597 2540 624 2561 c.
639 2532 692 2563 20.
741 2533 848 2564 Rhen.
867 2535 1028 2563 matern
1038 2541 1112 2563 aru
1125 2542 1168 2564 m.
1216 2532 1328 2572 Rig.et
1346 2531 1397 2561 ed.
1411 2530 1514 2561 Fran.

190 2574 492 2607 materialium.
542 2578 629 2608 Iren.
645 2580 675 2617 1,
693 2579 764 2616 5,1.
778 2578 844 2609 τῶν
863 2576 996 2610 ὑλικῶν.
