1604 2800
172 187 279 227 240
693 187 767 219 DE
799 187 997 221 ΑΝιΜΑ.

172 281 350 337 quasdam
371 281 571 320 revocavit
595 281 634 319 in
659 292 827 332 corpora
853 279 915 320 dei
941 282 1074 328 virtus,
1101 281 1139 319 iu
1165 279 1396 323 documenta
1413 285 1507 324 iuris

170 342 240 388 sui,
267 353 343 378 non
370 338 518 379 idcirco
545 338 890 379 communicabitur
915 338 1005 378 fidei
1031 345 1072 378 et
1096 337 1283 379 audaciae
1308 352 1506 393 magos-um

169 406 210 438 et
233 398 413 437 fallaciae
451 398 683 437 somniorum
718 404 758 436 et
789 390 970 436 licentiae
1008 398 1222 449 poetarum.
1294 396 1439 451 Atquin
1467 400 1508 439 in

167 457 466 495 resurrectionis
493 454 698 508 exemplis,
737 468 822 494 cum
854 453 917 493 dei
946 456 1066 494 virtus
1095 455 1178 494 sive
1203 468 1275 508 per
1298 457 1509 510 prophetas

166 515 247 553 sive
286 527 357 566 per
393 513 586 553 Christum
622 514 703 552 sive
741 526 812 566 per
847 513 1045 566 apostolos
1081 514 1120 551 in
1160 526 1326 566 corpora
1363 515 1509 554 animas

166 579 448 624 repraesentat,
476 570 600 611 solida
626 579 667 610 et
693 571 963 611 contrectabili
985 579 1025 610 et
1045 571 1185 610 satiata
1202 572 1368 611 veritate
1393 585 1510 625 prae-

165 629 373 669 iudicatum
400 638 478 677 est,
512 630 610 668 banc
637 643 722 669 esse
750 630 909 668 formam
936 630 1128 677 veritatis,
1161 636 1205 668 ut
1229 642 1379 670 omnem
1405 643 1510 670 mor-

166 694 317 726 tuorum
343 689 619 727 exhibitionem
645 688 931 740 incorporalem
958 688 1188 740 praestigias
1213 686 1376 727 iudices.

283 748 353 786 58.
373 745 411 797 ¹)
478 745 618 785 Omnes
663 759 760 797 crgo
804 746 953 785 animae
994 758 1114 798 penes
1151 745 1324 784 inferos?
1369 747 1507 799 inquis.

165 800 275 840 Velis
312 816 358 841 ac
396 803 495 841 nolis
532 811 573 842 et
604 804 792 855 supplicia
829 805 902 842 iam
940 804 1020 842 illic
1053 811 1094 843 et
1123 804 1350 856 refrigeria,
1388 804 1510 844 babes

166 871 376 911 pauperem
398 867 437 898 et
457 859 625 899 divitem.
641 862 676 910 2)
715 860 765 898 Et
790 862 877 911 quia
904 860 1032 899 distuli
1058 863 1193 900 nescio
1220 860 1307 913 quid
1334 860 1383 900 ad
1409 861 1508 901 hanc

166 924 330 969 partem,
357 918 431 955 iam
457 924 673 969 opportune
700 918 737 955 in
763 917 971 956 clausulam
998 917 1171 956 reddam.
1212 919 1290 956 Cur
1309 920 1408 957 enim
1430 931 1508 957 non

165 981 278 1026 putes
309 975 471 1013 animam
498 982 538 1013 et
561 976 688 1027 puniri
715 982 754 1013 et
779 975 903 1014 foveri
930 975 967 1013 in
994 976 1129 1014 inferis
1161 976 1314 1014 interim
1345 976 1414 1015 sub
1441 989 1508 1015 cx-

166 1034 408 1083 spectatione
435 1033 631 1084 utriusque
658 1031 791 1070 iudicii
818 1034 855 1071 in
882 1031 1041 1083 quadam
1074 1034 1324 1084 usurpatione
1349 1040 1391 1071 et
1413 1043 1509 1072 cau-

167 1088 257 1127 dida
283 1091 391 1127 eius?
417 1091 506 1142 quia
532 1089 675 1128 salvum
703 1089 820 1128 debet
846 1102 945 1137 esse,
978 1090 1116 1142 inquis,
1143 1090 1181 1127 in
1205 1088 1352 1129 iudicio
1378 1089 1507 1130 divino

165 1148 363 1198 negotium
390 1160 496 1186 suum
523 1148 605 1186 sine
633 1147 710 1186 ulla
735 1147 1018 1200 praelibatione
1045 1148 1281 1196 sententiae3
1313 1154 1392 1187 tum
1419 1149 1507 1201 mnia

166 1211 206 1242 et
244 1205 371 1243 carnis
411 1204 625 1257 operienda
663 1211 724 1244 est
760 1206 962 1258 restitutio,
993 1212 1035 1243 ut
1072 1206 1264 1244 consortis
1302 1218 1506 1259 operarum

165 1269 280 1313 atque
307 1262 540 1302 mercedum.
604 1262 703 1311 Quid
730 1275 826 1314 ergo
854 1263 920 1302 liet
945 1264 982 1301 in
1009 1269 1185 1315 tempore
1211 1263 1313 1302 isto?
1337 1262 1506 1304 dormie-

163 1322 270 1372 mus?
329 1320 384 1358 At
415 1321 516 1359 enim
554 1322 704 1359 animae
738 1333 810 1360 nec
842 1322 881 1359 in
913 1321 1128 1360 viventibus
1165 1319 1376 1369 dormiunt3
1416 1334 1505 1361 cor-

163 1390 299 1427 porum
326 1379 426 1430 enjm
453 1385 512 1416 est
537 1391 710 1425 somnus,
745 1392 904 1430 quorum
931 1385 970 1417 et
995 1379 1078 1430 ipsa
1104 1391 1207 1417 mors
1233 1391 1317 1418 cum
1343 1380 1502 1432 speculo

165 1447 233 1471 suo
260 1448 406 1473 somno.
467 1433 547 1472 Aut
572 1436 664 1474 nihil
689 1437 746 1474 vis
773 1437 835 1486 agi
862 1436 955 1484 illic,
984 1449 1058 1488 quo
1084 1437 1263 1476 universa
1290 1436 1504 1477 humanitas

163 1490 346 1537 trahitur,
381 1504 455 1542 quo
487 1505 575 1542 spes
608 1493 730 1530 omnis
761 1496 1051 1543 sequestratur?
1110 1493 1284 1533 Delibari
1309 1501 1421 1547 putas
1446 1495 1504 1534 iu-

164 1545 318 1594 dicium,
346 1561 393 1585 an
419 1548 564 1599 incipi?
587 1550 851 1601 praecipitari,
879 1563 926 1587 au
947 1551 1279 1601 praeministrari?
1309 1552 1388 1591 lam
1407 1564 1502 1592 vero

164 1617 273 1655 quam
310 1605 584 1657 iniquissimum
627 1607 742 1645 etiam
781 1605 881 1658 apud
918 1607 1088 1653 inferos,
1128 1608 1159 1645 si
1198 1615 1238 1646 et
1274 1609 1503 1648 nocentibus

161 1660 286 1700 adhuc
308 1663 387 1701 illic
409 1662 509 1701 bene
537 1669 608 1711 est,
635 1671 675 1702 et
701 1663 972 1702 innocentibus
998 1662 1190 1703 nondum?
1227 1663 1339 1713 Quid,
1365 1666 1501 1719 ampli-

159 1719 327 1758 ationem
360 1721 417 1758 vis
449 1733 535 1760 esse
567 1728 656 1773 post
685 1728 867 1768 mortem,
908 1722 1068 1760 confusa
1099 1734 1166 1773 spe
1193 1727 1234 1760 et
1257 1722 1407 1762 incerta
1433 1736 1501 1762 ex-

158 1778 400 1828 spectatione
422 1777 630 1827 ludentem‚
657 1792 705 1817 an
724 1780 826 1818 vitae
848 1791 1050 1818 recensum
1072 1778 1146 1817 iam
1162 1785 1202 1818 et
1216 1777 1500 1820 ordinationem

156 1833 289 1873 iudicii
316 1835 606 1875 inhorrentem?
643 1835 806 1889 Semper
826 1843 952 1876 autem
973 1843 1176 1888 exspectat
1195 1837 1321 1876 anima
1343 1850 1497 1892 corpus,

156 1899 198 1930 ut
228 1891 358 1933 doleat
389 1900 454 1932 aut
485 1893 679 1945 gaudeat?
743 1893 882 1933 Nonne
916 1901 956 1933 et
987 1892 1035 1932 de
1068 1906 1137 1932 suo
1170 1893 1308 1934 sufficit
1344 1896 1417 1935 sibi
1448 1895 1497 1935 ad

154 1957 355 2003 utrumque
382 1951 530 1990 titulum
557 1953 773 2004 passionis?
811 1952 996 2000 Quotiens
1022 1951 1158 1991 illaeso
1181 1965 1348 2006 corpore
1369 1953 1495 1993 anima

155 2007 237 2045 sola
274 2015 477 2062 torquetur
510 2009 608 2057 bile,
647 2011 723 2057 ira,
762 2009 894 2049 taedio
931 2010 1153 2063 plerumque
1180 2022 1252 2049 nec
1278 2010 1350 2050 sibi
1375 2013 1496 2050 noto?

156 2063 341 2112 Quotiens
366 2068 456 2106 item
484 2081 649 2120 corpore
676 2067 818 2107 afflicto
851 2068 1030 2107 furtivum
1056 2068 1128 2107 sihi
1154 2068 1279 2107 anima
1311 2066 1491 2120 gaudium

154 2123 338 2174 exquirit,
377 2132 418 2163 et
448 2138 470 2163 a
502 2127 678 2178 corporis
715 2127 932 2178 importuna
965 2132 1053 2164 tunc
1091 2125 1280 2164 societate
1316 2122 1492 2165 secedit?

151 2177 339 2229 Mentior,
372 2183 404 2220 si
430 2195 506 2220 non
531 2181 579 2221 de
606 2184 698 2235 ipsis
731 2183 965 2222 cruciatibus
998 2183 1173 2236 corporis
1200 2189 1240 2221 et
1264 2182 1426 2235 gloriari
1450 2189 1491 2222 et

153 2236 322 2285 gaudere
355 2240 438 2277 sola
475 2241 687 2279 consucvit.
761 2240 926 2293 Respice
959 2238 1008 2279 ad
1037 2239 1149 2279 Mutii
1181 2240 1364 2287 animam,
1403 2253 1488 2279 cum

154 2292 352 2333 dexteram
372 2309 477 2334 suam
498 2297 650 2348 ignibus
669 2298 802 2346 solvit;
830 2299 981 2350 respice
1002 2296 1050 2336 ad
1069 2297 1251 2346 Zenonis,
1279 2311 1362 2336 cum
1383 2297 1486 2336 illam

153 2348 328 2402 Dionysii
355 2359 543 2393 tormenta
571 2362 834 2406 praetereunt.
883 2355 1037 2394 Morsus
1063 2355 1234 2394 ferarum
1259 2360 1485 2394 ornamenta

154 2414 237 2444 sunt
264 2409 486 2456 iuventutis,
520 2419 561 2449 ut
585 2413 624 2450 iu
650 2412 754 2463 Cyro
782 2413 860 2450 ursi
887 2413 1106 2451 cicatrices.
1171 2409 1286 2451 Adeo
1312 2412 1419 2452 novit
1442 2415 1484 2452 et

246 2543 282 2581 1)
301 2546 374 2576 Hoc
394 2535 468 2586 cap.
489 2548 525 2578 in
544 2547 619 2580 edd.
633 2547 738 2580 Rhen.
754 2551 788 2579 et
803 2549 876 2581 Gel.
892 2549 1108 2582 inscribitur:
1139 2550 1198 2580 An
1223 2547 1387 2587 aliquid
1409 2547 1480 2579 in-

151 2588 273 2619 terim
301 2592 524 2644 patiantur
549 2595 657 2632 apud
683 2594 846 2627 inferos
874 2595 1048 2626 animae.
1122 2593 1159 2636 2)
1179 2596 1262 2625 Luc.
1278 2595 1332 2633 16,
1349 2594 1392 2624 19
1406 2602 1478 2633 sqq.
