1604 2800
481 182 607 214 anv.
643 164 1081 214 HERMOGENEM.
1380 183 1447 221 12

117 276 232 315 etiam
258 275 443 314 materiae
474 276 672 326 negotium
705 288 843 314 curare
874 274 1038 327 proinde
1064 282 1104 314 et
1139 275 1278 315 malum
1316 278 1448 328 profe-

119 331 256 380 rendo,
283 333 387 372 solus
411 339 453 371 ut
467 340 774 384 cognosceretur
787 332 908 370 bonus
930 332 977 371 de
997 333 1113 380 hono,
1140 335 1302 373 materia
1321 341 1447 374 autem

118 403 167 430 ne
205 397 512 442 cognosceretur
550 391 648 429 mala
687 390 735 429 de
774 391 900 428 malo?
948 390 1036 429 Plus
1080 391 1217 430 bonum
1255 393 1450 432 floruisset

119 449 201 487 sine
233 449 322 487 mali
351 449 491 487 afflatu.
553 448 651 486 Nam
685 455 725 487 et
757 448 1022 499 Hermogenes
1054 456 1250 501 expugnat
1281 463 1449 501 quorun-

119 505 205 544 dam
230 507 604 557 argumentationes,
645 505 853 544 dicentium
880 506 978 543 mala
1010 508 1230 545 necessaria
1256 508 1373 546 fuisse
1400 506 1450 546 ad

118 563 435 602 illuminationem
455 563 643 602 bonorum
664 577 714 603 cx
734 564 940 602 contrariis
961 563 1313 615 intelligendorum.
1341 564 1448 617 Ergo

120 627 186 660 aut
215 634 288 660 nec
320 628 530 673 propterea
561 622 669 660 locus
702 621 790 659 mali
822 620 1048 672 proferendi
1079 622 1169 667 fuit,
1209 629 1274 660 aut
1310 623 1340 660 si
1376 636 1450 674 qua

119 679 197 717 alia
220 680 322 717 ratio
348 680 482 730 exegit
506 678 597 716 illud
624 678 772 723 induci,
801 691 870 716 cur
894 692 969 715 non
995 685 1036 716 et
1060 692 1110 717 ex
1134 679 1253 717 nihilo
1279 681 1452 731 potuerit

120 735 270 782 induci,
308 737 391 787 ipsa
421 737 572 774 ratione
604 742 836 773 excusatura
869 734 1081 781 dominum,
1120 748 1167 774 ne
1194 736 1284 774 mali
1309 743 1450 774 auctor

121 794 425 839 existimaretur,
464 805 562 844 quae
589 806 708 838 nunc,
747 805 832 830 cum
859 791 907 830 de
933 793 1094 830 materia
1122 799 1325 844 operatur,
1352 794 1451 832 mala

121 852 311 890 excusat?
348 849 391 888 Si
415 857 588 896 excusat,
614 848 714 888 adeo
742 850 879 901 ubique
907 857 946 887 et
970 848 1137 902 undique
1164 850 1254 889 illuc
1282 852 1453 903 compel-

122 908 213 947 titur
243 909 444 960 quaestio,
483 921 557 960 quo
590 907 747 953 nolunt,
787 907 850 959 qui
882 908 1000 958 ipsam
1033 908 1121 945 mali
1154 909 1343 947 rationem
1376 923 1453 947 non

123 964 379 1005 examinando
405 979 478 1004 nec
505 964 786 1016 dignoscendo,
814 963 1006 1016 quomodo
1033 964 1125 1003 illud
1152 972 1217 1004 aut
1242 965 1316 1004 deo
1343 968 1453 1005 attri-

121 1023 242 1063 buant
264 1030 331 1061 aut
355 1037 378 1062 a
403 1022 478 1062 deo
504 1029 705 1075 separent,
731 1022 903 1075 pluribus
929 1028 969 1060 et
994 1021 1276 1073 indignioribus
1302 1022 1454 1062 destru-

124 1081 315 1121 ctionibus
340 1079 460 1128 deo¹)
489 1081 689 1120 obiiciunt.

240 1142 308 1180 16.
358 1138 480 1189 lgitur
510 1139 548 1175 in
584 1138 894 1189 praestructione
932 1137 1043 1175 huius
1073 1138 1246 1184 articuli,
1286 1144 1326 1176 et
1362 1139 1453 1177 alibi

123 1195 287 1234 forsitan
311 1194 563 1241 retractandi,
591 1193 767 1246 equidem
788 1192 950 1232 definio:
977 1201 1044 1232 aut
1064 1193 1138 1233 deo
1158 1194 1453 1235 adscribendum

125 1259 166 1291 et
177 1252 319 1291 bonum
344 1259 386 1290 et
404 1252 554 1298 malum,
581 1265 678 1304 quae
693 1264 743 1290 ex
762 1252 921 1290 materia
942 1252 1049 1298 fecit,
1076 1259 1141 1291 aut
1162 1254 1347 1292 materiae
1368 1254 1454 1305 ipsi,

125 1323 175 1349 ex
188 1323 262 1363 qua
274 1310 381 1356 fecit,
408 1317 474 1348 aut
488 1317 687 1361 utrumque
701 1310 865 1360 utrique,
892 1310 979 1360 qnia
993 1309 1104 1347 ambo
1126 1310 1198 1348 sibi
1219 1309 1454 1361 obligantur,

126 1368 190 1420 qui
213 1368 327 1413 fecit,
366 1374 407 1406 et
430 1366 479 1405 de
505 1380 577 1419 qua
603 1367 716 1413 fecit,
742 1373 808 1404 aut
831 1366 992 1404 alterum
1019 1367 1152 1414 alteri3
1193 1368 1328 1406 tertius
1353 1369 1454 1406 enim

124 1431 283 1478 praeter
306 1426 504 1463 materiam
529 1431 571 1462 et
595 1423 706 1462 deum
733 1437 808 1461 non
834 1430 906 1462 est.
939 1423 1062 1462 Porro
1082 1424 1114 1462 si
1133 1423 1197 1463 dei
1218 1425 1294 1463 erit
1312 1431 1456 1464 utrum-

126 1495 218 1535 que,
242 1481 436 1521 videbitur
461 1480 555 1520 deus
580 1483 695 1520 etiam
721 1481 810 1519 mali
834 1488 991 1529 auctor3
1030 1480 1123 1520 deus
1148 1489 1294 1530 autem,
1322 1489 1363 1521 ut
1386 1482 1458 1521 bo-

125 1553 208 1588 nus,
233 1546 374 1579 auctor
397 1540 487 1578 mali
513 1553 587 1577 non
614 1540 713 1578 erit:
745 1539 779 1577 si
804 1539 1035 1586 materiae2)
1062 1546 1281 1591 utrumque,
1308 1538 1457 1579 videbi-

125 1604 189 1637 tur
212 1598 375 1636 materia
398 1598 513 1636 etiam
532 1597 624 1635 boni
643 1597 801 1643 matrix3
828 1596 927 1634 mala
945 1603 1070 1635 autem
1091 1598 1130 1634 in
1152 1604 1270 1635 totum
1296 1599 1458 1636 materia

126 1655 218 1694 honi
249 1669 324 1694 non
357 1655 432 1693 erit
463 1655 620 1692 matrix:
658 1655 691 1691 si
720 1654 917 1704 utriusque
949 1654 1025 1691 erit
1054 1660 1274 1706 utrumque,
1312 1655 1350 1692 in
1382 1655 1457 1693 hoe

128 1725 279 1763 quoque
305 1711 591 1763 comparabitur
615 1710 690 1749 deo
716 1711 890 1755 materia,
916 1716 958 1748 et
981 1723 1094 1761 pares
1119 1718 1233 1749 erunt
1256 1711 1382 1757 ambo,
1409 1723 1459 1750 ex

128 1781 253 1820 aequo
278 1768 367 1807 mali
392 1781 439 1806 ac
463 1767 556 1805 boni
580 1767 731 1813 affines3
757 1767 915 1817 aequari
940 1774 1066 1804 autem
1092 1766 1167 1806 deo
1194 1769 1355 1806 materia
1380 1781 1457 1806 non

130 1825 260 1872 debet,
286 1838 335 1864 ne
355 1824 452 1863 duos
472 1823 568 1862 deos
586 1823 745 1862 efficiat:
772 1824 803 1861 si
824 1823 987 1862 alterum
1006 1824 1178 1870 alterius,
1203 1826 1333 1876 utique
1348 1823 1459 1878 dei³)

129 1884 289 1928 bouum,
327 1889 368 1921 et
398 1882 583 1920 materiae-
614 1881 770 1927 malum,
809 1893 933 1932 neque
966 1881 1103 1919 malum
1128 1880 1204 1920 deo
1229 1895 1354 1934 neque
1379 1896 1459 1921 ma-

129 1941 254 1981 teriae
285 1940 425 1978 bonum
456 1938 717 1985 adscribetur,
755 1945 796 1977 et
818 1938 922 1976 hona
945 1945 1071 1977 autem
1102 1946 1143 1977 et
1167 1940 1266 1978 mala
1290 1939 1386 1979 deus
1410 1939 1459 1979 de

129 1998 293 2038 materia
315 1996 516 2043 faciendo,
549 2009 634 2035 cum
659 2008 707 2035 ea
730 1995 837 2034 facit.
899 1995 1005 2034 Haec
1030 1997 1064 2034 si
1093 1997 1148 2035 ita
1172 2003 1278 2043 sunt,
1310 1998 1459 2044 nescio,

131 2069 206 2108 qua
230 2056 355 2108 possit
378 2053 545 2094 evadere
571 2053 763 2092 sententia
788 2052 1072 2104 Hermogenes,
1111 2055 1175 2106 qui
1200 2053 1332 2102 deum,
1365 2068 1460 2108 quo-

132 2126 209 2165 quo
233 2111 347 2151 modo
374 2111 423 2150 de
447 2111 608 2150 materia
633 2111 769 2149 malum
794 2109 988 2157 condidit,
1025 2112 1107 2150 sive
1129 2112 1347 2156 voluntate,
1379 2113 1459 2151 sive

132 2171 385 2215 necessitate,
423 2170 504 2207 sive
529 2169 701 2214 ratione,
726 2182 802 2207 non
827 2175 936 2220 putet
960 2169 1049 2207 mali
1073 2175 1286 2208 auctorem.
1335 2169 1459 2208 Porro

133 2228 167 2266 si
189 2227 278 2266 mali
308 2233 447 2265 auctor
478 2233 539 2264 est
562 2226 665 2278 ipse,
691 2227 754 2278 qui
778 2226 894 2272 fecit,
930 2226 1044 2277 plane
1070 2227 1178 2265 socia
1203 2227 1364 2265 materia
1389 2238 1463 2277 per

133 2284 369 2324 substantiae
401 2290 641 2334 suggestum,
678 2282 913 2332 excludas⁴)
951 2283 1026 2321 iam
1064 2296 1236 2322 caussam
1274 2283 1459 2322 materiae

227 2402 268 2439 1)
302 2399 409 2430 Rhen.
446 2407 525 2430 cum
557 2407 577 2428 e
599 2400 627 2432 t.
657 2398 753 2430 editt-
785 2407 874 2429 corr.
911 2399 1041 2431 deum.
1181 2395 1219 2437 2)
1244 2397 1302 2429 Sic
1329 2398 1461 2429 emend.

133 2448 273 2478 U'ouw.
298 2448 333 2477 et
357 2446 449 2487 Rig.;
487 2444 595 2475 Rhen.
621 2445 659 2475 ni
683 2444 784 2475 deus
815 2444 901 2476 erit
927 2443 1259 2482 utrumque—si
1282 2444 1463 2475 materia

135 2496 373 2531 utrumque.
469 2493 505 2531 3)
530 2490 737 2521 Emendatio
751 2490 947 2528 wouweri3
975 2490 1181 2521 Rhemdeo.
1291 2490 1329 2519 4)
1354 2489 1479 2529 Rhea„

135 2541 228 2570 coni.
258 2538 475 2570 excludas
502 2537 559 2568 vel
583 2536 800 2577 excludis,
833 2536 924 2575 qnod
950 2536 1055 2566 etiam
1078 2535 1185 2568 ceteri
1209 2535 1305 2567 editt.
1337 2537 1462 2575 proba·

134 2588 235 2624 runt3
261 2585 312 2615 ed.
337 2586 362 2616 Ι.
386 2592 584 2616 excusas.
