1566 2808
347 182 472 214 ADV.
508 182 870 215 MARCIONEM
906 183 1082 214 LIBER
1116 184 1173 216 1V.
1330 182 1434 219 181

108 273 234 313 adhuc
260 275 298 313 in
331 274 409 313 suis
440 274 669 326 imaginibus
700 275 898 322 tuebatur,
933 288 1030 328 quae
1061 274 1334 326 significabant
1363 275 1435 313 ho-

108 333 248 371 minem
285 331 475 384 quondam
512 339 762 384 peccatorem
799 333 919 372 verbo
953 347 1042 372 mox
1078 332 1141 371 dei
1180 332 1435 371 emaculatum

110 387 253 430 offerre
279 388 424 428 debere
450 403 583 430 munus
609 389 683 428 deo
711 390 810 443 apud
836 391 1035 442 templum,
1076 391 1292 429 orationem
1330 389 1435 428 scili-

111 454 176 485 cet
211 453 252 485 et
287 448 482 486 actionem
521 449 729 498 gratiarum
768 447 868 500 apud
906 449 1112 487 ecclesiam
1145 461 1215 499 per
1241 447 1432 486 Christum

110 502 254 551 Iesum„
292 504 525 545 catholicum
563 507 683 556 patris
721 505 979 544 sacerdotem.
1031 505 1164 557 Itaque
1191 504 1353 543 adiecit:
1393 510 1436 542 ut

110 561 162 599 sit
183 560 294 599 vobis
319 562 358 599 in
389 563 666 608 testimonium,
694 564 776 601 sine
804 562 919 601 dubio
948 576 1021 614 quo
1049 562 1283 607 testabatur,
1310 574 1351 599 se
1380 561 1437 599 le-

112 630 199 669 gem
237 630 313 655 non
358 617 592 664 dissolvere,
632 619 700 656 sed
738 619 969 669 adimplere,
1015 631 1088 669 quo
1134 619 1352 656 testabatur
1395 630 1436 655 se

111 676 235 727 ipsum
272 687 377 720 esse,
417 675 481 726 qui
518 675 674 713 morbos
699 682 739 712 et
762 674 1002 713 valetudines
1028 688 1160 713 eorum
1186 681 1437 726 suscepturus

112 731 421 771 adnuntiabatur.
484 731 591 769 Hanc
624 738 699 769 tam
733 739 1010 782 congruentem
1043 739 1082 769 et
1115 730 1281 778 debitam
1317 732 1438 770 i'nter-

112 789 375 842 pretationem
394 789 603 826 testimonii
641 787 820 826 adulator
851 789 993 827 Christi
1020 790 1094 835 sui,
1134 787 1331 837 Marcion,
1369 789 1437 827 sub

114 845 274 884 obtentu
299 845 597 890 mansuetudinis
630 853 669 884 et
695 846 863 884 lenitatis
890 847 1041 898 qu'aerit
1066 845 1288 885 excludere.
1339 845 1438 884 Nam

115 902 486 957 etthonusrinquit,
514 908 719 955 Praeterea
745 904 886 951 sciens,
915 917 1083 951 omnem,
1112 905 1174 956 qui
1202 905 1310 955 lepra
1335 911 1440 942 esset

115 960 318 1014 liberatus,
356 961 556 999 sollemnia
583 961 681 1012 legis
704 969 996 1008 exsecuturum,
1030 961 1119 1000 ideo
1146 963 1198 999 ita
1223 963 1438 1014 praecepit.

117 1017 216 1067 Quid
259 1020 362 1056 tum?
415 1017 735 1057 Perseveravitne
774 1020 812 1057 in
849 1019 1041 1066 bonitate,
1086 1018 1126 1057 id
1164 1026 1240 1066 est,
1280 1019 1441 1070 permis-

118 1076 226 1120 sione
275 1076 404 1127 legis,
467 1089 515 1114 an
565 1078 668 1114 non?
735 1075 777 1114 Si
826 1079 926 1115 enim
979 1077 1103 1115 bonus
1157 1077 1439 1128 perseveravit,

119 1146 308 1184 nunquam
353 1131 590 1181 destructor'
617 1135 692 1172 erit
735 1134 852 1184 legis,
886 1147 969 1172 ·nec
1014 1133 1078 1172 dei
1121 1134 1279 1172 alterius
1322 1133 1442 1171 habe-

118 1190 242 1236 bitur,
292 1197 468 1229 cessante
523 1191 622 1241 legis
671 1189 952 1238 destructione,
975 1200 979 1203 “
1003 1203 1075 1242 per
1123 1204 1232 1242 quam
1282 1190 1441 1241 alterius

121 1247 186 1287 dei
228 1246 465 1295 vindicatur,
510 1248 542 1285 si
592 1261 667 1285 non
710 1249 975 1300 perseveravit
1018 1243 1159 1295 bonus,
1206 1246 1441 1286 destruendo

121 1311 259 1358 postea
295 1304 440 1356 legem,
484 1305 619 1344 falsum
657 1318 752 1356 ergo
790 1307 1050 1344 testimonium
1088 1312 1224 1357 postea
1269 1305 1443 1343 colloca-

122 1364 178 1401 vit
214 1361 314 1414 apud
350 1361 438 1400 illos
474 1363 512 1400 in
546 1364 746 1401 curatione
785 1363 942 1415 leprosi,
984 1362 1157 1401 deseruit
1193 1362 1293 1400 enim
1330 1362 1443 1399 boni-

123 1426 258 1466 tatem,
302 1418 389 1457 dum
424 1414 600 1458 destruit
638 1420 776 1471 legem.
820 1428 825 1433 ”
848 1419 973 1458 Malus
1010 1421 1103 1465 iam,
1146 1418 1296 1470 quando
1346 1419 1444 1469 legis

123 1476 530 1532 eversorgsi-bonus,
559 1490 670 1528 quum
696 1477 792 1527 legis
817 1475 1002 1514 indultor.
1067 1475 1145 1514 Sed
1172 1483 1214 1515 et
1237 1489 1303 1522 eo,
1343 1475 1444 1527 quod

122 1532 280 1585 indulsit
304 1532 382 1584 legi
408 1532 649 1585 obsequium,
687 1534 826 1572 bonam
853 1535 978 1585 legem
1006 1534 1257 1572 confirmavit.
1318 1533 1444 1587 Nemo

124 1591 224 1630 euim
249 1591 349 1629 malo
376 1590 536 1643 obsequi
561 1593 716 1643 patitur.
777 1591 883 1643 Ergo
922 1598 962 1630 et
997 1592 1053 1630 sic
1093 1592 1232 1638 malus,
1271 1591 1303 1629 si
1331 1591 1444 1629 obse-

125 1645 251 1701 quium
277 1649 399 1686 malae
433 1650 510 1699 legi
537 1648 711 1695 indulsit,
745 1656 786 1688 et
816 1650 872 1687 sie
904 1648 1097 1694 deterior,
1130 1650 1162 1687 si
1194 1649 1319 1686 bonae
1348 1649 1445 1698 legis

126 1705 348 1761 destruetor
372 1704 537 1751 advenit.
588 1706 754 1744 Proinde
782 1707 813 1744 si
838 1714 879 1744 ut
904 1708 1043 1753 sciens,
1072 1719 1232 1751 omnem,
1258 1707 1324 1756 ¹qui
1339 1705 1447 1756 lepra

126 1762 314 1801 liberatus
339 1769 454 1808 esset,
480 1764 534 1800 ita
558 1763 760 1809 facturum,
787 1762 876 1801 ideo
897 1764 1099 1814 praecepit
1132 1774 1262 1800 munus
1288 1762 1445 1808 offerre,

127 1819 253 1872 potuit
277 1826 317 1857 et
341 1820 706 1870 nonpraecepisse,
745 1819 847 1870 quod
873 1819 1023 1857 sciebat
1046 1820 1147 1863 ultro
1173 1819 1354 1857 futurum.
1405 1818 1446 1857 In

127 1889 266 1918 vanum
289 1889 386 1926 ergo
411 1874 634 1923 descendit,
675 1877 782 1928 quasi
808 1876 932 1927 legem
959 1875 1243 1923 destructurus,
1271 1889 1354 1914 cum
1382 1889 1447 1914 ce-

130 1933 187 1973 dit
199 1934 493 1988 obsecutoribus
508 1934 616 1984 legis.
664 1932 807 1985 Atquin
834 1935 940 1985 quasi
965 1935 1092 1972 sciens
1118 1935 1276 1972 formam
1301 1946 1446 1980 eorum,

129 1992 253 2042 magis
278 1991 324 2029 ab
352 2004 398 2029 ea
423 1990 654 2029 avertendos
679 1992 907 2042 praevenire
933 1990 1132 2039 debuerat,
1160 1992 1191 2030 si
1217 1992 1254 2029 in
1280 1991 1355 2030 hoc
1380 2004 1448 2029 ve·-

131 2056 255 2088 nerat.
323 2048 401 2086 Cur
438 2050 536 2087 enim
572 2062 648 2086 non
674 2050 813 2095 tacuit,
850 2056 892 2087 ut
922 2049 1036 2087 homo
1069 2050 1152 2087 solo
1185 2062 1252 2087 suo
1286 2049 1447 2087 arbitrio

132 2107 211 2158 legi
237 2105 440 2144 obediret?
480 2106 586 2144 Tunc
611 2106 711 2153 enim
738 2107 976 2158 aliquatenus
1000 2113 1133 2158 posset
1155 2106 1279 2145 videri
1300 2107 1449 2158 patien-

134 2165 211 2202 tiae
236 2158 328 2202 suae
353 2164 604 2215 praestitisse.
656 2161 734 2201 Sed
759 2163 893 2202 adiicit
917 2165 1031 2202 etiam
1046 2165 1316 2203 auctoritatem
1331 2177 1449 2209 suam,

133 2228 411 2272 exaggeratam
437 2221 645 2259 testimonii
665 2220 850 2272 pondere.
891 2221 1006 2260 Cuius
1032 2222 1104 2260 iam
1130 2221 1351 2266 testimonii,
1379 2221 1451 2258 nisi

134 2279 233 2330 legis
269 2281 466 2318 assertae?
520 2279 635 2316 Certe
672 2278 766 2317 nibil
802 2280 979 2325 interest,
1020 2278 1210 2330 quomodo
1243 2278 1453 2331 firmaverit

133 2337 278 2387 legem,
305 2337 385 2374 sive
412 2349 484 2387 qua
507 2335 648 2382 honus,
674 2336 752 2374 sive
780 2349 852 2388 qua
877 2349 1154 2388 supervacuus,
1181 2336 1260 2374 sive
1288 2348 1360 2386 qua
1385 2348 1451 2386 pa-

134 2395 254 2440 tiens,
292 2394 372 2431 sive
404 2406 478 2444 qua
514 2394 755 2440 inconstans,
794 2393 880 2431 dum
912 2401 971 2440 te,
1009 2393 1204 2438 Marcion,
1244 2391 1292 2430 de
1331 2391 1452 2443 gradu

134 2451 287 2504 pellam.
348 2450 453 2488 Ecce
479 2451 678 2502 praecepit
704 2451 1016 2502 legemimpleri.
1078 2450 1312 2501 Quocunque
1339 2448 1452 2487 modo

134 2503 354 2561 praecepit,
394 2507 531 2546 eodem
568 2508 692 2560 potuit
730 2509 844 2546 ctiam
882 2508 982 2547 illam
1020 2508 1263 2559 praemisisse
1301 2514 1454 2547 senten-

193 2575 398 2610 TERTULLJ
423 2576 479 2609 111.
942 2566 947 2571 ’
1113 2569 1160 2606 11
