1598 2794
145 172 216 208 10
298 171 373 202 DE
408 167 1044 202 PRAESCR1PT10N113US
1078 164 1326 195 HAERET.

146 264 300 303 nomine
327 260 440 307 dei1)
467 262 573 299 varie
598 261 718 298 visum
734 258 965 310 patriarchis
978 259 1031 305 2),
1059 257 1097 294 in
1111 255 1311 307 prophetis
1325 266 1479 307 semper

147 319 329 365 auditum,
356 326 552 370 postremo
585 317 752 356 delatum
784 328 834 354 ex
857 316 992 366 spiritu
1025 314 1145 366 patris
1177 312 1240 353 dei
1272 319 1312 352 et
1334 313 1477 352 virtute

148 379 186 416 in
210 378 398 427 virginem
423 375 605 421 Mariam,
634 386 788 412 carnem
813 374 955 411 factum
981 373 1019 410 in
1045 379 1158 410 utero
1185 372 1267 409 eius
1292 377 1334 409 et
1357 383 1407 408 ex
1431 381 1480 408 ea

148 440 275 472 natum
302 434 428 483 egisse
443 434 480 481 3)
508 432 633 470 Iesum
661 431 871 477 Christum,
899 428 1040 468 exinde
1066 428 1314 481 praedicasse
1340 440 1478 466 novam

148 491 275 542 legem
301 497 341 528 et
373 503 507 528 novam
536 489 828 541 promissionem
855 488 966 538 regni
993 487 1208 532 coelorum,
1234 486 1396 524 virtutes
1421 485 1480 523 fe-

150 549 268 594 cisse,
297 547 409 585 fixum
438 548 556 593 cruci,
584 547 700 585 tertia
715 545 777 584 die
803 545 1077 590 resurrexisse,
1104 545 1143 581 in
1158 544 1291 582 coelos
1305 549 1480 594 ereptum
1512 547 1517 550 ’

150 604 288 643 sedere
302 605 340 653 4)
369 603 417 642 ad
444 603 643 642 dexteram
669 604 808 655 patris,
843 603 989 640 misisse
1016 601 1199 640 vicariam
1225 601 1299 638 vim
1325 600 1482 652 spiritus

150 663 292 708 sancti,
327 662 390 712 qui
424 661 629 700 credentes
655 667 765 712 agat,
802 667 1002 699 venturum
1030 672 1113 697 cum
1141 658 1319 696 claritate
1345 655 1395 695 ad
1419 669 1483 695 su·
1515 691 1518 693 .

151 718 310 758 mendos
336 725 489 756 sanctos
516 720 554 757 in
578 721 679 757 vitae
707 726 889 756 aeternae
910 724 948 755 ct
969 717 1240 768 promissorum
1257 714 1483 754 coelestium

151 777 315 815 fructum
348 783 388 814 et
419 775 466 813 ad
500 777 682 827 profanos
714 774 941 813 iudicandos
955 776 991 823 5)
1026 774 1105 824 igni
1138 779 1345 825 perpetuo,
1378 772 1484 810 facta

151 834 347 885 utriusque
388 834 507 884 partis
545 834 840 872 resuscitatione
884 846 967 870 cum
1006 832 1132 870 carnis
1170 828 1481 878 restitutione⁶).

154 891 259 929 Haec
276 892 410 942 regula
436 904 458 928 a
485 891 652 938 Christo,
680 898 722 929 ut
752 890 978 942 probabitur
1003 890 1189 935 instituta,
1217 888 1340 926 nullas
1366 886 1484 925 habet

152 947 253 1003 apud
280 962 348 986 nos
381 949 646 999 quaestiones,
681 949 753 986 nisi
780 961 872 1000 quas
897 948 1080 985 haereses
1106 946 1293 993 inferunt,
1321 952 1361 983 et
1386 957 1483 997 quae

152 1006 373 1044 haereticos
399 1007 557 1044 faciunt.

272 1068 336 1104 14.
389 1063 569 1101 Ceterum
595 1070 772 1101 manente
799 1064 922 1101 forma
942 1064 1024 1101 eius
1044 1063 1081 1100 in
1100 1075 1171 1099 suo
1187 1060 1336 1107 ordine,
1365 1071 1484 1112 quan·
1515 1092 1525 1106 ,

152 1127 231 1157 tum
263 1120 358 1157 libet
390 1133 552 1170 quaeras
583 1128 623 1158 et
655 1120 801 1158 tractes
840 1128 880 1158 et
911 1133 1061 1158 omnem
1092 1118 1289 1157 libidinem
1321 1117 1485 1156 curiosi-

152 1177 242 1213 tatis
269 1175 460 1222 effundas,
499 1178 531 1214 si
558 1176 646 1227 quid
673 1177 742 1214 tibi
773 1176 925 1214 videtur
948 1177 1009 1214 vel
1036 1176 1286 1226 ambiguitate
1312 1173 1485 1226 pendere

152 1233 214 1271 vel
241 1233 477 1271 obscuritate
506 1233 739 1271 obumbrari.
790 1233 860 1271 Est
885 1234 1014 1285 utique
1042 1233 1164 1271 frater
1189 1233 1325 1284 aliquis
1346 1230 1487 1270 doctor

154 1290 282 1340 gratia
307 1290 493 1328 scientiae
521 1290 702 1336 donatus,
737 1298 796 1328 cst
828 1292 964 1342 aliquis
992 1292 1095 1328 inter
1121 1291 1359 1329 exercitatos
1391 1302 1488 1327 con-

153 1353 345 1392 versatus,
379 1347 515 1398 aliquis
542 1354 668 1385 tecum
696 1348 887 1393 curiosus,
916 1355 1042 1385 tecum
1068 1355 1194 1385 tamen
1222 1359 1412 1398 quaerens
1424 1347 1485 1394 ⁷):

155 1403 344 1441 novistine
360 1405 417 1451 8),
463 1405 646 1454 ignorare
685 1405 819 1442 melius
857 1399 961 1451 esse,
1001 1417 1048 1442 ne
1088 1403 1188 1456 quod
1226 1417 1302 1442 non
1328 1399 1485 1451 debeas,

155 1461 260 1498 noris
274 1461 363 1509 9)ῨΠ
386 1460 511 1508 Fides,
542 1462 680 1513 inquit,
709 1469 774 1499 tua
800 1468 836 1499 te
864 1462 1006 1499 salvum
1032 1463 1228 1512 fecit10),
1269 1474 1346 1500 non
1371 1474 1486 1500 exer·

156 1518 290 1555 citatio
323 1519 611 1569 scripturarum.
663 1517 775 1557 Fides
812 1520 850 1557 iu
888 1520 1024 1569 regula
1062 1520 1187 1572 posita
1225 1526 1301 1565 est,
1338 1519 1487 1558 habens

155 1574 282 1624 legem
315 1582 354 1613 et
379 1576 539 1614 salutem
567 1575 614 1615 de
643 1576 914 1614 observatione
943 1577 1059 1627 legis,
1100 1577 1331 1615 exercitatio
1357 1583 1485 1615 autem

156 1632 193 1668 in
234 1630 458 1671 curiositate
486 1634 679 1680 consistit,
719 1632 864 1672 habens
890 1635 1062 1685 gloriam
1083 1635 1203 1672 solam
1241 1633 1289 1672 de
1321 1634 1486 1686 peritiae

157 1687 297 1726 studio.
360 1689 485 1728 Cedat
515 1692 718 1729 curiositas
751 1690 860 1737 fidei,
901 1690 1016 1729 cedat
1040 1692 1164 1742 gloria
1191 1691 1316 1729 saluti.
1368 1690 1487 1730 Certe

157 1753 222 1783 aut
246 1759 321 1784 non
349 1747 593 1799 obstrepant,
619 1755 685 1786 aut
710 1750 922 1800 quiescant.
973 1748 1168 1787 Adversus
1195 1749 1366 1799 regulam
1393 1748 1487 1788 nihil

157 1803 277 1848 scire,
311 1805 435 1843 omnia
461 1806 561 1843 scire
594 1807 682 1844 est¹
699 1807 746 1854 ¹).
810 1805 860 1844 Ut
885 1820 959 1844 non
986 1807 1129 1845 inimici
1157 1813 1288 1845 essent
1309 1806 1487 1845 veritatis

157 1858 365 1915 haeretici,
395 1869 434 1899 ut
459 1861 507 1900 de
539 1863 778 1914 rufugiendis
804 1864 860 1902 eis
886 1877 961 1902 non
986 1877 1346 1915 praemoneremurt
1374 1864 1486 1915 quale

159 1922 230 1960 est,
258 1918 438 1957 conferre
466 1932 549 1957 cum
576 1920 803 1968 hominibus,
832 1922 894 1972 qui
920 1928 959 1960 et
984 1922 1056 1973 ipsi
1082 1921 1206 1960 adbuc
1233 1934 1274 1960 se
1297 1933 1486 1973 quaerere

161 1971 416 2013 confitentur?
471 1975 513 2014 Si
551 1978 651 2016 enim
687 1991 780 2017 vere
819 1978 944 2018 adhuc
983 1986 1188 2031 quaerunt,
1223 1978 1322 2017 nihil
1359 1977 1485 2018 adhuc

254 2097 287 2138 1)
312 2099 493 2152 Gelenius:
520 2104 821 2146 eius(Latinius:
849 2104 955 2148 eum)
983 2107 1025 2138 in
1051 2107 1223 2141 nomine>
1243 2107 1322 2138 dei.
1371 2104 1411 2150 2)
1426 2106 1487 2138 Ri-

160 2144 243 2198 galf·
276 2154 296 2175 ὃ
328 2146 607 2184 Ρᾶῒΐιᾶῐεὴίε.
738 2154 774 2194 3)
801 2154 883 2187 cod.
916 2155 1041 2194 Aget»,
1070 2154 1196 2193 Rhea„
1235 2154 1310 2193 Rig.
1343 2155 1486 2184 natum

160 2199 318 2230 egisse3
356 2191 430 2221 cod.
469 2192 544 2222 Urs.
578 2199 717 2228 natum
757 2200 1085 2238 exisse;.1¹amet.
1110 2202 1253 2231 natum
1279 2199 1487 2232 hominem

161 2238 202 2266 et
222 2245 320 2289 'esse
345 2237 481 2290 1.·Ch.;
511 2238 645 2269 Wouw.
671 2246 754 2274 nat.
781 2245 882 2276 hom.
909 2246 1139 2276 exstitisse
1165 2245 1280 2276 [sch.
1364 2244 1402 2285 4)
1418 2245 1487 2276 Ge-

160 2281 274 2312 lemus
294 2284 329 2313 et
353 2283 428 2322 ng·
456 2284 636 2315 sedissse·
698 2288 731 2326 5)
754 2291 919 2322 VVouwer
944 2301 961 2322 e
987 2301 1049 2323 ms.
1076 2294 1111 2322 et
1133 2292 1207 2331 Rig.
1233 2290 1486 2323 adiudican-

161 2328 245 2380 ‘¹⁰.⁵·
340 2329 376 2369 6)
401 2329 530 2361 Pamel.
556 2336 892 2368 resurrectione.
999 2337 1036 2380 7)
1064 2337 1171 2367 Rheni.
1198 2338 1486 2374 conversatus

162 2373 328 2411 aliquid
359 2376 513 2416 tecum,
551 2376 770 2408 curiosius
809 2384 963 2422 tamen,
1000 2392 1223 2421 quaerens.
1317 2383 1355 2423 8)
1374 2382 1484 2413 Editt.

162 2428 297 2450 omnes:
337 2421 572 2452 novissime
608 2422 810 2462 ignorare
847 2429 998 2459 melius
1036 2431 1110 2460 est.
1240 2427 1487 2469 9)=Pame1,et

161 2464 235 2503 Rig.
261 2465 483 2497 addiderunt:
512 2467 610 2505 quia
636 2470 744 2507 quod
768 2470 919 2504 debeas
945 2476 1071 2507 nosti.
1167 2473 1225 2515 10)
1249 2476 1331 2506 Luc.
1352 2475 1407 2513 18,
1427 2475 1484 2506 42,

162 2511 222 2563 11)
252 2510 380 2541 Pamel.
418 2515 495 2543 aut
531 2514 757 2552 quiescant
800 2518 887 2548 adv.
924 2521 1127 2560 regulam.
1211 2520 1329 2552 Nihil
1367 2519 1484 2551 ultra
1544 2546 1549 2549 .

162 2564 290 2597 scire,
318 2566 347 2588 ο.
375 2567 426 2588 sc.
453 2562 527 2590 est.
