1604 2800
339 206 413 236 DE
446 206 965 240 RESURRECTIONE
996 209 1224 243 CARNIS.
1365 211 1441 250 99

109 296 225 337 modo
251 303 469 336 contactus.
533 297 631 347 Quid
669 300 789 346 enim,
828 301 860 338 si
893 300 997 339 nullo
1029 302 1189 353 amplius
1216 315 1336 355 opere
1362 312 1441 344 sta-

108 356 177 394 tim
204 355 426 406 figmentum
451 354 500 395 de
528 363 710 395 contactu
738 356 802 395 dei
835 358 1100 397 constitisset?
1156 358 1270 398 Adeo
1303 375 1441 414 magna

108 425 173 451 res
203 412 414 463 agebatur,
453 427 527 466 qua
556 415 631 452 ista
662 416 824 453 materia
856 415 1140 454 exstruebatur.
1214 417 1348 470 ltaque
1381 426 1441 458 to·

108 470 209 508 tiens
235 469 467 517 honoratur,
507 472 684 523 quotiens
709 485 840 510 manus
866 472 929 511 dei
955 474 1116 525 patitur,
1142 472 1230 513 dum
1256 477 1440 528 tangitur,

109 525 196 566 dum
223 525 466 580 decerpitur,
500 528 587 566 dum
613 528 835 576 deducitur,
867 529 953 568 dum
980 531 1188 582 effingitur.
1251 531 1440 585 Recogita

107 591 230 623 totum
255 585 312 623 illi
337 584 448 624 deum
475 594 703 638 occupatum
723 600 769 625 ac
790 586 973 635 deditum,
999 601 1125 634 mauu,
1152 602 1279 636 sensu,
1306 603 1440 642 opere,

108 642 287 689 consilio,
313 643 515 695 sapientia,
542 643 799 695 providentia,
826 651 867 683 et
890 645 972 696 ipsa
997 646 1036 684 in
1061 647 1192 697 primis
1217 646 1440 695 affectione,

108 711 206 751 quae
232 699 466 738 lineamenta
497 699 677 739 ducebat.
740 700 1004 753 Quodcunque
1037 704 1137 740 enim
1170 703 1279 741 limus
1311 706 1441 756 expri-

107 756 300 803 mebatur,
327 756 502 794 Christus
529 758 776 807 cogitabatur
802 758 913 796 homo
939 759 1109 805 futurus,
1138 759 1240 810 quod
1266 767 1306 798 et
1330 761 1440 799 limus

107 820 148 852 et
173 825 287 860 caro,
325 826 471 859 sermo,
511 813 612 864 quod
645 821 686 852 et
716 821 822 852 terra
853 821 957 852 tunc.
1021 814 1088 853 Sic
1121 817 1220 854 enim
1246 818 1440 868 praefatio

105 871 227 922 patris
251 868 300 909 ad
327 870 462 909 filium:
501 871 688 909 faciamus
720 871 910 909 hominem
937 870 985 909 ad
1011 873 1216 928 imaginem
1243 881 1282 912 et
1307 876 1441 913 simili-

105 926 273 966 tudinem
300 935 483 966 nostram.
544 928 595 966 Et
619 929 716 967 fecit
739 929 931 967 hominem
958 928 1070 976 deus,
1097 929 1134 968 id
1160 932 1311 982 utique,
1340 931 1441 984 quod

106 984 233 1032 finxit,
266 984 316 1024 ad
347 986 552 1036 imaginem
584 984 648 1024 dei
674 986 769 1024 fecit
793 986 967 1032 illum,¹)
996 987 1148 1025 scilicet
1173 987 1330 1026 Christi.
1390 989 1441 1027 Et

105 1054 232 1082 sermo
258 1043 359 1082 enim
385 1042 492 1089 deus,
520 1043 582 1094 qui
608 1044 645 1080 in
672 1042 797 1093 effigie
824 1041 887 1080 dei
914 1044 1143 1082 constitutus
1168 1058 1245 1082 non
1265 1047 1440 1097 rapinam

105 1100 338 1139 existimavit
362 1113 492 1151 parem
519 1112 605 1137 esse
632 1098 773 1150 deo-2)
819 1099 877 1137 Ita
902 1099 1011 1138 limus
1036 1101 1102 1139 ille
1128 1102 1202 1139 iam
1228 1109 1319 1140 tunc
1345 1104 1438 1140 ima-

105 1157 234 1208 ginem
259 1155 421 1194 induens
442 1156 586 1194 Christi
612 1157 729 1194 futuri
755 1156 793 1194 in
821 1168 951 1202 carne,
979 1170 1055 1195 non
1081 1164 1225 1195 tantum
1253 1158 1317 1197 dei
1344 1172 1438 1210 opus

106 1219 210 1259 erat,
253 1212 320 1251 sed
354 1219 395 1251 et
425 1213 576 1264 pignus.
639 1212 722 1260 Quo
749 1226 849 1251 nunc
875 1214 971 1252 facit
995 1213 1043 1252 ad
1069 1215 1333 1254 infuscandam
1360 1217 1438 1254 ori-

105 1271 234 1322 ginem
261 1270 388 1309 carnis
413 1283 552 1308 nomeu
577 1277 708 1309 terrae
733 1271 934 1317 ventilare,
961 1278 1002 1309 ut
1021 1270 1225 1318 sordentis,
1252 1274 1437 1312 utiacen-

105 1328 155 1366 tis
193 1327 400 1366 elementi?
443 1341 545 1374 cum,
590 1329 663 1366 etsi
700 1328 776 1366 alia
813 1329 975 1366 materia
1012 1328 1255 1372 excludendo
1293 1330 1437 1368 homini

106 1386 374 1437 competisset,
400 1385 560 1423 artificis
586 1386 779 1436 fastigium
805 1386 1018 1436 recogitari
1045 1393 1264 1437 oporteret,
1304 1388 1367 1438 qui
1391 1387 1437 1425 il-

105 1443 180 1481 lam
217 1449 258 1480 et
293 1442 474 1493 eligendo
513 1441 665 1492 dignam
703 1441 914 1485 iudicasset
950 1449 991 1480 et
1027 1441 1231 1481 tractando
1263 1443 1436 1483 fecisset.

103 1498 264 1538 Phidiae
289 1512 422 1538 manus
449 1499 575 1538 lovem
603 1499 816 1551 Olympium
851 1512 901 1538 ex
932 1499 1052 1538 ebore
1086 1501 1242 1539 molitur
1272 1508 1312 1539 et
1342 1500 1436 1540 ado-

103 1563 231 1605 ratur3
258 1569 331 1595 nec
356 1557 431 1594 iam
456 1555 605 1595 hestiae
631 1563 672 1595 et
698 1556 850 1608 quidem
876 1557 1151 1596 insulsissimae
1177 1557 1272 1596 dens
1298 1565 1370 1606 est,
1397 1565 1437 1597 et

103 1627 284 1653 summum
310 1614 431 1652 seculi
463 1627 601 1652 numen
633 1614 873 1664 elephantus.
935 1612 1014 1650 Sed
1046 1616 1134 1664 quia
1165 1613 1320 1653 Phidias
1353 1622 1435 1653 tan-

103 1672 235 1719 tus‚²)
262 1670 357 1710 deus
380 1672 506 1717 vivus,
544 1670 639 1708 deus
668 1682 783 1707 verus
809 1682 1072 1721 quamcunque
1098 1672 1284 1710 materiae
1311 1673 1434 1710 vilita-

103 1735 180 1766 tem
217 1741 295 1765 non
327 1726 375 1765 de
407 1740 475 1765 sua
508 1727 735 1778 operatione
767 1732 974 1776 purgasset
1004 1733 1045 1763 et
1075 1726 1123 1764 ab
1150 1729 1251 1765 omni
1277 1728 1436 1766 infirmi&

103 1790 184 1822 tate
209 1785 407 1822 sanasset?
457 1782 520 1820 An
545 1783 620 1820 hoc
646 1783 850 1832 supererit,
875 1789 918 1819 ut
942 1782 1140 1821 honestius
1165 1783 1280 1821 homo
1307 1783 1433 1835 deum,

104 1854 214 1894 quam
240 1841 431 1878 hominem
458 1838 552 1878 deus
578 1838 756 1876 finxerit?
814 1837 926 1876 Nunc
953 1840 1026 1877 etsi
1057 1839 1276 1878 scandalum
1310 1841 1451 1888 limus,

103 1899 181 1938 alia
205 1898 278 1936 iam
304 1910 368 1936 res
394 1903 466 1935 est.
527 1895 690 1934 Carnem
717 1897 790 1933 iam
817 1902 953 1943 teneo,
979 1909 1055 1934 non
1082 1903 1243 1944 terram,
1277 1898 1373 1936 licet
1395 1905 1434 1937 et

105 1954 198 1995 caro
229 1953 379 1994 audiat:
418 1961 524 1992 terra
554 1965 614 1999 es,
654 1959 695 1991 et
718 1953 756 1990 in
782 1959 923 1991 terram
948 1953 1086 2002 ihis.⁴)
1150 1954 1268 2005 Origo
1295 1968 1434 1994 recen-

103 2019 229 2060 setur,
266 2025 343 2050 non
368 2010 578 2049 substantia
603 2017 824 2049 revocatur.
888 2009 1024 2049 Datum
1051 2018 1128 2058 est,
1166 2024 1251 2050 esse
1289 2011 1434 2064 aliquid

105 2070 256 2121 origine
282 2070 511 2120 generosius
536 2074 577 2106 et
601 2066 860 2106 demutatione
885 2068 1050 2108 felicius.
1111 2067 1210 2107 Nam
1236 2076 1276 2108 et
1300 2083 1432 2108 aurum

102 2133 224 2176 terra,
251 2127 339 2177 quia
364 2125 413 2164 de
439 2133 558 2172 terra,
585 2124 771 2163 hactenus
790 2132 917 2164 tamen
936 2132 1055 2164 terra.
1099 2123 1160 2164 Ex
1186 2139 1258 2178 quo
1285 2139 1430 2173 aurum,

104 2184 220 2235 longe
251 2183 328 2221 alia
357 2184 537 2230 materia,
575 2181 813 2233 splendidior
843 2189 958 2235 atque
989 2183 1159 2221 nobilior
1190 2182 1238 2222 de
1278 2183 1432 2222 obsole-

124 2357 134 2362 “
196 2365 233 2405 1)
258 2365 388 2403 Gen.1‚
405 2366 458 2396 26.
555 2364 592 2403 2)
618 2364 725 2396 Rhen.
738 2365 790 2395 ed.
803 2366 828 2396 1.
848 2375 923 2405 par
947 2366 987 2397 in
1014 2367 1108 2405 deo3
1135 2366 1193 2396 ned
1208 2365 1242 2395 in
1256 2365 1428 2404 margine:

104 2421 244 2452 parem
269 2421 362 2442 esee
388 2412 482 2452 deo3
510 2411 691 2441 Gelenius:
718 2411 838 2449 paria
863 2412 949 2442 deo.
998 2413 1096 2447 Quae
1118 2419 1171 2442 vv.
1190 2411 1298 2443 Rhen.
1315 2412 1430 2442 refra-

104 2458 264 2498 gantibus
290 2457 465 2488 codicibus
489 2457 540 2486 ita
566 2456 729 2496 mutavit,
766 2459 806 2487 ut
834 2460 870 2488 et
899 2457 974 2495 ipse
1004 2461 1039 2488 et
1064 2457 1173 2488 ceteri
1197 2457 1271 2488 edd.
1297 2457 1426 2488 scribe-

104 2505 200 2534 rent:
236 2503 400 2543 pariari
424 2503 510 2533 deo.
534 2518 581 2524 —
605 2502 692 2532 Phil.
706 2503 738 2542 2,
753 2503 785 2533 6.
904 2501 938 2541 3)
963 2504 1014 2533 lta
1039 2503 1145 2534 Rhen.
1172 2502 1224 2534 ed.
1248 2504 1273 2533 1.
1298 2503 1429 2534 Ceteri:

104 2548 176 2579 sed
199 2557 402 2580 nummum
427 2557 508 2579 uec.
533 2556 701 2586 numen,
733 2556 815 2580 non
840 2548 940 2587 quia
964 2548 1116 2589 eleph„
1149 2548 1221 2580 aed
1245 2548 1345 2588 quia
1362 2548 1427 2579 Ph.

105 2594 248 2624 tantun
273 2597 339 2626 etc.
433 2594 473 2626 4)
497 2594 580 2624 Gen.
596 2594 697 2636 3,19.

1085 2639 1138 2680 7*
