1604 2800
465 181 586 213 ADV.
622 179 1059 211 HERMOGENEM.
1395 179 1433 215 9

99 274 272 315 infirmus
308 272 420 314 ‹leus-
483 272 529 312 Si
565 274 691 326 potuit
726 280 765 312 et
803 273 943 319 noluit,
982 272 1103 310 malus
1135 278 1175 311 et
1205 272 1307 324 ipse,
1347 274 1436 325 quia

100 333 201 372 malo
227 332 341 379 favit,
380 339 421 371 et
444 332 500 371 sic
526 331 602 370 iam
627 331 793 369 habetur
816 336 953 368 auctor
978 330 1080 376 eius,
1113 329 1215 382 quod
1242 330 1335 368 licet
1360 344 1436 368 non

101 390 333 436 instituerit,
374 391 463 442 quia
487 396 635 435 tamen,
674 389 706 427 si
732 388 919 427 noluisset
944 385 1038 426 illud
1070 400 1177 434 esse,
1216 401 1291 425 non
1318 394 1436 434 esset,

102 449 186 501 ipse
211 447 286 486 iam
313 448 409 486 fecit
433 460 540 493 esse,
579 445 681 498 qnod
707 446 830 484 noluit
862 459 938 484 non
977 457 1076 483 esse.
1140 445 1223 493 Quo
1257 444 1347 497 quid
1379 453 1440 484 est

104 505 278 558 turpius?
325 503 369 544 Si
395 504 434 544 id
458 505 581 543 voluit
605 517 705 550 esse,
738 501 840 555 quod
865 504 947 555 ipse
974 503 1096 540 noluit
1118 503 1274 549 fecisse,
1301 502 1439 541 adver-

104 576 186 602 sum
199 569 323 601 semet
335 563 457 615 ipsum
473 563 566 613 egit,
594 575 679 600 cum
694 568 734 600 et
751 561 873 599 voluit
893 573 992 607 esse,
1019 558 1120 612 quod
1141 560 1264 598 noluit
1282 561 1439 606 fecisse,

107 627 149 660 et
185 620 308 659 noluit
344 621 511 666 fecisse,
550 618 652 671 quod
684 619 804 657 voluit
840 631 940 657 esse.
1003 617 1119 665 Quasi
1149 617 1287 656 honum
1319 618 1442 656 voluit

109 691 216 724 esse,
255 684 296 716 et
328 679 434 730 quasi
467 678 604 715 malum
636 677 759 714 noluit
790 676 945 714 fecisse.
1008 673 1119 722 Quod
1150 688 1226 712 non
1258 674 1440 713 faciendo

110 736 248 775 malum
274 734 471 780 iudicavit,
499 733 537 772 id
563 732 787 772 sustinendo
814 733 953 770 bonum
979 732 1254 782 pronuntiavit.
1298 731 1441 770 Malum

109 806 181 846 pro
213 792 316 831 bono
347 790 593 836 sustinendo,
632 797 671 828 et
703 803 778 827 non
811 790 936 840 potius
968 787 1225 834 eradicando,
1263 788 1443 827 adsertor

109 852 193 890 eius
217 850 393 888 inventus
419 855 496 895 est,
525 848 643 893 male,
670 848 702 885 si
728 860 798 898 per
821 846 1076 892 voluntatem,
1105 847 1287 897 turpiter,
1314 847 1346 885 si
1372 859 1443 898 per

110 908 403 953 necessitatem,
434 913 500 945 aut
531 905 694 943 famulus
725 905 802 943 erit
832 904 920 941 mali
951 902 1046 941 deus
1072 910 1137 941 aut
1162 904 1324 950 amicus,
1358 917 1444 942 cum

111 966 296 1005 materiae
333 964 433 1004 malo
472 969 745 1009 conversatus,
794 960 932 1000 nedum
972 962 1087 1001 etiam
1132 959 1179 1000 de
1222 962 1322 1000 malo
1361 962 1445 1000 eius

113 1029 307 1076 operatus.
1003 1033 1006 1035 ’

231 1084 299 1123 11.
358 1079 411 1119 Et
456 1087 583 1118 tamen
627 1077 728 1117 unde
772 1077 884 1116 nobis
920 1076 1127 1129 persuadet
1163 1077 1444 1128 Hermogenes,

115 1138 252 1185 malam
278 1150 364 1176 esse
390 1138 613 1176 materiam?
642 1135 731 1174 Non
757 1136 857 1173 enim
884 1136 1027 1186 poterit
1046 1147 1122 1172 non
1141 1135 1277 1172 malum
1299 1134 1445 1179 dicere,

118 1195 181 1234 eui
206 1195 354 1239 malum¹
369 1193 568 1232 adscribit.
606 1192 705 1230 Nam
737 1191 936 1230 delinimus
967 1191 1267 1230 deminutionem
1293 1198 1333 1229 et
1358 1191 1448 1229 snb—

116 1253 324 1292 iectiouem
352 1263 494 1303 capere
521 1263 595 1288 non
622 1262 756 1301 posse,
794 1247 896 1301 quod
927 1250 980 1287 sit
1009 1250 1277 1295 aeternum,¹)
1317 1255 1358 1287 ut
1382 1249 1450 1286 alii

119 1316 333 1349 coaeterno
360 1309 521 1347 inferius
547 1307 764 1359 deputetur.
816 1306 873 1344 lta
898 1313 939 1344 et
963 1319 1063 1344 nunc
1090 1319 1164 1344 nec
1189 1306 1326 1344 malum
1352 1305 1451 1344 diei-

119 1380 202 1407 mus
234 1373 458 1418 competere
490 1366 566 1411 illi,
605 1366 693 1416 quia
724 1377 797 1402 nee
830 1363 966 1401 subiici
993 1376 1043 1402 ex
1068 1363 1142 1401 boc
1168 1364 1308 1415 possit,
1348 1361 1451 1414 quod

119 1425 225 1464 nullo
256 1423 370 1463 modo
401 1429 532 1476 potest
561 1422 719 1468 subiici,
757 1422 845 1473 quia
876 1427 1075 1459 aeternum
1113 1428 1185 1458 est.
1246 1419 1326 1459 Sed
1365 1433 1452 1459 cum

120 1483 217 1522 alias
245 1495 428 1521 summum
460 1480 599 1519 bonum
632 1485 786 1518 constet
810 1490 915 1523 esse,
953 1477 1055 1530 quod
1079 1479 1130 1516 sit
1154 1484 1373 1524 aeternum,
1410 1485 1460 1515 ut·

120 1539 237 1587 «leus,
273 1552 347 1592 per
377 1537 479 1591 quod
510 1537 615 1576 solus
646 1543 707 1576 est
732 1535 852 1582 deus,
891 1534 979 1574 dum
1004 1542 1186 1575 aeternus
1212 1543 1290 1582 est,
1328 1542 1368 1574 et
1397 1536 1453 1573 ita

120 1597 259 1644 honus,
285 1596 372 1635 dum
398 1595 510 1635 deus:
537 1593 729 1647 quomodo
755 1594 941 1632 materiae
966 1594 1085 1632 inerit
1104 1593 1255 1639 malum,
1281 1606 1391 1644 quam
1411 1599 1454 1630 ut

122 1661 322 1694 aeternam
346 1667 528 1693 summum
555 1653 695 1691 bonurn
720 1650 830 1690 credi
854 1662 1016 1689 necesse
1042 1652 1126 1689 est?
1173 1649 1253 1688 Aut
1277 1651 1322 1696 si,
1350 1648 1452 1700 quod

124 1719 324 1750 aeternum
350 1718 428 1756 est,
456 1711 601 1761 poterit
624 1716 666 1747 et
689 1708 777 1746 mali
805 1721 928 1758 capax
954 1719 1053 1752 esse,
1080 1708 1225 1758 poterit
1250 1707 1323 1744 hoe
1351 1713 1390 1743 et
1415 1707 1453 1743 in

126 1768 239 1807 deum
265 1766 388 1812 credi,
413 1773 452 1804 et
477 1767 559 1803 sine
586 1777 722 1803 caussa
746 1764 902 1814 gestivit
926 1764 1063 1801 malum
1082 1776 1104 1800 a
1126 1762 1201 1802 deo
1226 1763 1453 1806 transferre,

126 1826 157 1864 si
185 1824 372 1876 competit
396 1829 436 1861 et
461 1829 638 1866 aeterno,
665 1818 922 1872 competendo
948 1821 1145 1858 materiae.
1185 1819 1263 1858 Iam
1289 1833 1396 1865 vero,
1423 1820 1456 1857 si

129 1880 231 1935 quod
255 1888 455 1920 aeternum
481 1886 558 1924 est,
597 1878 732 1915 malum
759 1883 889 1928 potest
913 1875 1042 1920 credi,
1078 1877 1301 1916 invincibile
1332 1884 1372 1915 et
1398 1878 1456 1915 in-

129 1938 349 1992 superabile
386 1938 463 1976 erit
498 1936 636 1974 malum
668 1942 708 1972 ut
736 1941 950 1972 aeternum.
1011 1933 1062 1973 Et
1097 1941 1175 1972 tum
1207 1947 1277 1972 nos
1314 1935 1457 1973 frustra

130 1997 349 2037 laboramus
374 1994 423 2033 de
448 1991 662 2032 auferendo
687 1992 787 2030 malo
813 2004 863 2030 ex
886 1991 999 2030 nobis
1022 1992 1174 2044 ipsis,²)
1201 1998 1279 2030 tum
1304 1999 1345 2030 et
1363 1991 1458 2030 deus

131 2055 207 2094 boe
238 2054 382 2092 frustra
412 2050 567 2089 mandat
597 2056 637 2087 et
668 2050 875 2100 praecipit,
912 2050 989 2087 imo
1026 2055 1068 2087 et
1102 2048 1284 2088 iudicium
1316 2050 1459 2088 frustra

134 2111 335 2150 constituit
377 2108 471 2148 deus
516 2107 702 2146 iniustitia
738 2107 867 2158 utique
904 2107 1115 2158 puniturus.
1185 2105 1330 2154 Quodsi
1367 2114 1458 2145 tune

133 2169 211 2208 erit
233 2168 324 2206 mali
348 2167 492 2211 linis,³)
521 2178 606 2203 cum
626 2177 783 2215 praeses
803 2165 886 2202 eius
906 2162 1083 2202 diabolus
1102 2163 1244 2202 abierit
1263 2164 1458 2214 inignem,

135 2238 245 2278 quem
276 2223 522 2276 praeparavit
552 2222 608 2259 illi
638 2220 732 2259 deus
762 2227 803 2259 et
832 2220 981 2271 angelis
1011 2221 1160 2267 eius,⁴)
1199 2222 1303 2271 prius
1327 2222 1366 2257 iu
1391 2233 1461 2271 pu·-

135 2289 239 2321 teum
264 2281 394 2334 abyssi
420 2279 666 2331 religatus,⁵)
694 2292 778 2316 cum
804 2278 991 2316 revelatio
1018 2278 1181 2316 filiorum
1202 2276 1267 2315 dei
1284 2275 1462 2315 redeme-

229 2395 267 2437 1)
303 2395 511 2427 Emendatio
542 2393 716 2433 Rbenanh
750 2393 807 2426 ed.
839 2395 864 2425 1.
894 2403 975 2424 non
1010 2401 1151 2432 poue.
1201 2392 1321 2428 Quod
1340 2391 1375 2423 ιί
1400 2391 1464 2422 ita

137 2443 224 2475 etit
247 2445 484 2474 aeteruum,
580 2441 616 2478 2)
642 2441 662 2469 1
678 2440 800 2477 Cor-⁵,
816 2441 870 2471 13.
942 2438 978 2478 3)
1001 2439 1058 2470 Sic
1073 2438 1204 2469 emend.
1225 2448 1243 2468 e
1262 2448 1323 2468 nn.
1348 2438 1463 2469 {Von-

139 2498 221 2522 wer.
247 2489 353 2520 Rben.
378 2488 431 2519 ed.
455 2489 480 2519 Ι.
529 2486 580 2517 Et
612 2489 755 2516 tamen
789 2494 866 2515 no·
890 2486 1060 2515 trunti-a
1084 2501 1130 2507 —-
1154 2484 1283 2523 ipsis,
1306 2494 1400 2515 eum
1422 2486 1466 2514 et

140 2536 299 2566 deuu—
317 2535 359 2565 iu
383 2533 558 2564 iustitia
581 2532 732 2569 utique
758 2530 999 2568 puniturus,
1026 2529 1180 2568 quibus
1202 2534 1359 2561 eontra
1381 2539 1469 2561 nia-

140 2583 220 2613 lum
250 2581 370 2612 finio.
461 2580 498 2618 4)
524 2578 647 2609 Mauh.
662 2579 718 2617 25,
732 2578 788 2607 41.
883 2578 920 2615 5)
942 2575 1082 2615 Apocal.
1098 2576 1152 2616 20,
1168 2577 1204 2608 3.
