1604 2800
546 165 671 199 anv.
707 165 981 200 iunAEos.
1327 166 1432 205 2⁰2

109 270 259 297 menses
281 255 357 304 Vl,
387 257 426 295 in
458 255 557 296 diem
583 258 791 296 nativitatis
817 257 972 297 Christi.
1032 255 1083 296 Et
1106 258 1348 298 manifestata
1372 268 1432 300 est

108 315 254 354 iustitia
286 321 465 361 aeterna,
503 321 544 353 et
578 321 713 353 unctus
751 321 810 353 est
844 321 998 354 sanctus
1033 323 1271 363 sanctorum,
1308 315 1347 355 id
1372 325 1433 356 est

110 371 302 420 Christus,
334 379 374 410 et
398 372 548 423 signata
572 378 632 410 est
654 371 751 410 visio
776 378 817 410 et
839 372 1060 424 prophetia,
1092 380 1133 411 et
1162 372 1315 412 dimissa
1345 381 1431 412 sunt

109 435 293 482 peecata,
330 441 427 481 quae
463 442 535 481 per
570 427 683 468 fidem
719 429 881 467 nominis
908 426 1048 468 Christi
1085 430 1257 468 omnibus
1282 431 1318 468 in
1346 443 1429 470 enm

110 485 357 526 credentibus
381 487 636 525 remittuntur.
676 485 773 534 Quid
798 493 857 524 est
880 493 1020 533 autem,
1048 486 1147 538 quod
1173 486 1267 525 dicit
1286 488 1430 538 signari

108 543 227 582 visum
253 550 294 582 et
316 542 582 595 prophetiam?
612 544 787 595 quoniam
814 556 945 582 omnes
969 544 1182 596 prophetae
1207 545 1432 582 nuntiabant

109 599 158 640 de
183 601 263 646 illo,
289 598 391 652 quod
416 607 519 639 esset
543 607 723 641 venturus
743 607 782 638 et
800 601 879 652 pati
898 601 1071 641 haberet.
1109 600 1232 652 Igitur
1256 602 1431 653 quoniam

108 655 314 711 adimpleta
328 663 388 696 est
399 657 602 709 prophetia
621 670 692 709 per
710 656 910 700 adventum
936 659 1030 704 eius,
1057 665 1263 710 propterea
1287 658 1432 709 signari

106 714 293 753 visionem
313 721 353 753 et
370 714 608 765 prophetiam
630 713 796 760 dicebat,
823 716 998 766 quoniam
1018 715 1099 767 ipse
1120 722 1179 753 est
1196 715 1431 766 signaculum

109 771 273 810 omnium
297 771 589 823 prophetarum,
627 769 837 821 adimplens
874 773 1018 817 omnia,
1056 784 1152 822 quae
1178 778 1284 809 retro
1310 770 1358 808 de
1384 783 1432 808 eo

107 827 321 880 prophetae
358 827 638 864 nuntiaverant.
709 826 803 864 Post
837 825 1039 865 adventum
1077 828 1178 865 enim
1215 827 1356 864 Christi
1393 832 1435 864 et

108 885 326 936 passionem
361 883 480 934 ipsius
515 883 591 920 iam
615 895 692 920 non
717 883 812 919 visio
851 895 975 933 neque
1011 883 1220 934 prophetes
1257 890 1333 928 est,
1371 883 1435 933 qui

109 939 302 979 Christum
332 940 482 978 nuntiet
514 945 726 977 venturum.
798 937 971 990 Denique
1002 939 1076 976 hoc
1108 939 1140 977 si
1171 952 1247 977 non
1277 940 1331 977 ita
1361 945 1432 984 est,

109 994 318 1037 exhibeant
335 995 467 1034 Iudaei
487 995 758 1047 prophetarum
778 1001 866 1046 post
886 994 1075 1033 Christum
1090 995 1216 1047 aliqua
1229 995 1432 1040 volumina,

109 1053 332 1104 angelornm
365 1053 577 1103 aliquorum
607 1051 774 1090 visibilia
810 1052 1012 1098 miracula,
1050 1064 1146 1103 quae
1177 1058 1283 1089 retro
1314 1052 1435 1103 patri-

47 1111 50 1113 ’
108 1109 252 1149 archae
282 1107 461 1147 viderunt
490 1106 609 1160 nsque
635 1107 684 1146 ad
708 1107 908 1147 adventum
937 1107 1098 1155 Christi,
1131 1109 1192 1160 qui
1218 1109 1291 1146 iam
1315 1109 1432 1153 venit,

39 1188 45 1189 ff
110 1179 162 1206 ex
190 1179 264 1218 qno
296 1166 447 1216 signata
478 1171 538 1203 est
566 1165 664 1203 visio
690 1172 730 1203 et
753 1165 975 1216 prophetia,
1012 1164 1051 1203 id
1082 1172 1141 1203 est
1170 1171 1323 1203 statuta.
1385 1164 1435 1201 Et

110 1224 249 1264 merito
274 1223 529 1274 evangelista:
555 1221 620 1260 lex
644 1229 684 1260 et
707 1222 919 1273 prophetae
944 1234 1062 1274 usque
1087 1221 1136 1260 ad
1162 1222 1342 1260 loannem
1367 1220 1434 1259 ba·

110 1281 404 1333 ptizatorem.¹)
464 1278 666 1330 Baptizato
692 1279 791 1317 enim
818 1278 990 1325 Christo,
1022 1278 1061 1317 id
1086 1286 1145 1318 est
1169 1278 1434 1317 sanctificante

109 1350 228 1390 aquas
252 1339 291 1375 in
315 1350 384 1375 suo
408 1335 656 1388 baptismate,
694 1336 815 1373 omnis
846 1334 1042 1387 plenitudo
1073 1336 1297 1387 spiritalium
1327 1341 1434 1372 retro

73 1422 77 1426 -
113 1394 381 1438 charismatum
405 1393 444 1431 in
470 1392 623 1431 Christo
649 1399 860 1438 cesserunt,
887 1393 1063 1443 signante
1080 1393 1266 1431 visionem
1287 1398 1326 1430 et
1345 1403 1436 1442 pro-

112 1451 262 1503 phetias
299 1462 448 1496 omnes,
493 1462 586 1500 quas
622 1447 787 1486 adventu
823 1462 891 1486 suo
928 1447 1159 1500 adimplevit.
1231 1447 1339 1486 Unde
1371 1447 1436 1485 fir-

110 1508 275 1546 missime
313 1506 425 1551 dicit,
463 1504 664 1543 adventum
701 1505 782 1543 eius
818 1505 972 1555 signare
1002 1506 1120 1543 visum
1152 1511 1192 1543 et
1215 1505 1434 1555 prophetas.

111 1564 244 1616 Itaque
270 1561 518 1602 ostendentes
543 1568 583 1600 et
606 1573 801 1599 numerum
827 1574 1010 1599 annorum
1031 1568 1071 1599 et
1087 1568 1234 1612 tempus
1253 1560 1322 1598 LX
1343 1559 1436 1597 dua-

110 1634 193 1662 rum
219 1627 261 1659 et
283 1617 464 1659 dimidiae
489 1616 811 1657 hebdomadarum
838 1617 1139 1668 adimpletarum,
1172 1623 1260 1653 tunc
1285 1617 1434 1653 venisse

111 1677 324 1722 Christum,
361 1673 403 1713 id
438 1682 498 1713 est
533 1681 680 1719 natum3
718 1672 932 1718 videamus,
970 1673 1068 1710 aliae
1093 1671 1166 1709 VII
1191 1678 1231 1709 et
1255 1670 1434 1709 dimidiae

110 1731 390 1777 hebdomades,
428 1743 525 1781 quae
562 1735 649 1767 sunt
684 1728 900 1766 subdivisae
931 1729 968 1765 in
999 1728 1235 1777 abscissione
1266 1728 1434 1778 priorum

110 1786 453 1832 hebdomadarum,
491 1786 528 1823 in
562 1795 635 1836 quo
666 1791 756 1822 actu
786 1784 863 1822 sint
892 1783 1135 1835 adimpletae.
1206 1783 1299 1822 Post
1334 1784 1433 1822 enim

109 1846 336 1897 Augustum,
363 1843 424 1895 qui
450 1841 661 1893 supervixit
683 1847 771 1891 post
794 1841 1031 1879 nativitatem
1057 1841 1217 1886 Christi,
1249 1841 1336 1878 anni
1360 1838 1435 1877 XV

112 1902 345 1947 efficiuntur3
371 1899 433 1938 cui
453 1898 640 1936 successit
651 1897 827 1936 Tiberius
841 1897 997 1944 Caesar,
1024 1904 1064 1936 et
1087 1898 1284 1949 imperium
1303 1896 1435 1935 habuit

111 1960 221 2000 annis
244 1955 375 2003 XXII,
413 1955 605 1993 mensibu's
628 1953 720 2000 Vll,
759 1953 893 1993 diebus
923 1953 1062 2003 XX.²)
1129 1954 1248 1992 Huius
1283 1955 1434 2005 quinto-

113 2015 264 2056 decimo
290 2026 390 2052 anno
414 2012 564 2063 imperii
587 2021 721 2062 passus
740 2018 799 2050 est
813 2011 999 2058 Christus,
1024 2024 1144 2050 annos
1162 2010 1307 2049 babens
1327 2010 1434 2062 quasi

55 2086 59 2091 ⁴
110 2071 235 2119 XXX,
262 2084 346 2109 eum
370 2075 581 2121 pateretur.
640 2067 734 2106 Item
761 2068 874 2106 Caius
899 2068 1063 2114 Caesar,
1094 2068 1157 2120 qui
1181 2074 1222 2106 et
1246 2067 1433 2118 Caligula,

112 2130 223 2169 annis
248 2127 321 2173 111,
358 2125 550 2164 mensibus
574 2123 685 2170 VIII,
723 2123 857 2163 diebus
880 2125 987 2163 XllI.
1046 2125 1222 2164 Tiberius
1253 2123 1432 2162 Claudius

112 2186 221 2226 annis
233 2183 338 2230 XIII,
366 2182 557 2220 mensibus
569 2179 656 2227 Vll,
682 2179 816 2220 diebus
834 2180 974 2231 xx.²)
1022 2179 1130 2220 Nero
1156 2181 1300 2219 Caesar
1324 2180 1432 2217 annis

114 2313 206 2342 trae
228 2309 310 2341 XX.
328 2310 369 2340 et
386 2308 475 2338 vm.
497 2308 706 2347 Augusto,
732 2306 997 2338 efficIuntur
1021 2306 1119 2337 anni
1144 2304 1366 2335 CCCCXXX.
1392 2307 1432 2335 et

112 2358 185 2388 vu.
211 2363 374 2386 menses
398 2355 439 2384 V.
464 2353 507 2383 in
533 2352 598 2382 die
623 2351 885 2382 nativitatin.
909 2352 999 2392 Rig.:
1025 2351 1122 2382 anni
1147 2349 1432 2388 ccccxxxvn‚

112 2410 278 2434 menses
301 2401 358 2430 VI.
383 2398 506 2429 Rhem:
529 2406 696 2428 menne·
714 2398 754 2426 V.
865 2395 902 2437 1)
914 2397 1037 2428 Matth.
1053 2398 1107 2435 11,
1123 2397 1178 2428 13.
1270 2394 1310 2437 2)
1323 2395 1433 2428 Bhen-

114 2448 168 2479 ed.
186 2448 211 2477 1.
230 2447 264 2477 in
284 2444 455 2485 margine:
482 2443 628 2474 diebu·
651 2442 800 2473 xxvnl.
820 2442 902 2473 Cod.
920 2442 1036 2473 Fam:
1060 2441 1182 2472 annin
1203 2440 1281 2474 XX,
1305 2449 1430 2471 mens.

112 2494 186 2525 vu.
211 2490 358 2523 diebus
377 2489 534 2520 xxvm.
627 2487 664 2527 3)
677 2489 790 2518 Verba
806 2487 1005 2518 Tiberius
1028 2504 1075 2511 -—
1099 2486 1247 2517 diebu·
1270 2485 1350 2517 XX.
1369 2485 1429 2515 de·

114 2539 196 2570 nunt
220 2536 310 2577 apud
330 2536 405 2575 Rig.
1057 2574 1143 2617 20*
