1604 2800
173 219 277 258 21⁶
685 217 755 249 DE
787 215 989 249 ΑΝιΜΑ.

174 311 466 367 despoliaverit,
499 307 661 363 perinde
687 310 726 348 in
751 309 928 362 pabulum
955 305 1230 361 proponatur(
1247 309 1336 361 quia
1359 315 1402 349 et
1426 310 1510 362 ipsa

172 372 308 411 bestiis
346 369 538 408 obiecerit
574 380 668 415 eos,
707 381 802 420 quos
833 368 871 406 in
903 368 1008 406 silvis
1040 374 1080 405 et
1111 367 1213 405 arvis
1244 365 1510 407 trucidaverit.

174 429 217 468 Si
242 430 296 468 ita
321 427 573 473 iudicabitur,
606 438 734 464 nonne
767 426 833 464 illa
863 426 989 465 anima
1020 425 1104 477 plus
1129 425 1260 463 solatii
1285 437 1396 477 quam
1420 437 1511 478 sup-

173 487 280 540 plicii
311 486 483 525 relatura
515 491 591 530 est,
631 482 733 536 quod
770 484 881 522 funus
917 484 1019 522 inter
1056 495 1175 522 cocos
1211 483 1513 535 pretiosissimos

172 545 330 591 invenit,
358 542 460 596 quod
487 540 742 581 condimentis
761 539 962 593 Apicianis
988 539 1296 579 etLurconianis
1321 540 1512 588 humatur,

175 601 277 655 quod
308 602 449 641 mensis
482 600 751 639 Ciceronianis
782 599 965 646 infertur,
1005 597 1107 651 quod
1139 598 1312 637 lancibus
1343 596 1514 651 splendi-

175 660 341 699 dissimis
363 658 532 711 Syllanis
557 657 730 704 effertur,
759 656 860 709 quod
886 658 1089 709 exsequias
1115 656 1330 695 convivium
1355 656 1514 709 patitur,

176 716 278 770 quod
297 730 319 756 a
341 715 613 768 coaequalibus
639 714 849 754 devoratur
872 715 1000 767 potius
1027 727 1137 767 quam
1157 726 1180 753 a
1200 714 1322 753 milvis
1341 720 1383 753 et
1400 713 1516 767 lupiS,

174 783 216 814 ut
241 777 278 813 in
304 775 468 812 hominis
495 785 660 825 corpore
687 773 871 811 tumulata
902 779 943 811 et
972 773 1010 811 in
1042 785 1147 811 suum
1181 784 1302 824 genus
1333 783 1516 823 regressa

175 832 437 871 resurrexisse
461 829 651 876 videatur,
678 831 874 868 exsultans
900 829 1085 868 adversus
1110 830 1274 874 humana
1299 828 1456 876 iudicia,
1482 829 1516 868 si

177 903 225 928 ea
250 896 412 941 experta
443 890 525 926 cst?
584 886 760 938 Namque
793 887 860 924 illa
890 888 1070 925 sicarium
1095 888 1213 925 variis
1245 894 1286 926 et
1316 886 1517 938 exquisitis

177 954 218 986 et
242 948 315 985 iam
347 952 504 998 praeter
534 951 707 982 naturam
740 943 901 982 eruditis
932 945 1025 982 feris
1059 943 1264 995 dissipant,
1298 950 1338 982 et
1363 942 1515 995 quidem

176 1005 385 1049 viventem,
418 1003 494 1041 imo
528 1014 600 1040 nec
632 1001 748 1040 facile
780 1002 1027 1048 morientem,
1062 1008 1197 1040 curata
1222 1014 1331 1039 mora
1356 1000 1441 1040 finis
1466 999 1517 1039 ad

176 1060 452 1114 plenitudinem
490 1071 655 1110 poenae.
724 1057 804 1096 Sed
835 1060 908 1097 etsi
944 1060 1070 1097 anima
1106 1058 1347 1110 praefugerit
1382 1057 1516 1097 ultimo

178 1118 322 1170 gladio,
350 1130 396 1156 ne
419 1130 558 1168 corpus
579 1128 729 1168 quoque
750 1117 917 1154 evaserit
935 1117 1092 1162 ferrum,
1119 1115 1364 1154 nihilominus
1383 1115 1517 1167 iugulo

177 1183 342 1228 utroque
370 1175 604 1221 confoss01)
638 1174 833 1225 costisque
860 1174 1053 1212 transfixis
1080 1173 1344 1225 compensatio
1369 1173 1518 1227 proprii

178 1234 364 1273 facinoris
385 1233 566 1283 exigitur.
606 1230 699 1270 Inde
715 1232 752 1269 in
767 1232 893 1282 ignem
915 1230 1039 1278 datur,
1061 1238 1102 1269 ut
1115 1238 1155 1269 et
1167 1231 1363 1283 sepultura
1383 1231 1518 1283 punia-

176 1299 252 1331 tur.
291 1290 419 1329 Aliter
440 1289 604 1341 denique
626 1302 701 1327 nou
723 1290 827 1328 licet.
867 1288 954 1328 Nec
969 1296 1096 1328 tamen
1111 1295 1218 1327 tanta
1233 1295 1293 1327 est
1306 1289 1394 1341 rogi
1409 1301 1515 1335 cura,

178 1357 220 1388 ut
234 1349 416 1400 reliquias
431 1347 532 1386 aliae
547 1347 696 1386 bestiae
711 1347 928 1395 inveniant3
957 1354 1065 1386 certe
1080 1359 1153 1386 nec
1169 1346 1318 1385 ossibus
1331 1347 1517 1399 parcitur,

178 1420 251 1446 nec
274 1405 468 1444 cineribus
489 1403 710 1455 indulgetur
729 1404 902 1443 nuditate
923 1403 1153 1457 plectendis..
1197 1403 1321 1443 Tanta
1339 1411 1399 1443 est
1417 1401 1520 1456 apud

179 1464 354 1501 homines
386 1461 584 1500 homicidii
619 1460 808 1508 vindicta,
849 1469 989 1513 quanta
1025 1464 1127 1515 ipsa,
1168 1474 1265 1514 quae
1301 1459 1521 1501 vindicatur

181 1527 331 1558 natura.
394 1518 485 1565 Quis
511 1531 587 1555 non
613 1519 811 1569 praeferat
836 1520 957 1557 seculi
988 1520 1190 1566 iustitiam,
1224 1532 1335 1572 quam
1361 1525 1402 1559 et
1424 1532 1521 1572 apo-

181 1577 301 1616 stolus
314 1577 352 1624 2>
386 1589 462 1613 non
494 1575 636 1613 frustra
663 1574 794 1626 gladio
820 1583 1004 1614 armatam
1031 1583 1291 1623 contestatur,
1324 1588 1422 1629 quae
1447 1589 1520 1630 pro

182 1635 336 1673 homine
362 1631 571 1671 saeviendo
597 1633 783 1683 religiosa
809 1636 892 1671 est?
941 1631 983 1671 Si
1009 1640 1228 1672 ceterorum
1255 1646 1406 1685 quoque
1431 1646 1520 1672 sce-

173 1693 302 1731 lerum
328 1689 546 1729 mercedem
574 1691 805 1741 cogitemus,
838 1690 1027 1742 patibula,
1058 1690 1354 1738 vivicomburia,
1387 1691 1520 1730 culeos

182 1757 222 1788 et
246 1762 366 1788 uncos
393 1755 432 1786 et
457 1748 652 1799 scopulos,
679 1748 740 1786 cui
767 1761 843 1785 non
869 1747 1052 1799 expediat
1076 1747 1177 1800 apud
1197 1747 1459 1800 Pythagoram
1478 1754 1521 1787 et

181 1805 457 1859 Empedoclem
483 1806 712 1844 sententiam
738 1806 843 1857 pati?
901 1805 1000 1844 Nam
1027 1812 1068 1843 et
1093 1806 1155 1858 qui
1181 1805 1379 1844 laboribus
1405 1812 1519 1858 atque

182 1865 348 1903 servitiis
367 1862 562 1916 puniendi,
589 1864 627 1901 in
647 1864 776 1901 asinos
795 1863 925 1915 utiquc
948 1870 987 1902 et
1007 1864 1130 1902 mulos
1149 1862 1519 1915 recorporabuntur,

183 1929 361 1975 quantum
393 1921 466 1960 sibi
498 1920 546 1959 de
579 1921 750 1973 pistrinis
781 1927 822 1960 et
852 1921 1040 1973 aquilegis
1077 1922 1173 1959 rotis
1210 1918 1520 1972 gratulabuntur,

183 1982 214 2019 si
240 1980 481 2018 metallorum
507 1985 549 2017 et
572 1979 855 2029 ergastulorum
881 1985 922 2017 et
953 1991 1111 2031 operum
1143 1978 1383 2030 publicorum
1415 1978 1521 2030 ipso-

182 2050 341 2089 rumque
368 2049 588 2083 carcerum,
622 2037 714 2075 licet
746 2037 976 2083 otiosorum,
1009 2034 1282 2075 recordentur.
1334 2034 1519 2076 ,Perinde

184 2096 245 2147 qui
284 2096 436 2146 integre
473 2095 613 2132 morati
652 2090 1007 2132 commendaverint
1042 2092 1165 2132 iudicis
1196 2094 1334 2139 vitam,
1373 2105 1519 2144 quaero

183 2153 372 2204 praemia,
410 2150 479 2190 sed
515 2152 643 2203 potius
679 2152 833 2190 invenio
872 2151 1074 2203 supplicia.
1154 2149 1344 2189 Nimirum
1380 2163 1520 2202 magua

183 2222 333 2249 merces
362 2209 474 2248 bonis
505 2210 550 2257 in,
575 2209 754 2247 animalia
791 2222 1040 2261 quaecunque
1070 2208 1237 2247 restitui.
1303 2207 1445 2247 Pavum
1475 2220 1518 2247 se

183 2268 355 2306 meminit
379 2263 569 2305 Homerus
594 2265 718 2304 Ennio
745 2267 978 2322 somniantc3
1010 2264 1080 2305 sed
1104 2266 1230 2318 poe'tis
1247 2278 1329 2306 ‚nec
1353 2265 1519 2318 vigilan-

184 2324 284 2363 tibus
310 2323 478 2363 credam.
538 2323 623 2362 Etsi
647 2324 927 2374 pulcherrimus
956 2336 1075 2376 pavus
1101 2330 1141 2362 et
1166 2336 1239 2376 quo
1264 2322 1358 2364 velit
1383 2322 1518 2362 colore

188 2382 434 2429 cultissimus3
462 2380 530 2419 sed
555 2387 688 2419 tacent
713 2395 876 2433 pennae,
903 2381 972 2421 sed
993 2380 1174 2434 displicet
1185 2394 1274 2420 vox.
1311 2379 1364 2418 Et
1375 2381 1517 2432 poetae

187 2438 279 2476 nihil
305 2437 407 2477 aliud
433 2452 544 2491 quam
570 2444 728 2478 cantare
761 2440 916 2478 malunt.
976 2438 1186 2480 Damnatus
1211 2445 1271 2478 est
1294 2437 1414 2490 igitur
1436 2435 1517 2477 Ho-

281 2573 317 2617 1)
333 2577 388 2608 Sic
404 2578 592 2617 Cod.Urs.;
618 2579 694 2609 Lat.
708 2580 741 2609 et
755 2578 829 2619 Rig.
854 2579 1002 2620 iugulo
1024 2579 1261 2618 ventreque
1285 2575 1515 2609 confossis.
1552 2612 1554 2615 .

189 2619 260 2652 cet.
276 2620 356 2661 iug.
381 2625 564 2664 utroque
590 2626 823 2658 confossis.
920 2626 956 2667 2)
976 2626 1190 2666 Rom.13,.4.
