1604 2800
150 153 250 193 152
366 155 440 186 DE
474 150 988 184 RESURRECTIONE
1023 151 1250 198 calmis.

153 248 332 289 coelestis
369 247 406 284 in
444 244 739 284 conversatione
777 245 1008 292 constituat,
1047 244 1150 284 illam
1185 244 1419 295 eierandam‚
1441 248 1479 297 ί)

151 308 249 346 hanc
274 317 367 343 vero
394 300 630 349 sectandam,
664 300 803 340 dehinc
829 301 1030 353 adiungat:
1063 301 1136 342 hoc
1163 304 1262 342 enim
1289 302 1392 354 dico,
1420 303 1482 354 (id

151 370 210 402 est
233 368 396 414 propter
421 373 480 407 ea,
509 372 605 412 quae
632 372 745 411 supra
772 357 863 407 dixi,
892 360 1113 399 coniunctio
1140 368 1199 400 est
1224 361 1322 400 enim
1349 373 1483 401 sensus

151 420 451 472 supplementum
485 415 803 456 antecedentibus
834 416 1042 469 reddens,)
1080 417 1180 470 quod
1213 431 1305 458 caro
1332 426 1372 458 et
1396 432 1485 458 san-

151 478 235 529 guis
260 489 419 528 regnum
448 474 510 514 dei
535 473 778 513 haereditate
803 474 1005 527 possidere
1031 488 1106 513 non
1134 478 1364 528 possunt221)
1391 476 1485 515 nihil

151 533 254 573 aliud
291 533 455 584 intelligi
493 531 647 570 mandat
685 545 839 571 carnem
870 539 910 571 et
940 533 1182 584 sanguinem,
1222 547 1332 586 quam
1370 546 1486 586 supra

152 592 293 631 dictam
319 592 523 643 imagi-nem
556 589 703 636 choici,
737 602 833 642 quae
860 591 892 628 si
917 590 954 628 in
982 592 1278 630 conversatione
1306 598 1490 630 censetur

150 650 366 696 vetustatis,
394 649 639 687 conversatio
660 654 786 686 autem
806 648 1007 686 vetustatis
1027 660 1103 686 non
1118 650 1222 702 capit
1236 647 1297 688 dei
1312 661 1485 701 regnum,

152 706 316 760 proinde
344 719 439 745 caro
464 713 503 744 et
528 706 682 756 sanguis
708 718 784 743 non
818 705 1007 757 capiendo
1039 704 1102 745 dei
1135 719 1294 759 regnum
1320 705 1369 745 ad
1395 710 1490 745 con-

151 765 411 803 versationem
460 762 688 813 rediguntur
729 764 942 802 vetustatis.
963 764 1001 811 3)
1075 762 1192 803 Plane
1231 760 1489 816 si'nunquam

153 821 350 874 apostolus
366 833 434 872 pro
451 820 632 871 operibus
651 819 899 857 substantiam
920 821 1058 872 posuit,
1087 834 1159 860 nec
1186 821 1248 860 hic
1274 823 1327 860 ita
1347 828 1487 860 utatur.

156 878 198 917 Si
217 891 311 917 vero
332 878 369 915 in
391 889 507 915 carne
535 875 658 914 adhuc
685 877 915 914 constitutos
941 878 1097 928 negavit
1122 890 1207 917 esse
1233 880 1271 917 in
1298 891 1429 926 carne,
1452 878 1491 916 in

157 936 338 989 operibus
361 935 486 973 carnis
507 947 653 985 negans
674 946 772 980 esse,
795 934 954 972 formam
970 935 1051 972 eius
1066 935 1250 975 subruere
1265 949 1341 974 non
1356 934 1490 982 debes,

157 1008 231 1032 non
253 993 515 1038 substantiam,
537 991 603 1030 sed
626 1004 745 1042 opera
766 991 1001 1029 substantiae
1022 992 1262 1031 alienantisa
1276 992 1339 1032 dei
1353 1005 1490 1044 regno.

158 1051 301 1099 Quibus
329 1051 442 1088 etiam
464 1048 511 1087 ad
528 1047 684 1087 Galatas
710 1049 977 1095 manifestatis,
1005 1049 1234 1100 praedicere
1255 1062 1296 1089 se
1318 1056 1359 1089 et
1378 1062 1495 1103 prae-

156 1108 299 1147 dixisse
338 1107 561 1159 profitetur:
601 1104 702 1157 quod
735 1106 799 1157 qui
831 1106 921 1143 talia
954 1113 1089 1157 agant,
1128 1120 1287 1159 regnum
1319 1106 1383 1147 dei
1416 1121 1493 1146 non

156 1167 232 1204 sint
256 1163 499 1203 haereditate
527 1164 786 1209 consecuturi,
801 1162 840 1216 ⁴)
874 1176 949 1200 non
983 1171 1182 1217 portantes
1214 1165 1369 1204 scilicet
1398 1165 1494 1204 ima-

157 1225 283 1275 ginem
311 1222 505 1268 coelestis,
533 1222 632 1260 sicut
658 1221 1072 1273 portaverant-choici,
1099 1221 1266 1275 ideoque
1292 1235 1341 1262 ex
1358 1229 1495 1262 vetere

158 1281 455 1319 conversatione
488 1279 580 1317 nihil
613 1277 715 1317 aliud
742 1277 969 1330 deputandi,
1004 1292 1113 1331 quam
1140 1293 1233 1319 caro
1260 1287 1300 1319 et
1323 1281 1492 1331 sanguis.

158 1338 256 1376 Nam
289 1338 361 1376 etsi
393 1337 519 1375 subito
552 1337 590 1374 in
622 1336 721 1375 hanc
754 1334 1017 1375 definitionem
1055 1338 1246 1389 erupisset
1282 1337 1493 1390 apostolus,

160 1392 427 1433 eliminandam
461 1406 617 1431 carnem
643 1400 683 1430 et
707 1394 930 1444 sanguinem
957 1407 978 1432 a
1005 1393 1068 1433 dei
1098 1408 1241 1447 regno,
1274 1396 1356 1434 sine
1383 1394 1496 1433 ullius

161 1464 275 1503 supra
305 1463 438 1489 sensus
469 1450 797 1501 praestructione,
836 1463 963 1488 nonne
1001 1451 1094 1490 duas
1131 1454 1227 1491 istas
1263 1453 1495 1492 substantias

160 1506 323 1561 proinde
349 1507 541 1545 hominem
566 1512 737 1544 veterem
763 1507 1089 1558 interpretaretur
1121 1512 1228 1548 carni
1254 1517 1295 1549 et
1318 1509 1495 1562 sanguini

163 1564 350 1610 deditum,
391 1562 430 1601 id
468 1563 640 1602 estvesui
672 1569 711 1600 et
740 1564 872 1614 potui,
912 1564 1018 1602 cuius
1056 1566 1105 1602 sit
1142 1565 1274 1605 dicere
1311 1566 1496 1605 adversus

163 1620 275 1661 fidem
314 1620 630 1659 resurrectionis:
669 1619 939 1659 manducemus
971 1626 1011 1659 et
1040 1621 1231 1670 bibamus,
1272 1636 1358 1661 cras
1395 1623 1496 1661 enim

162 1679 443 1728 moriemur?⁵)
482 1677 534 1715 Et
557 1677 632 1716 hoc
658 1678 758 1715 enim
789 1677 994 1716 infulciens
1026 1680 1242 1730 apostolus,
1275 1692 1430 1718 carnem
1457 1686 1498 1719 et

162 1737 385 1788 sanguinem
424 1734 472 1774 de
516 1733 703 1773 fructibus
746 1735 915 1786 ipsorum
957 1735 1213 1775 manducandi
1257 1743 1297 1776 et
1339 1735 1497 1776 bibendi

163 1794 396 1846 suggillavit.

279 1855 346 1893 50.
387 1849 465 1889 Sed
486 1857 526 1888 et
546 1850 694 1888 omissis
715 1849 928 1888 huiusmodi
944 1851 1341 1904 interpretationibus,
1368 1853 1498 1891 carnis

164 1917 205 1947 et
229 1909 423 1960 sanguinis
450 1920 570 1960 opera
595 1907 826 1955 taxantibus,
859 1908 961 1959 ipsas
987 1922 1137 1961 quoque
1163 1910 1394 1949 substantias
1420 1922 1497 1948 non

166 1967 292 2012 aliter,
320 1979 429 2017 quam
456 1972 554 2012 sunt,
581 1965 801 2004 intellectas
827 1965 961 2004 licebit
985 1968 1265 2006 resurrectioni
1282 1966 1496 2006 vindicare.

165 2021 254 2061 Non
293 2024 391 2060 enim
429 2023 664 2061 resurrectio
703 2023 810 2061 carni
848 2030 889 2061 et
918 2025 1094 2075 sanguini
1131 2022 1282 2063 directo
1321 2030 1496 2075 negatur,

167 2078 236 2118 sed
262 2078 324 2117 dei
351 2092 527 2130 regnum,
561 2079 662 2131 quod
688 2080 845 2119 obvenit
869 2082 1165 2129 resurrectioni,
1198 2082 1282 2131 (est
1306 2088 1431 2120 autem
1458 2087 1499 2119 et

167 2138 204 2175 in
230 2136 411 2175 iudicium
443 2138 721 2185 resurrectio,)
754 2138 830 2176 imo
863 2145 904 2177 et
930 2139 1178 2178 confirmatur
1209 2139 1337 2178 carnis
1368 2151 1499 2178 resur-

168 2194 293 2233 rectio
331 2193 542 2246 generaliS,
582 2207 665 2233 cum
702 2196 882 2247 specialis
919 2197 1121 2248 excipitur.
1193 2195 1291 2235 Dum
1328 2197 1428 2242 enim
1459 2196 1499 2234 in

169 2264 278 2303 quem
305 2258 442 2290 statum
469 2264 544 2288 non
569 2260 759 2303 resurgat,
787 2251 964 2299 edicitur,
992 2255 1030 2291 in
1057 2266 1166 2305 quem
1192 2260 1384 2306 resurgat,
1409 2252 1499 2292 sub-

169 2308 335 2347 auditur.
403 2307 532 2359 Atque
564 2309 618 2346 ita
650 2308 736 2348 dum
766 2323 837 2363 pro
869 2311 1015 2349 meritis
1053 2310 1338 2351 distinctionem
1369 2323 1499 2350 resur·

170 2367 354 2405 rectionis
387 2379 481 2419 opus
512 2365 747 2422 substantiae
772 2381 848 2407 non
874 2381 995 2420 genus
1025 2370 1186 2421 patitur,
1218 2375 1379 2422 apparet
1409 2368 1497 2407 bine

265 2512 301 2551 1)
327 2513 433 2546 Rhen.
459 2516 696 2555 gerendam.
790 2515 829 2560 2)
856 2520 962 2550 1Cor.
985 2520 1037 2558 15,
1059 2521 1112 2551 50.
1215 2518 1251 2558 3)
1276 2516 1383 2548 Rhen·
1403 2514 1454 2545 ed·
1475 2515 1499 2545 Ι·

174 2556 384 2588 veritatis.
478 2560 516 2600 4)
544 2562 617 2592 Gal.
633 2564 664 2601 5,
681 2563 734 2592 21.
832 2565 866 2606 5)
895 2566 1142 2606 1001·.15,32.
