1604 2800
151 146 256 183 2⁰2
669 146 742 177 DE
774 145 974 178 ΑΝιΜΑ.

149 237 407 285 admittendo,
441 238 582 277 nullum
615 237 766 277 modum
798 240 981 291 temporis
1013 238 1172 290 patitur3
1212 239 1273 277 cui
1299 242 1483 294 temporis

148 296 280 335 modus
306 296 429 335 nullus
456 303 527 343 est,
554 309 627 335 nec
653 297 730 335 ulla
756 296 1016 336 demutatione
1043 297 1206 349 tempori
1232 296 1376 346 subest,
1410 312 1482 339 ucc

148 354 282 394 cadem
322 355 361 392 in
398 353 640 394 multitudine
679 356 864 407 temporis
902 355 958 393 vis
983 355 1122 404 *est-¹)
1197 352 1239 393 Si
1273 362 1421 408 tempus
1444 357 1484 396 in

148 425 284 452 caussa
310 419 370 451 est
395 412 614 460 oblivionis,
648 426 735 460 cur,
768 426 817 452 ex
842 427 916 466 quo
942 413 1067 451 anima
1093 413 1250 465 corpori
1276 412 1482 463 inducitur,

148 471 333 510 memoria
364 469 577 517 delabitur,
617 472 724 523 quasi
762 470 903 510 exinde
942 478 1090 523 tempus
1120 471 1246 509 anima
1282 472 1483 520 sustineat,

147 542 243 581 quae
277 529 359 567 sine
394 527 509 566 dubio
541 529 651 581 prior
681 542 867 582 corpore,
907 543 983 568 non
1016 529 1088 568 fuit
1117 529 1249 581 utique
1280 530 1362 569 sine
1389 536 1485 569 tem-

146 589 267 639 pore?
327 586 507 638 I-ngressa
531 600 626 625 vero
653 601 806 639 corpus,
840 588 1018 626 statimne
1045 586 1302 635 obliviscitur,
1333 599 1383 626 an
1401 587 1485 627 *ali-

147 652 288 696 quanto
315 647 429 696 post?
466 643 509 683 Si
535 645 676 692 statim,
704 652 745 684 ct
770 658 867 698 quae
893 647 969 684 erit
993 645 1179 697 temporis
1205 643 1370 684 nondum
1396 657 1486 698 sup-

146 701 304 754 putandi
330 702 556 741 multitudo?
581 704 741 742 infantia
766 704 932 742 scilicet.
972 701 1013 741 Si
1039 703 1234 755 aliquanto
1261 709 1360 755 post,
1388 715 1484 755 ergo

146 760 212 797 illo
241 761 277 797 in
310 761 434 810 spatio
466 767 555 799 ante
595 768 768 812 tempora
806 761 1010 800 oblivionis
1047 773 1195 799 memor
1231 759 1356 801 adhuc
1395 768 1488 814 aget

147 818 298 855 anima?
328 817 377 854 Et
399 817 509 868 quale
531 825 601 864 est,
628 825 670 855 ut
691 825 828 869 postea
848 819 1112 868 obliviscatur,
1140 825 1180 857 et
1200 830 1330 857 rursus
1351 826 1487 871 postea

147 873 404 913 recordetur?
458 874 619 926 Quoquo
651 882 778 913 autem
811 882 984 927 tempore
1016 876 1118 912 illam
1146 875 1288 913 oblivio
1314 876 1484 924 irruerit,

149 939 310 984 quantus
336 932 398 970 hic
426 933 541 970 etiam
568 932 772 971 habebitur
798 931 931 972 modus
957 933 1167 984 temporis?
1204 939 1297 979 tota,
1331 934 1484 986 opinor,

146 991 249 1029 vitae
277 988 456 1028 decursio
483 990 575 1028 satis
602 1003 677 1027 non
703 991 779 1028 erit
804 989 852 1028 ad
876 989 1124 1028 evertendam
1145 989 1368 1028 memoriam
1389 991 1487 1030 tanti

148 1054 237 1086 ante
265 1059 406 1099 corpus
431 1048 529 1085 aevi.
594 1045 672 1085 Sed
698 1060 829 1086 rursus
856 1046 965 1085 Plato
979 1044 1018 1096 2)
1052 1059 1225 1085 caussam
1252 1045 1423 1086 demutat
1447 1048 1486 1087 iu

149 1118 302 1156 corpus,
331 1105 438 1156 quasi
464 1112 504 1143 et
530 1105 602 1142 hoc
631 1104 704 1143 fide
732 1104 900 1156 dignum,
927 1111 969 1143 ut
988 1111 1078 1143 nata
1097 1104 1486 1146 substantiainnatae

148 1163 220 1200 vim
231 1162 463 1213 exstinguat.
489 1162 656 1213 Magnae
671 1170 797 1201 autem
813 1169 852 1201 et
867 1163 1007 1202 multae
1019 1161 1263 1209 differentiae
1279 1176 1485 1215 corporum

147 1233 218 1272 pro
241 1220 472 1271 gentilitate,
500 1234 569 1272 pro
592 1220 868 1273 magnitudine,
895 1234 966 1273 pro
988 1219 1224 1268 habitudine,
1251 1234 1321 1272 pro
1342 1228 1484 1269 aetate,

147 1291 217 1329 pro
242 1276 480 1316 valetudine.
520 1277 620 1317 Num
646 1291 743 1330 ergo
770 1286 810 1318 et
834 1279 1067 1317 oblivionum
1099 1277 1342 1318 differentiae
1369 1280 1488 1318 aesti-

149 1335 376 1374 mabuntur?
439 1334 518 1374 Sed
552 1337 751 1375 uniformis
784 1336 928 1375 oblivio
960 1344 1038 1384 est3
1071 1350 1169 1388 crgo
1195 1350 1270 1375 non
1297 1337 1373 1375 erit
1398 1350 1486 1376 cor·

147 1393 334 1443 poralitas
360 1392 602 1431 multiformis
623 1394 660 1431 in
683 1407 818 1432 caussa
844 1396 971 1434 exitus
996 1395 1210 1433 uniformis.
1246 1394 1368 1434 Multa
1394 1395 1485 1434 item

149 1448 392 1495 documenta,
420 1456 520 1487 teste
546 1451 629 1500 ipso
656 1450 885 1500 Platone,³)
919 1451 1194 1492 divinationem
1220 1453 1370 1492 animae
1397 1465 1486 1506 pro-

147 1505 347 1551 baverunt,
376 1518 472 1557 quae
498 1508 764 1558 proposuimus
789 1509 863 1546 iam
891 1508 1140 1559 Hermogeni.
1179 1509 1258 1549 Sed
1285 1523 1356 1549 nec
1383 1511 1486 1563 quis-

149 1576 259 1616 quam
297 1563 489 1601 hominum
521 1577 596 1602 non
628 1571 668 1603 et
698 1565 780 1617 ipse
812 1564 1018 1617 aliquando
1057 1578 1284 1618 praesagam
1321 1569 1484 1606 animam

147 1634 252 1660 suam
290 1623 425 1668 sentit,
465 1628 531 1661 aut
567 1622 703 1660 ominis
735 1630 800 1661 aut
831 1623 993 1674 periculi
1024 1630 1091 1661 aut
1121 1622 1252 1675 gaudii
1283 1636 1482 1676 augurem.

148 1676 191 1716 Si
217 1677 443 1717 divinationi
475 1692 552 1716 non
584 1679 774 1731 obstrepit
805 1693 965 1732 corpus,
999 1692 1072 1719 nec
1104 1681 1312 1720 memoriae
1345 1682 1484 1733 opinor

147 1735 301 1774 officiet.
371 1735 414 1774 ln
446 1735 583 1775 eodem
615 1744 723 1776 certe
756 1750 923 1790 corpore
955 1745 996 1776 et
1026 1737 1305 1777 obliviscuntur
1333 1740 1490 1779 animae-

146 1800 186 1832 et
210 1792 479 1832 recordantur.
548 1793 591 1833 Si
624 1808 698 1847 qua
730 1796 908 1848 corporis
939 1795 1039 1835 ratio
1072 1796 1210 1835 incutit
1235 1795 1482 1845 oblivionem,

146 1850 337 1904 quomodo
372 1853 605 1891 contrariam
632 1853 714 1892 eius
745 1852 922 1893 admittet
953 1852 1293 1894 recordationem?
1324 1854 1411 1907 quia
1442 1862 1484 1894 et

146 1910 228 1961 ipsa
248 1917 336 1961 post
356 1910 588 1949 oblivionem
610 1910 834 1950 recordatio
862 1913 1046 1950 memoria
1066 1911 1239 1951 recidiva
1259 1919 1330 1951 est.
1371 1911 1482 1961 Quod

145 1968 289 2018 primae
305 1968 513 2007 memoriae
529 1968 769 2016 adversatur,
798 1983 867 2008 cur
885 1983 962 2008 non
977 1976 1017 2008 et
1028 1968 1223 2008 secundae
1237 1970 1484 2022 refragetur?

144 2023 365 2072 Postremo,
399 2026 462 2077 qui
486 2028 607 2078 magis
632 2027 991 2075 reminiscerentur,
1025 2034 1144 2080 quam·
1160 2027 1322 2079 pueruli,
1350 2033 1392 2065 ut
1417 2039 1480 2067 rc·

146 2083 340 2121 centiores
360 2084 523 2130 animae,
549 2091 591 2123 ut
610 2083 776 2123 nondum
797 2086 997 2124 immersae
1018 2084 1240 2124 domesticis
1254 2084 1480 2136 ac-publicis

145 2141 258 2187 curis,
286 2148 327 2178 ut
352 2141 444 2192 ipsis
470 2142 562 2180 solis
588 2141 743 2182 deditae
769 2142 916 2191 studiis,
945 2156 1103 2195 quorum
1129 2140 1345 2182 discentiae
1363 2143 1479 2182 remi-

143 2197 355 2236 niscentiae
384 2198 499 2237 liunt?
531 2199 609 2238 Imo
637 2214 706 2239 cur
731 2214 805 2239 non
832 2214 881 2240 ex
905 2214 1029 2253 acquo
1057 2213 1188 2240 omncs
1214 2198 1476 2248 recordamur,

145 2267 227 2293 cum
254 2268 303 2294 ex
328 2269 451 2308 aequo
479 2270 611 2308 omnes
637 2258 931 2298 obliviscamur?
990 2257 1068 2298 Sed
1102 2257 1361 2298 tantummodo
1393 2258 1478 2311 phi-

239 2417 275 2455 1)
301 2418 352 2448 lta
371 2419 503 2450 emend.
522 2419 636 2450 locum
659 2421 754 2459 Lab,
780 2421 854 2452 Gel.
874 2425 908 2451 et
927 2421 979 2452 ed.
994 2421 1095 2453 Fran.
1114 2430 1189 2452 nec
1216 2420 1305 2452 ulla
1328 2418 1474 2450 demu-

146 2462 312 2492 tatione
331 2465 537 2504 temporis
560 2467 649 2507 (mg.
670 2465 876 2509 tempori)
899 2469 1061 2507 subest,
1089 2477 1166 2498 nec
1188 2467 1331 2498 eadem
1351 2465 1473 2496 mult.

146 2506 352 2544 temporis
374 2507 516 2551 (Rigalt.
536 2522 610 2543 nec
633 2522 679 2543 ea.
699 2513 746 2542 de
766 2514 879 2543 mult.
895 2511 1100 2555 tempori)
1126 2514 1188 2543 vis
1210 2514 1284 2543 est.
1335 2509 1473 2554 2)P1at.

146 2551 270 2583 Phaed.
286 2563 316 2591 ι).
331 2556 385 2586 65.
480 2557 872 2597 3)1‘1at.1‘haed1·.c.20
886 2569 958 2598 sqq.
972 2569 1003 2599 p.
1018 2561 1084 2589 242
1094 2568 1164 2598 sqq.
1186 2558 1272 2590 Tim.
1285 2567 1316 2597 p.
1331 2558 1373 2587 ‘u
1389 2566 1427 2596 sq
