1604 2800
614 220 688 252 DE
724 222 925 254 ΛΝιΜΑ.
1022 247 1030 254 .
1343 221 1434 264 121

105 313 251 354 tatibus
263 314 301 364 ¹)
325 314 442 353 etiam
464 312 569 353 inter
591 314 731 353 similia
756 313 931 362 diversis,
958 314 1051 354 nihil
1076 313 1229 356 divinae
1254 317 1439 360 lleentiae

104 378 248 419 servat,
274 371 384 424 leges
409 378 570 411 naturae
597 372 799 424 opiniones
823 385 911 411 suas
935 373 1051 421 facit3
1082 373 1239 420 ferrem,
1272 376 1303 414 si
1330 383 1440 416 natu-

104 429 233 468 ralis'
221 442 318 482 ipsa,
350 437 393 468 ut
417 442 575 482 compos
600 437 760 469 naturae
786 429 835 469 de
861 429 1097 470 conditionis
1122 434 1320 472 consortio
1346 448 1440 487 pro-

102 486 275 527 baretur.
341 486 438 526 Visa
467 494 528 527 est
558 485 710 540 quidem
741 487 814 527 sibi
845 495 886 527 et
915 501 965 527 ex
995 491 1134 537 sacris,
1173 503 1267 542 quas
1291 499 1438 544 putant,

103 545 228 584 literis
252 544 445 592 hausisse,
484 546 573 598 quia
603 545 810 598 plerosque
835 554 1018 585 auctores
1042 548 1158 586 etiam
1183 547 1280 587 deos
1305 551 1440 589 existi-

102 602 221 641 mavit
254 603 482 656 antiquitas,
520 602 659 642 nedum
692 602 819 651 divos,
858 611 901 643 ut
928 603 1162 644 Mercurium
1187 604 1438 659 Aegyptium,

103 661 166 699 cui
195 661 406 713 praecipue
432 660 543 699 Plato
574 660 772 709 adsuevit,
808 669 849 700 ut
879 661 1051 701 Silenum
1082 662 1296 715 Phrygem,
1330 667 1392 703 cui
1417 678 1441 703 a

102 718 322 769 pastoribus
352 717 543 770 perducto
574 719 753 769 ingentes
783 731 898 758 aures
922 732 1011 757 suas
1034 719 1160 758 Midas
1184 720 1366 768 tradidit,
1399 729 1442 760 ut

103 774 437 825 Hermotimum,²)
463 776 525 813 cui
546 774 782 814 Clazomenii
801 783 952 814 mortuo
973 777 1151 827 templum
1178 778 1438 825 contulerunt,

102 838 143 870 ut
157 831 364 885 Orpheum,
388 831 655 878 utMusaeum,
680 839 723 870 ut
746 831 1014 884 Pherecydem
1042 833 1288 885 Pythagorae
1315 837 1438 887 mag-i-

100 895 233 928 strum.
295 888 395 937 Quid
420 896 562 936 autem,
593 890 626 927 si
652 889 871 942 philosophi
897 891 1012 928 etiam
1038 891 1104 929 illa
1129 891 1436 939 incursaverunt,

101 958 200 999 quae
225 958 347 999 penes
370 960 441 986 nos
466 947 778 999 apocryphorum
804 947 1051 986 confessione
1077 947 1317 995 damnantur,
1353 963 1440 989 cer-

99 1011 164 1043 tos
181 1004 277 1043 nihil
294 1004 574 1057 recipiendum,
601 1003 702 1056 quod
728 1017 804 1042 non
831 1006 1030 1056 conspiret
1054 1018 1263 1056 germanae
1289 1013 1329 1045 ct
1354 1008 1439 1059 ipso

100 1062 178 1100 ian
199 1075 299 1102 aevo
324 1069 513 1114 pronatae
541 1062 792 1114 propheticae
817 1069 1043 1114 paraturae,
1076 1062 1228 1114 quando
1254 1070 1295 1102 et
1325 1077 1439 1115 pseu-

101 1117 430 1171 deprophetarum
474 1119 757 1158 meminerimus
793 1125 836 1157 et
871 1119 990 1158 multo
1028 1120 1133 1171 prius
1176 1127 1439 1171 apostatarum

100 1176 314 1228 spirituum,
335 1178 400 1228 qui
413 1175 627 1214 huiusmodi
641 1188 792 1228 quoque
805 1176 1046 1227 ingeniorum
1061 1175 1274 1215 calliditate
1288 1190 1439 1216 omnem

100 1234 242 1273 faciem
266 1233 390 1272 seculi
413 1235 691 1272 instruxerint?
721 1233 921 1272 Postremo
946 1234 979 1272 si
1003 1235 1117 1273 etiam
1145 1233 1194 1272 ad
1218 1235 1323 1286 ipsos
1347 1248 1440 1287 pro-

103 1290 238 1343 phetas
261 1290 389 1330 adisse
415 1290 603 1330 credibile
629 1298 689 1330 est
713 1290 979 1342 indagatorem
1011 1303 1199 1343 quemque
1224 1293 1439 1343 sapientiae

101 1361 155 1387 ex
165 1351 325 1401 negotio
343 1349 592 1395 curiositatis,
618 1355 746 1387 tamen
772 1349 856 1400 plus
881 1348 1116 1387 diversitatis
1140 1350 1315 1387 invenias
1335 1350 1440 1388 inter

100 1406 352 1459 philosophos
371 1419 482 1458 quam
507 1406 720 1452 societatis,
746 1418 833 1444 cum
857 1412 899 1444 et
922 1407 961 1443 in
985 1406 1069 1456 ipsa
1093 1407 1284 1444 societate
1310 1405 1439 1445 diver-

100 1464 194 1503 sitas
218 1476 352 1503 eorum
377 1462 708 1515 deprehendatur3
741 1461 927 1514 siquidem
957 1475 1053 1501 vera
1077 1475 1252 1515 quaeque
1278 1470 1319 1502 et
1343 1476 1439 1502 con-

98 1522 279 1560 sonantia
313 1521 516 1573 prophetis
551 1527 618 1558 aut
653 1518 807 1559 aliunde
845 1519 1118 1559 commendant
1152 1527 1220 1559 aut
1255 1521 1439 1559 aliorsum

97 1577 312 1627 subornant
341 1591 428 1617 oum
457 1579 622 1617 maxima
651 1578 792 1616 iniuria
813 1578 1009 1624 veritatis,
1042 1590 1153 1629 quam
1179 1577 1350 1616 efficiunt
1372 1585 1440 1616 aut

97 1634 410 1676 adiuvat-[falsis
433 1643 500 1674 aut
523 1636 775 1687 patrocinari.
842 1634 926 1673 Hoc
950 1636 1081 1685 itaque
1107 1635 1344 1673 commiserit
1367 1649 1438 1673 nos

98 1699 141 1732 et
169 1693 421 1745 philosophos
451 1693 490 1730 in
522 1693 596 1730 ista
626 1692 855 1743 praesertim
886 1692 1066 1736 materia,
1105 1690 1208 1742 quod
1244 1690 1436 1730 interdum

98 1761 321 1789 communes
362 1750 575 1788 sententias
615 1749 783 1799 propriis
823 1747 1221 1798 argumentationibus
1256 1749 1435 1794 vestiant,

99 1806 307 1846 contran'is
331 1805 473 1844 alicubi
499 1805 659 1856 regulae
684 1811 860 1850 nostrae,
891 1803 1083 1842 interdum
1107 1804 1321 1843 sententias
1345 1818 1437 1856 pro-

99 1865 204 1918 prias
228 1862 492 1903 communibus
515 1861 912 1912 argumentationibus
936 1862 1124 1908 muniant,
1165 1863 1437 1901 consentaneis

98 1920 243 1961 alicubi
267 1921 428 1972 regulae
452 1920 624 1965 illorum,
657 1925 701 1957 ut
728 1931 852 1971 prope
875 1918 1035 1958 exclusa
1059 1920 1111 1957 sit
1133 1919 1277 1958 veritas
1301 1932 1325 1958 a
1349 1919 1436 1971 phi-

98 1978 278 2031 losophia
297 1991 379 2031 per
402 1977 592 2016 veneficia
616 1977 656 2014 in
679 1975 783 2014 illam
812 1989 902 2023 sua,
933 1983 976 2015 et
1002 1975 1094 2015 ideo
1124 1982 1290 2028 utroque
1321 1977 1434 2017 titulo

97 2036 299 2076 societatis
334 2034 560 2074 adversario
596 2034 772 2072 veritatis
807 2046 991 2086 urgemur
1019 2041 1062 2073 et
1092 2047 1315 2073 communes
1345 2047 1435 2073 sen-

99 2093 303 2132 tentiasah
321 2090 728 2145 argumentationibus.
739 2091 1054 2144 philosophorum
1078 2091 1248 2131 liberare
1268 2098 1310 2130 et
1329 2105 1436 2130 com-

98 2162 235 2189 munes
263 2151 619 2202 argumentationes
643 2162 668 2187 a
690 2150 893 2188 sententiis
917 2162 1050 2189 eorum
1081 2161 1287 2201 separare,
1320 2161 1435 2187 revo-

99 2206 226 2247 cando
258 2209 503 2259 quaestiones
528 2206 578 2246 ad
603 2205 666 2244 dei
696 2206 847 2253 literas,
879 2208 1055 2259 exceptis
1085 2207 1199 2259 plane
1225 2218 1324 2258 quae
1349 2205 1433 2243 sine

99 2266 238 2318 laqueo
274 2265 436 2304 alicuius
472 2262 701 2317 praeiudicii
732 2263 782 2302 ad
812 2265 975 2316 simplex
1004 2264 1263 2304 testimonium
1299 2261 1436 2300 licebit

99 2321 320 2370 adsumere,
352 2324 443 2374 quia
466 2330 507 2362 et
530 2335 580 2361 ex
603 2320 765 2360 aemulis
787 2333 1054 2374 nonnunquam
1080 2319 1339 2359 testimonium
1363 2330 1434 2357 nc·

100 2381 328 2426 cessarium,
360 2381 392 2418 si
422 2394 499 2420 non
530 2378 691 2419 aemulis
718 2380 855 2431 prosit.
915 2378 1002 2418 Nec
1026 2379 1185 2430 ignoro,
1217 2382 1359 2428 quanta
1381 2375 1434 2414 sit

99 2438 197 2477 silva
226 2438 412 2478 materiae
451 2439 561 2478 istius
597 2434 699 2489 apud
735 2436 985 2489 philosophos
1015 2449 1086 2488 pro
1118 2446 1276 2473 numero
1315 2433 1431 2472 etiam

207 2577 246 2615 1)
277 2579 328 2608 lta
365 2576 498 2607 emend.
523 2576 601 2608 Lat.
626 2578 661 2606 et
685 2575 777 2615 Rig.;
814 2574 936 2606 ceteri:
981 2573 1156 2614 propria
1198 2571 1427 2604 aetatibus.

102 2622 241 2662 2)Gel.:
268 2623 551 2663 Hermippum.
