1604 2800
138 183 207 221 58
466 175 1136 211 ADV.VA1.ENT1N1ANOS.

142 278 199 317 dis
237 289 306 329 pro
346 275 432 313 sace
470 280 510 312 et
546 274 721 311 flammeo
760 278 849 309 tunc
895 268 1015 309 credo
1059 269 1124 308 ille
1168 269 1268 321 ignis
1311 281 1476 309 arcanus

143 340 329 386 erumpet,
357 340 397 371 et
420 332 635 370 universam
662 329 912 368 substantiam
938 327 1194 381 depopulatus
1219 327 1302 379 ipse
1324 323 1475 380 quoque

144 392 378 432 decineratis
404 389 576 429 omnibus
603 390 639 427 in
666 388 822 426 nihilum
849 387 1015 434 linietur,
1042 393 1082 425 et
1106 386 1209 424 nulla
1234 385 1308 423 iam
1334 384 1477 424 fabula.

146 449 222 490 Sed
250 462 321 488 nae
349 462 424 499 ego
452 447 693 493 temerarius,
721 446 783 498 qui
810 452 954 484 tantum
981 450 1263 483 sacramentum
1290 443 1405 482 etiam
1432 443 1479 482 il-

146 506 311 547 ludendo
350 505 600 559 prodiderim.
662 502 884 543 Verendum
923 502 1013 541 mihi
1051 509 1128 550 est,
1168 514 1215 540 ne
1246 499 1480 547 Achamoth,

146 579 242 619 quae
275 578 316 603 se
350 578 421 603 nec
455 564 533 602 filio
565 563 733 614 agnitam
765 562 905 608 voluit,
943 561 1127 606 insaniat,
1166 572 1214 598 ne
1238 559 1423 598 Theletus
1443 559 1480 607 ¹)

147 627 347 669 irascatur,
377 634 423 660 nc
451 622 617 660 Fortuna
645 620 866 658 acerbetur.
928 618 978 656 Et
1003 625 1130 656 tamen
1157 618 1271 656 homo
1298 630 1376 656 sum
1402 615 1483 671 De-

150 682 306 732 miurgi,
345 681 436 718 illuc
470 679 594 717 habeo
627 677 852 724 devertere,
890 677 954 715 ubi
987 683 1075 728 post
1100 689 1300 715 excessum
1329 675 1483 714 omnino

150 753 225 777 non
252 738 418 783 nubitur,
445 737 509 774 ubi
536 735 757 788 superindui
784 736 923 787 potiuS,
952 747 1062 786 quam
1089 733 1312 786 despoliari,
1341 733 1405 772 ubi
1427 739 1486 771 et-

151 798 181 835 si
209 795 408 847 despolior
432 795 540 832 sexui
566 806 672 840 meo„
700 792 866 844 deputor
896 792 1065 843 angelis,
1100 805 1175 829 non
1201 792 1382 842 angelus,
1410 803 1485 828 non

152 854 303 905 angela.
365 851 490 890 Nemo
517 851 607 889 mihi
634 851 834 902 quicquam
861 850 992 895 faciet,
1019 862 1129 901 quem
1157 856 1196 886 et
1223 856 1311 887 tunc
1338 860 1488 886 mascu-

154 913 226 950 lum
254 911 462 949 invenient.

271 971 339 1010 33.
391 966 606 1005 Producam
633 965 798 1017 denique
830 965 934 1003 velut
959 961 1242 1017 ἐπικιθάρισμα
1267 970 1355 1016 post
1379 962 1490 1001 fabu-

156 1029 226 1065 lam
262 1033 402 1064 tantam
442 1025 555 1063 etiam
594 1024 677 1070 illa,
718 1035 833 1075 quae,
876 1035 922 1061 ne
962 1021 1087 1060 ordini
1121 1022 1412 1073 obstreperent,
1451 1027 1492 1059 et

156 1084 315 1123 lectoris
341 1083 593 1121 intentionem
626 1081 899 1119 interiectione
927 1078 1215 1132 dispargerent,
1250 1079 1350 1117 hunc
1377 1078 1492 1117 malui

157 1145 192 1180 in
221 1142 347 1179 locum
373 1139 566 1178 distulisse
594 1139 708 1177 aliter
732 1146 846 1189 atque
874 1138 989 1176 aliter
1009 1136 1277 1176 commendata
1298 1136 1345 1175 ab
1361 1149 1493 1175 emen-

158 1199 355 1238 datoribus
394 1197 619 1236 Ptolemaei.
693 1195 935 1235 Exstiterunt
977 1196 1076 1234 enim
1116 1194 1164 1233 de
1202 1195 1336 1233 schola
1374 1194 1493 1246 ipsius

160 1257 335 1308 discipuli
375 1269 490 1307 super
528 1255 768 1306 magistrum,
813 1255 874 1306 qui
914 1253 1056 1305 duplex
1093 1253 1312 1304 coniugium
1349 1251 1492 1305 Bythio

161 1328 227 1353 suo
267 1313 512 1364 affingerent,
553 1311 838 1363 Cogitationem
877 1318 916 1349 et
947 1311 1209 1350 Voluntatem.
1274 1309 1356 1349 Una
1394 1310 1494 1349 enim

162 1372 253 1410 satis
280 1385 354 1408 non
381 1378 465 1409 erat
491 1370 700 1420 Cogitatio,
729 1383 801 1421 qua
827 1369 918 1407 nihil
946 1368 1163 1420 producere
1190 1369 1391 1421 potuisset.
1435 1367 1496 1406 Ex

164 1428 310 1466 duabus
342 1428 523 1466 facillime
556 1427 744 1478 prolatum
778 1427 935 1478 primum
970 1427 1207 1477 coniugium,
1246 1426 1496 1478 Monogeuen

166 1484 445 1530 etVeritatem‚
473 1483 519 1521 ad
548 1485 749 1533 imaginem
779 1482 927 1534 quidem
945 1483 1204 1534 Cogitationis
1225 1484 1403 1523 feminam
1417 1482 1498 1523 Ve-

166 1544 337 1588 ritatem,
377 1541 424 1579 ad
457 1541 660 1592 imaginem
687 1541 894 1578 voluntatis
921 1553 1063 1579 marem
1090 1540 1354 1592 Monogenen.
1416 1541 1498 1579 Vo-

167 1601 323 1638 luntatis
356 1600 454 1637 enim
487 1599 562 1645 vis,
600 1599 654 1636 uti
689 1611 785 1650 quae
824 1598 1002 1636 effectum
1041 1605 1214 1650 praestat
1246 1598 1497 1649 Cogitationi,

168 1659 282 1696 maris
309 1657 458 1695 obtinet
484 1669 651 1694 censum.

285 1719 352 1756 34.
399 1713 624 1752 Pudiciores
650 1713 716 1751 alii
741 1713 927 1751 honorem
962 1712 1171 1751 divinitatis
1202 1712 1421 1760 recordati,
1459 1721 1502 1751 ut

170 1773 284 1811 etiam
312 1772 421 1809 unius
448 1771 618 1822 coniugii
651 1770 821 1809 dedecus
852 1771 899 1808 ab
933 1783 980 1809 eo
1013 1771 1246 1818 avellerent,
1285 1771 1503 1810 maluerunt

170 1830 308 1868 nullum
326 1828 467 1881 Bythio
488 1842 618 1867 sexum
646 1827 845 1880 deputare,
872 1835 912 1866 et
938 1829 1123 1867 fortasse:
1150 1829 1225 1867 hoc
1252 1828 1378 1877 deum,
1404 1842 1500 1868 nont

172 1888 232 1925 hic
260 1886 365 1932 deus,
393 1894 529 1925 neutro
557 1899 701 1937 genere
728 1887 987 1938 pronuntiant.
1048 1886 1128 1925 Alii
1155 1893 1290 1925 contra
1316 1887 1439 1939 magis
1463 1894 1504 1926 et

174 1945 377 1982 masculum
406 1952 446 1982 et
472 1945 648 1983 feminam
677 1943 820 1990 dicunt,
849 1957 895 1982 ne
923 1943 1022 1996 apud
1049 1945 1153 1983 solos
1178 1943 1379 1983 Lunenses
1405 1944 1501 1984 Her·

174 2001 453 2052 maphroditum
480 2002 675 2040 existimet
699 2002 889 2040 annalium
917 2009 1200 2041 commentator
1223 2001 1456 2041 Fenestella.

291 2062 357 2099 35.
410 2057 517 2105 Sunt,
546 2060 606 2110 qui
635 2072 706 2097 nec
732 2060 985 2111 principatum
1012 2059 1154 2112 Bythio
1181 2058 1408 2106 defendant,
1436 2058 1503 2099 sed

177 2123 449 2168 postumatum,
490 2115 714 2167 Ogdoadem
739 2124 828 2156 ante
855 2118 981 2155 omnia
1007 2118 1316 2170 praemittentes,
1356 2130 1406 2156 ex
1429 2117 1506 2157 Te-

178 2173 286 2212 trade
326 2172 477 2225 quidem
515 2181 555 2212 et
591 2175 729 2226 ipsam,
767 2173 835 2213 sed
862 2183 902 2213 et
926 2176 1011 2214 aliis
1038 2175 1252 2214 nominibus
1279 2174 1503 2214 derivatam.

179 2230 305 2269 Primo
339 2231 438 2269 enim
472 2233 709 2270 constituunt
740 2231 982 2280 Proarchen,
1022 2232 1193 2272 secundo
1229 2232 1504 2281 A‘nennoe’ton,

179 2290 294 2328 tertio
320 2287 530 2336 Arrheton‚
559 2297 694 2341 quarto
719 2288 908 2329 Aoraton.
962 2291 1017 2330 Ex
1038 2291 1234 2330 Proarche
1261 2292 1390 2343 itaque
1415 2304 1507 2343 pro-

181 2348 343 2386 cessisse
377 2348 498 2398 primo
531 2354 571 2386 ct
602 2348 732 2399 quinto
768 2348 854 2387 loco
885 2347 1061 2396 Archen,
1101 2362 1150 2388 ex
1180 2347 1414 2388 Anennoe'to
1445 2361 1507 2389 se-

183 2403 306 2442 cundo
333 2412 373 2443 et
397 2413 507 2443 sexto
524 2406 611 2443 loco
625 2404 898 2458 Acatalept0n‚
926 2419 975 2445 ex
987 2405 1158 2446 Arrheto
1185 2408 1302 2446 tertio
1327 2413 1369 2445 et
1387 2407 1506 2459 septi-

184 2474 242 2498 mo
269 2462 356 2500 loco
382 2461 692 2508 Anonomaston,
730 2476 778 2502 ex
805 2463 988 2503 Invisibili
1014 2472 1150 2517 quarto
1177 2471 1217 2504 et
1248 2470 1386 2505 octavo
1418 2463 1506 2502 loco

278 2588 312 2626 1)
339 2589 572 2622 Eddomnes:
599 2591 805 2625 Philetus.
846 2592 896 2623 Cf.
912 2601 942 2624 c.
957 2593 988 2624 9.
