1604 2800
162 189 262 227 288
605 185 725 217 ADV.
760 176 1049 216 PRAXEAN.

162 283 208 323 ab
235 279 446 321 hominibus
472 292 513 318 se
541 274 752 331 apostolum
778 277 962 329 praefert,
989 287 1061 314 nec
1086 286 1157 327 per
1179 272 1385 321 hominem,
1411 271 1480 313 sed

161 353 230 392 per
255 338 377 377 Iesum
405 337 594 375 Christum
620 342 661 375 et
685 334 795 374 deum
827 341 986 386 patrem.
1002 334 1038 381 ¹)
1100 332 1150 370 Et
1175 331 1292 370 habes
1319 337 1400 370 tota
1424 332 1482 370 in-

161 402 369 436 strumenta
394 396 493 441 eius,
533 406 628 446 quae
653 394 692 431 in
718 393 817 431 hunc
843 390 992 430 modum
1017 389 1282 442 pronuntiant,
1321 395 1362 428 et
1386 387 1488 427 duos'

160 459 396 506 proponunt,
437 451 547 490 deum
579 459 618 490 et
647 457 814 503 patrem,
853 456 893 488 et
930 448 1120 487 dominum
1156 453 1327 485 nostrum
1358 445 1483 485 Iesum

161 511 370 557 Christum,
410 510 523 548 filium
550 509 685 561 patris,
726 515 766 547 et
791 507 913 546 lesum
939 507 1060 558 ipsum
1086 517 1170 544 esse
1197 503 1407 551 Christum,
1444 503 1484 542 in

161 569 283 607 altero
311 580 458 619 quoque
485 568 636 605 nomine
663 564 725 604 dei
752 566 880 604 tilium.
918 563 1016 602 Nam
1042 561 1181 601 exinde
1207 575 1254 600 eo
1280 562 1376 608 iure,
1410 573 1483 612 quo

160 633 358 677 utrumque
379 637 516 663 nomen
538 625 646 662 unius
667 630 738 669 est,
765 621 802 660 id
829 629 888 661 est
907 620 970 660 dei
991 621 1102 667 fliius,
1116 621 1154 667 2)
1182 620 1297 658 etiam
1323 618 1484 660 alterum

162 684 243 722 sine
270 683 391 721 altero
419 681 587 720 eiusdem
614 688 684 719 est.
723 680 774 718 Et
798 681 877 718 sive
904 678 1010 718 Iesus
1036 675 1295 716 tantummodo
1321 676 1485 728 positum

162 748 232 786 est,
259 740 486 789 intelligitur
499 739 735 785 etChristus,
763 738 849 789 quia
864 737 969 775 Iesus
988 742 1123 774 unctus
1143 741 1214 781 est,
1240 735 1319 773 sive
1346 733 1487 772 solum-

163 796 276 834 modo
305 796 494 842 Christus,
533 795 632 834 idem
671 802 729 833 est
759 801 799 833 et
830 794 952 841 Iesus,
992 794 1079 844 quia
1109 799 1245 831 unctus
1276 798 1336 830 est
1365 789 1486 830 Iesus.

165 853 332 901 Quorum
369 853 559 889 nominum
596 852 756 889 alterum
794 858 853 888 est
889 851 1102 901 proprium,
1141 847 1242 900 quod
1273 848 1320 886 ab
1346 847 1486 899 angelo

164 911 378 962 impositum
399 916 468 954 est,
496 909 655 946 alterum
681 905 874 953 accidens,
903 904 1004 957 quod
1023 905 1070 944 ab
1090 906 1271 943 unctione
1292 905 1485 949 convenit,

165 966 251 1005 dum
282 974 408 1004 tamen
436 965 607 1003 Christus
639 965 736 1002 filius
768 965 834 1010 sit,
867 977 941 1001 non
967 970 1089 1014 pater.
1151 961 1350 1000 Postremo
1377 974 1488 1012 quam

165 1037 305 1062 caecus
331 1030 400 1069 est,
435 1023 495 1073 qui
523 1034 593 1060 nec
620 1022 658 1059 in
685 1021 826 1059 Christi
852 1020 1004 1057 nomine
1030 1018 1212 1068 intelligit
1236 1018 1348 1056 alium
1376 1017 1488 1056 deum

165 1079 356 1132 portendi,
384 1081 413 1117 si
430 1079 571 1117 Christi
598 1091 735 1116 nomen
759 1077 860 1130 patri
885 1075 1092 1115 adscribat.
1133 1073 1174 1113 Si
1200 1075 1300 1114 enim
1315 1074 1488 1114 Christus

164 1144 275 1189 pater
299 1136 392 1175 deus
418 1143 493 1183 est,
527 1137 589 1188 qui
621 1135 737 1174 dicit:
771 1133 938 1173 ascendo
965 1132 1013 1172 ad
1038 1139 1185 1185 patrem
1210 1145 1332 1171 meum
1358 1139 1397 1171 et
1422 1145 1489 1184 pa-

164 1202 260 1233 trem
291 1201 475 1241 vestrum,
515 1200 555 1232 et
586 1192 696 1232 deum
727 1205 849 1231 meum
882 1198 922 1230 et
946 1190 1056 1230 deum
1087 1190 1322 1240 vestrum-³)
1358 1190 1488 1242 utique

165 1252 276 1290 alium
313 1258 459 1303 patrem
491 1264 607 1303 super
637 1264 678 1289 se
710 1257 750 1289 et
781 1249 891 1289 deum
924 1246 1105 1287 ostendit.
1179 1247 1221 1286 Si
1251 1248 1342 1286 item
1378 1254 1491 1299 pater

166 1309 337 1347 Christus
363 1316 441 1355 est,
474 1309 569 1347 alius
595 1315 671 1355 est,
705 1308 767 1360 qui
792 1305 933 1346 solidat
958 1307 1164 1345 tonitruum
1191 1312 1231 1344 et
1256 1303 1388 1344 condit
1404 1305 1490 1356 vspi--

165 1366 296 1411 ritum,
330 1373 370 1403 et
400 1365 598 1404 adnuntiat
628 1366 668 1403 in
698 1365 871 1404 homines
899 1363 1089 1403 Christum
1125 1363 1298 1411 suum.⁴)
1371 1360 1430 1400 Et>
1457 1362 1490 1402 si

166 1421 394 1459 adstiterunt
424 1435 537 1471 reges
568 1429 715 1468 terrae,
754 1429 795 1460 et
824 1421 1031 1461 archontes
1068 1420 1298 1471 congregati
1333 1425 1424 1458 sunt
1450 1419 1491 1457 in

166 1491 277 1515 unum
298 1476 479 1514 adversus
494 1477 683 1515 Christum
710 1479 840 1528 ipsius,
856 1480 892 1525 5)
920 1479 1016 1516 alius
1041 1479 1115 1517 erit
1140 1476 1326 1524 dominus,
1354 1482 1491 1515 contra

168 1534 273 1572 cuius
300 1532 488 1570 Christum
516 1535 743 1584 congregati
768 1540 854 1572 sunt
878 1547 993 1584 reges
1019 1541 1058 1572 et
1082 1534 1303 1572 archontes.
1362 1532 1414 1572 Et
1437 1533 1488 1572 si:

167 1590 263 1628 haec
291 1588 384 1627 dicit
410 1589 582 1628 dominus
608 1589 760 1628 domino
788 1603 872 1629 meo
900 1589 1119 1636 Christo,⁶)
1147 1590 1243 1627 alius
1269 1590 1344 1627 erit
1369 1589 1514 1627 domi-¹

166 1660 252 1693 nus,
292 1647 353 1698 qui
390 1647 557 1698 loquitur
591 1646 641 1685 ad
678 1654 826 1698 patrem
859 1646 1015 1689 Christi.
1087 1645 1137 1683 Et
1174 1658 1257 1683 cum
1294 1645 1490 1697 apostolus

166 1703 318 1742 scribit:
359 1704 413 1741 uti
446 1703 539 1742 deus
570 1702 713 1743 domini
744 1704 865 1741 nostri
891 1702 977 1741 Iesu
1003 1701 1146 1740 Christi
1179 1700 1245 1740 det
1273 1702 1383 1740 vobis
1413 1703 1491 1754 spi-

165 1762 275 1799 ritum
303 1762 512 1812 sapientiae
539 1768 580 1800 et
604 1759 877 1812 agnitionis,⁷)
903 1760 1000 1799 alius
1026 1760 1100 1798 erit
1125 1757 1218 1797 deus
1233 1758 1376 1797 Christi
1389 1758 1490 1807 Iesu,

167 1818 432 1857 charismatum
458 1818 681 1870 spiritalium
708 1818 881 1869 largitor.
939 1817 1054 1856 Certe
1080 1829 1128 1855 ne
1154 1829 1226 1868 pet·
1250 1817 1376 1856 omnia
1401 1828 1491 1856 eva-

166 1888 309 1926 gemur,
343 1877 386 1922 si,
421 1876 483 1928 qui
509 1876 706 1914 suscitavit
732 1875 935 1921 Christum,
967 1875 1216 1913 suscitaturus
1241 1880 1300 1912 est
1325 1880 1365 1912 et
1387 1886 1490 1913 mor-

166 1933 256 1971 talia
289 1946 455 1985 corpora
486 1934 688 1980 nostra,8)
727 1933 858 1984 utique
890 1932 985 1970 alius
1016 1932 1092 1970 erit
1115 1931 1340 1978 suscitator,
1367 1943 1488 1983 'quam

165 1997 276 2041 pater
295 1998 478 2038 mortuus,
509 1998 549 2030 et
572 1997 682 2042 pater
706 1990 923 2037 suscitatus,
950 1990 982 2028 si
1003 1988 1188 2035 Christus,
1216 1988 1279 2040 qui
1304 1995 1364 2026 est
1387 2000 1488 2027 mor·

166 2053 263 2094 tuus,
289 2054 400 2098 pater
424 2055 495 2086 est.
1264 2094 1268 2097 ,

278 2108 347 2146 29.
387 2104 645 2152 Obmutescat,
673 2104 911 2144 obmutescat
934 2105 1007 2143 ista
1030 2102 1278 2155 blasphemia.
1318 2101 1489 2145 Sufficiat

168 2160 356 2199 Christum
383 2162 498 2200 filium
523 2161 586 2200 dei
611 2169 799 2200 mortuum
825 2160 915 2208 dici,
942 2168 982 2200 et
1005 2161 1093 2207 hoc,
1121 2161 1208 2212 quia
1232 2160 1487 2211 ita-scriptum

167 2224 236 2255 est.
297 2218 394 2257 Nam
427 2226 467 2258 et
496 2219 692 2271 apostolus
723 2232 799 2257 non
831 2219 913 2257 sine
946 2230 1065 2256 onere
1095 2217 1345 2268 pronuntians
1377 2216 1488 2255 Chri-

168 2281 262 2312 stum
289 2282 488 2323 mortuum,
515 2275 678 2315 adiecit:
709 2274 915 2313 secundum
941 2275 1163 2326 scripturas,
1177 2272 1218 2327 ⁹)
1243 2281 1286 2312 ut
1310 2272 1486 2312 duritiam

167 2333 487 2380 pronuntiationis
518 2334 791 2386 scripturarum
822 2333 1052 2371 auctoritate
1084 2330 1269 2378 molliret,
1306 2337 1347 2369 et
1376 2343 1487 2369 scan-

258 2478 294 2517 1)
309 2479 383 2510 Gai.
398 2482 428 2520 1,
443 2482 475 2511 1.
546 2479 580 2521 2)
594 2481 674 2512 coa.
686 2480 824 2512 Wouw.
838 2482 873 2512 et
885 2480 960 2522 mg.
980 2479 1046 2511 dei
1070 2479 1170 2511 filit.
1246 2478 1414 2519 3)10.2o,
1430 2477 1483 2508 17.

169 2519 207 2563 4)
225 2524 326 2555 Amos
340 2526 371 2566 4,
385 2527 556 2557 13.1,xx.
631 2528 666 2565 5)
684 2526 738 2557 Ps.
754 2527 785 2565 2,
800 2527 831 2557 2.
904 2527 941 2567 e)
960 2527 1092 2567 1es.45‚
1109 2527 1139 2557 1.
1212 2524 1250 2565 τ)
1270 2523 1356 2563 Eph.
1377 2523 1408 2560 2,
1434 2523 1472 2552 1⁷

171 2567 209 2603 8)
225 2568 317 2599 Rom.
331 2571 362 2610 8,
378 2572 431 2601 11.
503 2574 539 2614 9)
555 2573 661 2603 1cor.
675 2573 729 2612 15,
743 2573 773 2603 3.
