1624 2826
330 202 454 233 ADv.
487 200 847 232 MARCIONEM
882 201 1057 232 LIBER
1087 201 1142 231 lV.
1307 199 1407 236 202

89 294 243 334 domine
273 293 401 341 coeli,
439 291 541 345 quod
572 305 619 331 ea
650 305 747 344 quae
780 299 890 331 eraut
920 291 1147 331 abscondita
1170 291 1405 344 sapientibus

89 359 131 391 et
154 350 415 404 prudentibus,
442 350 675 391 revelaveris
701 351 927 402 parvulis.¹)
968 350 1075 398 Quae
1094 351 1190 388 ista?
1214 356 1254 387 et
1279 350 1410 388 cuius?

90 416 131 448 et
154 422 178 448 a
202 421 277 461 quo
301 407 552 447 abscondita?
576 415 617 445 ct
640 421 663 445 a
689 421 763 459 quo
789 408 985 446 revelata?
1011 406 1052 445 Si
1072 421 1094 445 a
1110 406 1183 445 deo
1198 406 1408 445 Marcionis

89 464 317 505 abscondita
347 471 387 503 et
417 465 614 511 revelata,
653 466 715 516 qui
748 466 900 503 omnino
934 465 1027 503 nihil
1057 465 1333 516 praemiserat,
1371 465 1408 502 iu

89 536 164 576 quo
200 521 343 574 aliquid
379 521 644 560 absconditum
681 535 767 561 esse
804 523 1009 574 potuisset3
1060 535 1136 559 non
1173 521 1407 573 prophetias,

89 593 166 619 non
189 580 411 632 parabolas,
450 593 526 617 uon
549 579 735 626 visiones,
762 593 839 617 uon
866 580 940 617 ulla
965 592 1091 618 rerum
1117 585 1183 617 aut
1205 578 1410 617 verborum

73 635 155 676 vaut
178 638 370 675 nominum
385 643 619 687 'argumenta
646 650 714 687 per
744 637 954 687 allegorias
985 643 1025 674 et
1050 636 1191 686 figuras
1215 636 1277 674 vel
1303 637 1410 674 aeni-

90 701 256 746 gmatum
281 694 440 732 nebulas
478 693 722 740 obumbrata,
767 693 836 731 sed
873 694 991 745 ipsam
1029 691 1324 743 magnitudinem
1352 695 1409 731 sui

88 750 371 797 absconderat,
410 764 519 802 quam
558 763 642 788 cum
679 751 839 788 maxime
876 763 947 801 per
972 746 1166 787 Christum⁴
1193 749 1405 788 revelabat.

88 806 357 859 Satisinique.
399 806 496 855 Quid
522 808 621 844 enim
648 805 889 859 deliquerant
913 808 1107 858 sapientes
1126 814 1166 845 et
1186 805 1407 858 prudentes,

39 911 43 915 .
86 871 141 905 u‘t’
163 864 469 904 absconderetur
498 864 573 902 illis
604 863 721 911 deus,
759 863 808 903 ad
839 878 948 916 quem
987 863 1295 916 cognoscendum
1334 878 1411 903 non

87 922 296 966 suffecerat
319 923 507 973 sapientia
531 928 645 973 atque
670 920 872 973 prudentia
897 922 1072 960 illorum?
1095 921 1210 960 Nulla
1234 923 1296 959 via
1321 920 1411 960 data

73 979 137 1029 ,ab
162 981 245 1032 ipso
262 992 342 1032 per
364 979 528 1031 aliquam
561 992 717 1030 operum
748 978 1102 1031 praedicationem,
1139 980 1200 1018 vel
1233 980 1407 1030 vestigia,

88 1049 161 1090 per
195 1050 292 1089 qnae
324 1038 518 1088 sapientes
548 1043 662 1087 atque
693 1036 901 1088 prudentes
938 1036 1241 1084 deducerentur,
1281 1050 1410 1088 quam-

90 1106 201 1147 quam
225 1095 299 1133 etsi
323 1095 361 1132 iu
385 1094 514 1145 aliquo
540 1092 790 1144 deliquissent
814 1107 909 1145 erga
933 1093 1043 1133 deum
1076 1095 1245 1145 ignotum
1261 1122 1272 1139 ,
1310 1107 1409 1145 pone

90 1164 190 1190 nunc
221 1158 370 1198 notum,
409 1165 484 1188 non
515 1157 642 1189 tamen
672 1151 827 1188 zeloten
858 1164 942 1189 eum
973 1152 1143 1202 experiri
1175 1147 1408 1196 debuissent,

91 1210 155 1261 qui
191 1207 383 1246 dissimilis
420 1207 610 1246 creatoris
640 1207 847 1258 inducitur.
909 1207 1031 1258 Igitur
1062 1209 1094 1244 si
1126 1220 1197 1245 nec
1229 1209 1410 1246 materias

91 1267 361 1319 praemiserat,
398 1266 438 1303 in
464 1264 598 1316 quibus
622 1264 764 1316 aliquid
790 1264 1042 1310 occultasset,
1080 1277 1151 1302 uec
1177 1277 1266 1302 reos
1292 1265 1410 1303 habu-

91 1328 189 1369 erat,
215 1323 397 1374 a'quibus
422 1322 668 1368 occultasset,
695 1335 767 1360 nec
793 1320 981 1360 debuerat
1005 1322 1235 1367 occultasse,
1261 1323 1411 1360 etiamsi

70 1371 304 1420 'habuissem
330 1381 404 1417 iam
430 1392 502 1417 nec
528 1380 720 1417 revelator
745 1380 826 1430 ipse
852 1380 945 1425 erit,
973 1379 1035 1430 qui
1060 1377 1311 1417 absconditor
1334 1392 1411 1416 nou

90 1438 188 1484 fuit,
226 1438 280 1475 ita
304 1450 377 1475 nec
402 1435 575 1474 dominus
602 1436 703 1475 coeli
729 1448 801 1476 nec
827 1443 938 1487 pater
962 1435 1124 1482 Christi,
1162 1434 1230 1474 sed
1256 1436 1340 1483 ille,
1373 1437 1411 1474 in

90 1507 200 1548 quem
233 1500 454 1546 competunt
484 1493 623 1531 omnia.
683 1492 782 1531 Nam
812 1494 853 1532 et
881 1492 1084 1532 abscondit
1107 1488 1328 1544 praemisso
1343 1493 1412 1532 ob-

90 1550 285 1597 scuritatis
315 1551 565 1604 propheticae
597 1552 873 1598 instrumento,
911 1552 1019 1590 cuins
1049 1551 1286 1602 intellectum
1316 1549 1412 1590 fides

90 1616 329 1656 mereretur,
368 1609 456 1656 (uisi
483 1609 582 1647 euim
608 1607 867 1655 credideritis,
893 1622 982 1657 ,uon
1010 1609 1275 1660 'intelligetis,)
1294 1610 1333 1657 2)
1373 1616 1413 1647 et

91 1679 182 1706 reos
205 1667 338 1706 habuit
361 1667 555 1717 sapientes
580 1673 694 1718 atque
721 1662 929 1718 prudentes
959 1679 1008 1705 ex
1033 1667 1124 1717 ipsis
1149 1666 1330 1718 operibus
1351 1673 1414 1703 -tot

92 1737 139 1762 ac
165 1725 280 1762 tantis
303 1723 584 1776 intelligibilem
609 1722 722 1761 deum
748 1729 822 1761 u'ou
848 1724 1089 1774 requirentes
1102 1724 1140 1768 ³)
1179 1723 1240 1761 vel
1272 1735 1412 1774 perpe-

94 1793 175 1822 ram
201 1780 241 1817 in
265 1779 367 1818 illum
394 1780 708 1830 philosophantes
739 1775 962 1830 et'·ingenia
990 1780 1200 1817 haereticis
1233 1779 1412 1817 submini-

93 1843 285 1888 strantes,
323 1843 365 1874 et
394 1836 596 1874 novissime
627 1836 775 1881 zelotes
800 1843 872 1874 est.
932 1835 1105 1887 Denique
1131 1836 1220 1875 olim
1246 1836 1318 1875 hoc
1344 1849 1415 1888 per

93 1894 247 1934 Esaiam
278 1893 599 1938 concionabatur,
644 1892 744 1944 quod
777 1892 949 1931 Christus
980 1894 1212 1944 gratulatur:
1255 1893 1413 1946 perdam

93 1952 320 2004 sapientiam
351 1950 578 2002 sapientium
610 1956 662 1988 etv
679 1949 918 2001 prudentiam
946 1949 1187 2002 prudentium
1214 1951 1410 1997 celabo.4)

94 2008 208 2061 Sicut
229 2016 271 2047 et
293 2008 384 2047 alibi
411 2015 486 2046 tam
511 2006 779 2054 abscondisse,
822 2021 932 2060 quam
957 2008 1213 2046 revelaturum
1239 2022 1324 2047 esse
1362 2011 1413 2047 si-

31 2063 34 2065 ’
95 2067 273 2118 gnificat:
299 2073 339 2104 et
364 2064 463 2104 dabo
490 2065 564 2118 illis
595 2065 795 2103 thesauros
809 2065 1070 2113 absconditos,
1097 2066 1307 2105 invisibiles
1321 2079 1414 2118 ape-

94 2125 190 2162 riam
215 2123 349 2171 illis.⁵)
410 2123 461 2160 Et
488 2135 642 2160 rursus:
678 2124 762 2174 quis
785 2123 881 2162 alius
906 2121 1073 2162 disiiciet
1096 2124 1206 2175 signa
1229 2125 1414 2163 ventrilo-

96 2175 253 2232 qunrum
289 2187 332 2219 et
366 2179 620 2218 divinationes
654 2193 704 2218 ex
739 2179 877 2227 corde,
914 2188 1092 2220 avertens
1127 2181 1166 2219 in
1197 2183 1414 2233 posteriora

96 2239 291 2290 sapientes
333 2244 374 2275 et
414 2238 672 2287 cogitationes
711 2241 845 2276 eorum
877 2239 1092 2277 infatuans?
1108 2238 1146 2290 ⁶)
1203 2237 1245 2275 Si
1288 2245 1413 2276 autem

96 2295 287 2336 Christum
312 2308 415 2333 suum
442 2295 734 2334 illuminatorem
758 2297 952 2341 nationum
977 2295 1210 2346 designavit:
1242 2296 1351 2346 posui
1376 2302 1414 2333 te

96 2354 134 2392 in
160 2353 283 2391 lucem
309 2352 567 2400 nationum‚⁷·)
598 2365 691 2404 quas
715 2354 1012 2404 interpretamur
1035 2353 1074 2390 in
1100 2353 1252 2390 nomine
1277 2365 1414 2404 parvu-

99 2412 238 2457 lorum,
277 2423 391 2448 sensu
416 2410 568 2448 scilicet
592 2417 698 2448 retro
730 2423 866 2462 parvas
891 2417 930 2449 et
955 2408 1209 2462 imprudentia
1234 2410 1412 2455 infantes,

192 2550 471 2588 1)1.uc.1⁰‚21.
567 2549 786 2589 2)te=.·t,9.
880 2538 1224 2588 1³3)R0·n.1‚2osqq.
1293 2549 1418 2586 mes,

100 2597 221 2636 29‚14.
315 2595 352 2638 5)
381 2597 511 2637 10245,
527 2596 557 2626 3.
653 2594 911 2637 o)1es.44‚25.
1006 2595 1368 2638 7)1es.42,s.49,s.
