1604 2800
151 194 251 232 124
657 193 726 224 DE
758 192 960 225 ΑΝΙΜΑ,

152 291 244 330 chus
276 295 315 328 et
345 285 564 327 Heraclitus
595 298 646 325 ex
676 287 774 338 igni,
807 292 849 325 ut
874 284 1026 338 Hippon
1057 291 1097 323 ct
1120 283 1262 324 Thales
1291 298 1342 326 ex
1371 300 1484 341 aqua,

146 356 189 386 ut
201 344 459 399 Empedocles
478 351 518 384 ct
538 343 679 383 Critias
699 356 749 382 ex
768 344 967 394 sanguine,
994 350 1036 382 ut
1055 341 1247 395 Epicurus
1265 355 1316 383 ex
1333 347 1484 394 atomis,

146 406 177 443 si
205 412 244 443 et
269 405 386 443 atomi
419 402 680 455 corpulentias
706 400 754 440 de
781 401 887 440 coitu
919 414 987 439 suo
1022 407 1185 452 cogunt,
1222 407 1265 440 ut
1289 401 1485 444 Critolaus

146 470 184 502 ct
211 461 463 515 Peripatetici
496 461 578 500 eius
608 473 660 500 ex
692 460 823 512 quinta
853 460 987 498 nescio
1020 471 1094 511 qua
1124 458 1357 508 substantia,
1388 460 1421 500 si
1445 467 1487 501 et

146 521 211 559 illa
228 534 380 573 corpus,
397 520 484 572 quia
499 531 666 571 corpora
680 516 863 566 includit;
887 516 956 557 sed
977 518 1093 556 etiam
1109 515 1314 569 Stoicos1)
1341 517 1485 570 allego,

147 579 210 631 qui
230 579 402 631 spiritum
423 576 699 630 praedicantes
719 576 881 615 animam
907 588 1032 629 paene
1057 575 1271 623 nobiscum,
1299 588 1373 628 qua
1392 589 1486 628 pro-

144 637 247 675 xima
271 637 374 675 inter
398 649 439 675 se
466 637 576 674 ssatus
602 642 643 674 et
667 635 836 687 spirituS,
862 641 991 673 tamen
1018 647 1159 686 corpus
1183 634 1347 678 animam
1366 633 1486 674 facile

145 693 501 745 persuadebunt.2)
564 692 739 746 Denique
770 692 878 731 Zeno
892 693 928 742 ³)
961 692 1150 732 consitum
1181 692 1355 744 spiritum
1388 690 1487 731 defi-

145 752 256 790 niens
287 753 469 798 animam,
507 751 582 789 hoc
614 750 729 789 modo
756 751 924 789 instruit.
997 749 1100 799 Quo,
1133 750 1282 802 inquit,
1307 749 1486 802 digresso

146 808 285 846 animal
311 809 509 855 emoritur,
538 820 679 859 corpus
705 814 783 855 est;
811 808 963 846 consito
990 814 1118 846 autem
1144 808 1281 860 spiritu
1306 806 1485 859 digresso

147 865 287 903 animal
313 866 512 911 emoritur,
540 877 638 915 ergo
665 865 837 903 consitus
862 865 1019 915 spiritus
1046 878 1188 916 corpus
1208 871 1285 912 est3
1313 866 1486 911 consitus

147 929 275 961 autem
307 924 462 975 spiritus
488 923 614 960 anima
640 929 717 968 est,
751 933 847 972 ergo
875 934 1017 972 corpus
1043 928 1103 959 est
1127 922 1267 960 anima.
1327 920 1421 960 Vult
1446 928 1488 961 et

149 980 358 1018 Cleanthes
372 982 411 1029 ⁶²)
437 994 513 1018 non
539 980 661 1018 solum
688 979 867 1031 corporis
892 978 1149 1025 lineamentis,
1175 977 1244 1017 sed
1270 985 1311 1017 et
1334 979 1486 1018 animae

148 1038 250 1076 notis
275 1036 562 1076 similitudinem
588 1035 814 1088 parentibus
838 1037 877 1074 in
903 1035 1004 1074 filios
1030 1034 1291 1087 respondere,
1323 1034 1372 1074 de
1398 1048 1488 1088 spe-

148 1095 235 1133 culo
268 1095 421 1134 scilicet
452 1107 599 1132 morum
631 1101 671 1132 et
702 1093 946 1144 ingeniorum
978 1099 1018 1131 et
1049 1092 1275 1141 affectuum,
1309 1094 1488 1146 corporis

146 1158 272 1190 autem
305 1150 589 1190 similitudinem
615 1158 656 1189 et
681 1148 1029 1189 dissimilitudinem
1062 1162 1205 1202 capere
1236 1157 1277 1190 et
1306 1151 1486 1193 animam.

147 1209 280 1262 Itaque
308 1222 448 1262 corpus
474 1207 711 1248 similitudini
729 1208 791 1247 vel
813 1206 1110 1247 dissimilitudini
1130 1207 1351 1247 obnoxium.
1389 1206 1487 1248 Item

147 1267 406 1319 corporalium
439 1274 479 1306 et
508 1266 809 1319 incorporalium
841 1266 1042 1318 passiones
1072 1267 1176 1305 inter
1204 1278 1247 1305 se
1279 1279 1356 1304 non
1381 1279 1488 1306 com-

146 1326 358 1364 municare.
431 1323 555 1363 Porro
587 1332 628 1364 et
659 1326 823 1363 animam
861 1324 1029 1376 compati
1066 1324 1245 1376 corpori,
1283 1324 1346 1363 cui
1377 1323 1487 1364 laeso

146 1383 300 1429 ictibus,
325 1381 562 1429 vulneribus,
587 1382 784 1421 ulceribus
810 1381 1068 1429 condolescit,
1095 1388 1135 1421 et
1161 1394 1304 1434 corpus
1321 1381 1486 1429 animae,

148 1441 210 1478 cui
235 1439 401 1478 afflictae
429 1452 534 1487 cura,
561 1452 724 1490 angore,
750 1452 882 1478 amore
909 1440 1157 1479 cobaerescit
1179 1452 1254 1492 per
1275 1438 1487 1479 detrimen-

146 1504 225 1535 tum
251 1497 348 1536 socii
378 1497 543 1548 vigoris,
577 1498 685 1535 cuius
715 1495 901 1549 pudorem
927 1504 968 1535 et
992 1510 1175 1549 pavorem
1201 1497 1346 1537 rubore
1370 1502 1487 1550 atque

145 1554 295 1606 pallore
321 1560 498 1596 testetur.
564 1553 690 1606 Igitur
718 1555 845 1593 anima
871 1567 1011 1606 corpus
1037 1567 1087 1593 ex
1113 1556 1372 1607 corporalium
1397 1568 1488 1608 pas-

147 1612 298 1650 sionum
325 1613 606 1652 communione.
669 1610 748 1651 Sed
774 1619 814 1651 et
839 1611 1078 1664 Chrysippus
1091 1612 1132 1664 ⁵)
1155 1625 1305 1650 manum
1331 1613 1367 1650 ei
1393 1625 1486 1663 por-

146 1670 257 1720 rigit,
303 1670 542 1709 constituens
579 1670 800 1722 corporalia
837 1669 884 1708 ab
923 1669 1233 1721 incorporalibus
1269 1667 1487 1722 derelinqui

148 1727 302 1765 omnino
328 1739 405 1765 non
431 1740 567 1780 posse,
605 1729 693 1780 quia
719 1740 791 1766 nec
818 1728 1095 1778 contingantur
1117 1727 1165 1765 ab
1191 1727 1268 1774 eis,
1302 1724 1420 1774 (unde
1445 1732 1488 1766 et

144 1783 370 1824 Lucretius:
386 1785 423 1834 ⁶)
451 1792 614 1838 tangere
635 1787 736 1825 enim
758 1791 798 1824 et
816 1786 936 1836 tangi,
963 1785 1036 1823 nisi
1057 1797 1211 1837 corpus,
1237 1783 1342 1822 nulla
1354 1790 1487 1836 potest

145 1845 239 1891 res‚)
268 1840 459 1882 derelicto
484 1851 612 1883 autem
641 1855 808 1895 corpore
834 1842 882 1881 ab
908 1842 1036 1881 anima
1060 1841 1159 1880 affici
1185 1848 1323 1880 morte.
1363 1840 1488 1893 Igitur

147 1913 287 1952 corpus
313 1902 451 1947 anima,
478 1914 576 1952 quae
596 1902 669 1939 nisi
691 1900 907 1952 corporalis
928 1913 1068 1951 corpus
1088 1912 1165 1937 non
1180 1897 1483 1951 derelinqueret.

262 1960 304 1998 6.
345 1956 452 1995 Haec
477 1956 669 1997 Platonici
694 1957 905 1996 subtilitate
925 1957 1053 2009 potius
1074 1969 1184 2008 quam
1202 1957 1368 1995 veritate
1390 1968 1485 1995 con-

145 2012 313 2051 turbant.
353 2013 485 2062 Omne,
512 2016 699 2068 inquiunt,
727 2027 868 2067 corpus
891 2020 958 2053 aut
982 2014 1146 2053 animale
1167 2014 1216 2052 sit
1235 2025 1398 2052 neccsse
1423 2021 1484 2052 est

147 2076 213 2107 aut
237 2070 455 2110 inanimale.
515 2072 567 2111 Et
591 2072 778 2127 siquidem
803 2071 1009 2111 inanimale
1035 2078 1107 2118 est,
1133 2071 1375 2110 extrinsecus
1399 2083 1484 2109 mo·

146 2126 317 2175 vehitur,
350 2129 382 2166 si
410 2142 504 2168 vero
536 2131 719 2179 animale,
757 2131 1002 2169 intrinsecus.
1074 2127 1212 2168 Anima
1249 2134 1377 2167 autem
1409 2139 1483 2167 nec

148 2184 390 2224 extrinsecus
415 2188 648 2237 movebitur,
680 2196 723 2227 ut
753 2200 850 2242 quae
876 2200 954 2226 non
978 2188 1028 2226 sit
1051 2185 1287 2233 inanimalis,
1319 2197 1393 2225 nec
1420 2185 1483 2224 >in-

147 2242 356 2289 trinsecus,
389 2250 430 2281 ut
456 2257 551 2296 quae
576 2247 658 2299 ipsa
683 2247 811 2300 potius
835 2251 989 2284 moveat
1013 2257 1166 2297 corpus.
1239 2243 1372 2295 Itaque
1405 2255 1482 2282 non

146 2297 271 2337 videri
302 2313 386 2339 eam
418 2314 577 2354 corpus,
611 2317 707 2356 quae
739 2307 816 2342 non
843 2302 1102 2355 corporalium
1127 2303 1251 2342 forma
1277 2313 1327 2340 ex
1351 2300 1481 2352 aliqua

148 2357 308 2407 regione
335 2365 546 2398 moveatur.
611 2360 673 2401 Ad
698 2361 774 2401 hoc
799 2374 869 2401 nos
893 2360 1115 2400 mirabimur
1145 2358 1480 2411 incongruentiam

243 2506 278 2544 1)
305 2510 457 2539 Senecae
479 2518 555 2548 epp.
578 2511 654 2542 106.
750 2508 787 2554 2)
813 2512 864 2543 Cf.
887 2511 943 2542 lib.
965 2511 1005 2541 de
1025 2519 1130 2541 carne
1150 2509 1228 2540 Chr.
1244 2517 1273 2540 c.
1289 2509 1343 2538 11.
1439 2507 1476 2539 33

152 2549 249 2588 Diog.
265 2552 419 2592 haertff,
436 2555 512 2585 156.
584 2553 623 2598 4)
638 2557 820 2588 Ncmesius
835 2557 875 2588 de
889 2557 1226 2596 nat.liom.p.33.‘16.
1236 2555 1287 2585 cd.
1295 2551 1478 2587 Matthaei.

151 2596 186 2634 5)
202 2596 243 2626 ib.
259 2605 289 2634 p.
305 2597 427 2630 34.81.
522 2600 559 2642 6)
585 2602 687 2633 nucr.
702 2604 733 2643 1,
749 2604 827 2635 305.
