1624 2826
395 197 521 230 anv.
557 195 919 228 MARCIONEM
957 195 1132 226 {ABER
1169 196 1207 226 v.
1354 195 1460 233 3ῡὸ

134 292 257 338 aei-is,
295 291 360 343 qui
385 296 569 343 operatur
593 291 629 328 in
657 288 745 328 liliis
776 287 1118 335 incredulitatis.¹)
1180 286 1259 327 Sed
1285 288 1460 328 mundum

128 362 213 387 'non
250 354 378 400 potest
413 355 455 387 et
488 348 552 386 hie
590 360 659 400 pro
698 346 773 386 deo
812 345 941 384 mundi
977 345 1153 385 Marcion
1190 347 1461 398 interpretari3

137 419 216 444 non
258 406 359 444 enim
394 405 517 444 simile
561 411 620 444 est
663 411 835 444 creatum
880 405 1076 450 creatori,
1126 404 1267 442 factum
1305 405 1473 456 factori„

137 461 297 502 mundus
328 461 418 503 deo.
478 461 558 502 Sed
595 475 668 501 nec
701 463 882 514 princeps
918 461 1121 513 potestatis
1158 463 1260 500 aeris
1298 461 1461 509 dicetur,

129 521 203 573 ,qui
227 527 288 560 est
310 521 493 572 princeps
518 521 722 572 potestatis
746 519 982 566 seculorum3
1011 531 1198 571 nunquam
1225 520 1325 559 enim
1351 532 1464 572 prae-

137 591 200 617 ses
229 578 471 630 superiorum
504 577 553 616 de
590 577 838 617 infera-oribus
869 583 1043 623 notatur,
1083 577 1177 615 licet
1207 583 1248 615 et
1277 577 1466 617 inferiora

136 636 211 688 ipsi
247 634 492 688 deputentur.
566 633 645 673 Sed
682 647 755 673 nec
794 632 1073 672 incredulitatis
1116 641 1302 686 operator
1342 634 1466 674 videri

137 699 285 746 potest,
323 705 435 744 quam
460 693 543 744 ipse
570 693 696 744 potius
722 704 744 730 a
775 690 929 730 ludaeis
953 698 994 729 et
1018 704 1040 729 a
1065 691 1283 730 nationibus
1308 693 1464 743 patitur.

139 748 290 789 Sufficit
305 751 449 801 igitur,
486 750 519 787 si
543 749 642 787 haee
668 762 744 786 non
770 747 912 787 cadunt
941 748 979 785 in
1006 755 1244 795 creatorem3
1282 750 1313 786 si
1339 756 1465 788 autem

138 814 180 846 et
208 813 288 853 est,
325 807 364 844 in
389 819 500 858 quem
531 807 654 856 magis
684 811 925 857 competant,
962 805 1094 857 utique
1126 806 1246 856 magis
1273 805 1347 844 hoc
1372 820 1467 858 apo—-

137 864 260 903 stolus
283 864 384 902 sciit.
447 862 539 911 Quis
563 863 662 901 iste?
709 861 802 901 Siue
834 861 950 900 dubio
974 862 1059 909 ille,
1098 863 1160 914 qui
1193 863 1264 914 ipsi
1297 866 1467 903 creatori

139 921 240 960 filios
263 919 544 960 incredulitatis
570 920 753 967 obstruit,
791 933 884 959 aere
909 920 983 958 isto
1011 920 1172 972 potitus,
1203 921 1304 959 sicut
1334 920 1467 960 dicere

63 1015 78 1025 „
137 991 226 1018 eum
250 978 439 1031 propheta
464 979 663 1026 refert:²)
707 991 846 1030 ponam
876 978 915 1015 in
941 977 1102 1016 nubibus
1129 977 1303 1016 thronum
1330 992 1466 1024 meum,

139 1049 210 1076 ero
234 1036 370 1075 similis
399 1037 598 1075 altissimo.
616 1036 656 1084 ³)
718 1035 791 1074 Hic
822 1036 899 1074 erit
929 1034 1122 1083 diabolus,
1161 1048 1271 1087 quem
1298 1043 1338 1074 et
1363 1036 1467 1083 alibi,

139 1094 174 1133 si
208 1100 337 1132 tamen
372 1094 429 1132 ita
464 1101 505 1132 et
539 1093 753 1145 apostolum
790 1093 869 1144 legi
904 1093 1061 1139 volunt,
1100 1091 1211 1131 deum
1244 1094 1328 1131 aevi
1360 1094 1469 1132 huius

139 1163 408 1202 agnoscemus.
470 1150 530 1189 Ita
553 1150 654 1189 enim
681 1157 802 1193 totum
832 1149 1002 1188 seculum
1028 1149 1231 1187 mendacio
1257 1149 1468 1189 divinitatis

141 1207 327 1259 implevit.
377 1207 449 1255 Qui
473 1207 587 1259 plane
612 1208 644 1244 si
670 1220 746 1244 non
771 1207 919 1252 fuisset,
946 1213 1036 1244 tuuc
1062 1206 1160 1245 haec
1186 1207 1224 1244 in
1251 1214 1468 1246 creatorem

141 1271 340 1317 spectasse
366 1265 591 1316 potuissent.
653 1262 733 1302 Sed
763 1264 865 1302 etin
896 1262 1087 1302 Iudaismo
1114 1272 1362 1303 conversatus
1388 1266 1471 1303 fue-
1532 1269 1538 1273 ’

142 1330 206 1361 rat
229 1322 440 1374 apostolus.
500 1321 589 1360 Non
615 1322 703 1373 quia
726 1321 956 1373 interposuit
981 1320 1029 1359 de
1061 1320 1233 1368 delictis,
1271 1322 1310 1359 in
1336 1323 1471 1374 quihus

143 1387 186 1419 et
208 1392 279 1418 nos
304 1391 436 1418 omnes
450 1380 668 1418 conversati
693 1380 878 1426 sumus,4)
905 1377 994 1416 ideo
1021 1376 1249 1416 delictorum
1278 1377 1470 1418 domiuum

144 1444 189 1475 et
215 1437 427 1489 principem
457 1437 561 1475 aeris
591 1436 701 1474 huius
732 1442 948 1474 creatorem
974 1442 1146 1487 praestat
1177 1436 1362 1487 intelligi3
1403 1437 1471 1476 sed

144 1495 235 1546 quia
258 1495 297 1532 in
323 1493 513 1532 ludaismo
538 1506 634 1532 unus
660 1494 786 1532 fuerat
811 1491 859 1531 de
886 1493 973 1531 filiis
997 1492 1297 1540 incredulitatis,
1337 1492 1472 1533 diabo-

90 1595 93 1597 ,
143 1552 219 1591 Ιιιιιι
249 1551 397 1590 habens
427 1558 697 1603 operatorem,
737 1564 820 1589 cum
858 1557 1159 1602 persequeretur
1188 1551 1395 1590 ecclesiam
1434 1560 1474 1590 et

85 1657 90 1659 α
145 1609 337 1648 Christum
363 1610 567 1656 creatoris,
594 1615 755 1661 propter
785 1607 886 1660 quod
912 1615 953 1647 et
976 1607 1200 1647 iracundiae
1228 1608 1295 1646 filii
1320 1610 1471 1655 fuimus,

144 1666 280 1718 inquit,
305 1665 375 1705 sed
401 1668 596 1715 natura.⁵)
634 1666 710 1712 Ne,
737 1667 825 1717 quia
850 1665 949 1703 filios
962 1666 1171 1717 appellavit
1185 1664 1348 1704 Iudaeos
1362 1679 1473 1705 crea-

144 1730 222 1768 tor,
246 1730 537 1774 argumentetur
561 1724 635 1761 hoc
661 1723 882 1761 haereticus
912 1722 1104 1760 dominum
1131 1723 1213 1761 irae
1240 1730 1471 1761 creatorem.

146 1778 240 1817 Cum
272 1781 373 1817 enim
404 1779 524 1817 dicit:
561 1779 696 1817 fuimus
729 1786 863 1816 natura
895 1778 963 1816 filii
1001 1778 1244 1825 iracundiae,
1284 1782 1474 1818 creatoris

146 1842 273 1874 autem
299 1849 376 1874 non
408 1842 544 1874 natura
570 1843 657 1873 sunt
683 1836 750 1873 lilii
781 1834 938 1882 ludaei,
976 1834 1045 1874 sed
1070 1835 1279 1875 allectione
1309 1844 1471 1888 patrum,

146 1893 355 1933 irae-filios
379 1892 430 1931 ad
454 1899 627 1931 naturam
652 1893 819 1939 retulit,
843 1906 919 1930 uon
949 1891 998 1930 ad
1025 1900 1261 1939 creatorem,
1299 1893 1348 1932 ad
1374 1908 1474 1934 sum-

82 1962 88 1967 ·
146 1964 244 1990 mam
269 1950 522 2002 subiungens:
548 1951 648 1988 sicut
671 1956 713 1988 et
737 1949 926 1999 ceteri,⁶)
965 1951 1028 2002 qui
1054 1951 1183 2002 utique
1215 1951 1283 1989 filii
1308 1950 1372 1990 dei
1397 1966 1474 1990 non

146 2015 248 2048 sunt.
308 2007 482 2060 Apparet
514 2008 703 2046 communi
733 2014 894 2045 naturae
926 2009 1090 2046 omnium
1117 2009 1308 2047 homiuum
1340 2017 1381 2048 et
1405 2009 1474 2049 de-

146 2066 240 2105 licta
264 2072 306 2104 et
329 2065 664 2117 concupiscentias
689 2065 816 2103 carnis
846 2071 887 2103 et
910 2064 1219 2104 incredulitatem
1250 2073 1291 2105 et
1320 2068 1474 2106 iracun-

149 2122 250 2163 diam
279 2124 477 2174 reputari,
515 2121 670 2161 diabolo
702 2129 827 2161 tamen
853 2129 1031 2174 captante
1062 2130 1260 2170 naturam,
1299 2136 1408 2177 quam
1435 2133 1475 2164 et

147 2181 232 2232 ipse
267 2180 405 2218 infecit
440 2179 573 2218 delicti
610 2180 755 2218 semine
790 2180 912 2219 illato.
980 2180 1139 2232 Ipsius,
1164 2182 1309 2233 inquit,
1348 2196 1475 2220 sumus

148 2237 325 2283 factura,
373 2236 519 2275 conditi
550 2237 590 2275 in
626 2236 793 2276 Christo.
811 2237 851 2286 ⁷)
917 2235 1032 2276 Aliud
1071 2245 1132 2277 est
1167 2239 1326 2285 facere,
1371 2239 1474 2277 alind

150 2293 334 2333 condere.
396 2293 474 2333 Sed
506 2301 705 2346 utrumque
735 2295 800 2333 uni
831 2293 950 2333 dedit.
1011 2294 1135 2334 Homo
1166 2303 1291 2334 autem
1323 2296 1475 2335 factura

149 2352 340 2391 creatoris
365 2358 436 2390 est.
499 2350 603 2390 [dem
630 2364 726 2403 ergo
752 2351 926 2391 condidit
950 2353 988 2390 in
1014 2353 1183 2399 Christo,
1210 2354 1271 2404 qui
1300 2360 1340 2392 et
1365 2354 1471 2392 fecit.

241 2500 281 2545 1)
315 2502 404 2542 Eph.
430 2504 462 2541 2,
487 2504 516 2532 1.
532 2503 562 2533 2.
659 2503 695 2541 2)
721 2503 773 2533 lta
798 2503 929 2533 emend.
953 2503 1009 2534 Fr.
1035 2503 1177 2541 1unius;
1204 2504 1331 2536 ceteri:
1357 2505 1476 2535 sicut

149 2547 234 2579 die.
261 2557 291 2578 e.
317 2549 491 2588 profert
515 2550 556 2579 et
580 2549 728 2579 refert.
835 2550 872 2588 3)
898 2549 1032 2589 1es.14‚
1049 2550 1102 2580 14.
1219 2551 1258 2590 4)
1285 2550 1372 2590 Eph.
1393 2552 1426 2591 2,
1443 2553 1472 2582 3.

150 2591 187 2633 5)
212 2593 292 2626 ibid.
386 2594 423 2633 6)
449 2594 527 2626 ibid.
622 2595 658 2634 Ἴ)
684 2594 728 2625 ib.
739 2603 768 2624 v.
781 2595 836 2625 10.

211 2650 404 2684 'rm-rum..
430 2652 485 2682 111.
1132 2644 1188 2682 20
