1566 2808
350 260 475 292 Anv.
508 259 876 292 mancioxssm
911 260 1087 291 mnne
1116 260 1174 295 nr.
1301 247 1432 299 '153

89 354 197 397 ,novi
227 354 457 394 testamenti»
480 352 751 392 diversitatem
778 354 1011 401 constituat,
1042 353 1206 406 proinde
1240 351 1431 394 Christum

106 424 213 451 suum
244 424 272 451 a
292 417 473 461 creatore
505 418 753 463 separaturus
779 418 819 449 ut
844 410 907 450 dei
923 412 957 458 ι)
985 411 1161 458 alterius,
1196 419 1237 450 ut
1266 413 1431 452 alienum

107 466 206 522 legis
236 475 279 508 et
300 469 588 522 prophetarum.
651 468 768 509 Certe
799 476 1009 520 propterea
1035 470 1231 509 contraria
1257 483 1432 523 quaeque

106 523 322 575 sentehtiae*
344 539 442 565 suae
468 524 601 572 erasit,
628 527 891 579 conspirantia
918 540 1001 565 cum
1028 526 1223 575 creatore,
1251 525 1361 580 quasi
1383 529 1431 567 ab

106 572 373 622 adsertoribus
410 584 494 622 eius
533 585 700 631 intexta3
753 585 1012 636 competentia
1049 591 1176 623 autem
1214 586 1432 624 sententiae

106 653 200 680 suae
223 641 451 680 reservavit.
515 640 622 679 Haec
649 642 933 687 conveniemus,
961 642 1058 680 baec
1084 643 1373 694 amplectemur,
1400 645 1433 681 si

106 698 306 737 nobiscum
333 699 454 749 magis
478 699 641 744 fuerint,
674 700 705 736 si
731 698 943 736 Marcionis
967 700 1317 751 praesumptionem
1343 712 1433 751 per-

107 756 311 794 cusserint.
373 755 481 794 Tunc
520 762 560 793 et
590 755 658 792 illa
688 754 889 792 constabit
912 754 1049 801 eodem
1080 756 1174 793 vitio
1206 755 1432 796 haereticae

107 812 312 853 caecitatis
337 821 469 858 erasa,
503 825 577 864 quo
610 818 650 850 et
679 812 778 850 haee
811 818 1022 850 reservata.
1086 811 1152 851 Sic
1184 813 1343 853 babebit
1374 815 1433 852 in·

106 865 232 908 tentio
259 876 301 907 et
324 869 449 907 forma
475 869 650 921 opusculi
676 870 817 916 nostri,
850 870 918 908 sub
946 870 1011 908 illa
1036 869 1167 921 utique
1194 871 1432 917 conditione,

107 938 206 980 quae
233 921 295 966 'e‘x
330 933 493 979 utraque
525 934 636 979 parte
669 926 850 966 condicta
881 928 943 966 sit.
979 971 981 973 ,
1018 927 1227 973 Constituit
1255 929 1432 968 Marcion

106 985 222 1023 alium
247 984 556 1040 essetlbmstum,
583 985 646 1037 qui
657 984 875 1023 Tiberianis
901 985 1139 1037 temporibus
1162 985 1285 1026 adeo
1313 1000 1433 1039 quon-

107 1034 356 1094 dam‘ignoto
382 1035 576 1081 revelatus
602 1044 651 1080 sit
675 1043 714 1080 in
733 1043 893 1081 salutem
909 1044 1072 1085 omnium
1087 1045 1277 1094 gentium3
1304 1046 1432 1089 alium,

108 1100 173 1152 qui
197 1098 221 1137 a
246 1098 321 1138 deo
347 1107 528 1139 creatore
555 1101 591 1138 in
617 1096 900 1139 restitutionem
920 1099 1068 1140 Iudaici
1094 1108 1215 1139 status
1240 1103 1289 1139 sit
1314 1101 1434 1140 desti-

108 1156 230 1195 natus'
257 1156 485 1209 quandoque
522 1164 721 1196 tenturus.-
779 1157 887 1195 luter
911 1157 981 1195 bos
1013 1171 1186 1208 magnam
1207 1165 1258 1196 ‘et
1283 1172 1434 1197 omnem

110 1212 370 1260 differentiam
396 1213 555 1260 scindit,
577 1215 754 1265 quantain
781 1215 883 1252 inter
907 1215 1042 1252 iustum
1069 1222 1109 1252 et
1132 1215 1286 1262 bonum,
1315 1229 1434 1267 quan·

111 1267 317 1310 tam'inter
342 1271 469 1323 legem
502 1278 543 1310 et
566 1271 827 1322 evangelium,
860 1278 1038 1323 quantam
1070 1273 1172 1310 inter
1203 1272 1449 1311 Iudaismum·

110 1335 153 1367 et
177 1327 547 1373 Christianismum„
584 1329 681 1367 Hinc
718 1330 794 1367 erit
829 1335 870 1367 et
894 1331 1327 1381 nostra-praescriptio,
1361 1344 1435 1382 qua

111 1384 334 1438 defigimus,
361 1386 454 1424 nihil
482 1386 637 1435 Christo
662 1385 732 1424 ‘dei
764 1386 923 1424 alterius
949 1391 1149 1430 commune
1175 1399 1261 1425 esse
1288 1386 1434 1425 debere

110 1447 197 1482 eum
223 1450 424 1489 creatore,
462 1446 633 1482 ceterum
667 1443 858 1481 creatoris
883 1442 1223 1494 pronuntiandum,
1256 1445 1288 1482 si
1314 1443 1433 1482 admi-

109 1501 335 1539 nistraverit
359 1499 633 1552 dispositiones
659 1500 759 1547 eius,
786 1495 818 1538 si
844 1498 1062 1551 impleverit
1086 1502 1311 1553 prophetias
1337 1505 1432 1548 eius,

109 1558 156 1596 si·
179 1556 656 1608 adiuveritieges‘eiuffi
695 1559 728 1595 si
765 1559 1121 1609 repraesentaverit
1157 1559 1433 1611 promissiones

108 1610 221 1662 εἰπὲ-ζ
251 1615 283 1653 si
320 1610 606 1656 restauraverit
623 1615 785 1654 virtutes
810 1616 911 1662 eius,
949 1617 981 1654 si
1007 1618 1219 1655 sententias
1245 1617 1433 1656 reforma-

108 1666 224 1719 verit,
249 1673 282 1727 si
306 1671 447 1727 mores,
474 1673 506 1710 si
530 1673 792 1725 proprietates
818 1674 1082 1725 expresserit.⁴
1120 1673 1239 1729 liuius
1265 1675 1368 1725 pacti
1395 1682 1433 1713 et

110 1729 226 1768 huius
246 1730 497 1781 praescripti,
537 1743 681 1781 quaeso
709 1737 766 1776 te,
800 1731 946 1776 lector,
985 1724 1203 1769 memineris
1228 1731 1368 1783 ubique
1395 1738 1434 1770 et

112 1787 243 1838 incipe
266 1792 558 1839 recognoscere
585 1793 651 1824 aut
673 1786 885 1824 Marcionis
912 1787 1104 1825 Christum
1137 1795 1203 1825 aut
1228 1790 1432 1833 creatoris.

162 1855 167 1857 ’
227 1846 270 1886 7.
315 1841 431 1882 An'no
457 1842 743 1894 quintodecimo
773 1843 1010 1895 principatus
1033 1843 1228 1883 Tiberiani
1253 1834 1449 1898 proponis

111 1902 251 1953 eum32)
285 1899 536 1939 descendisse
558 1900 605 1937 *in
632 1901 826 1939 civitatem
860 1899 1060 1940 Galilaeae
1098 1902 1365 1954 Capharnaum
1379 1903 1432 1954 ³),

111 1959 243 2011 utiquc
257 1957 308 1997 de
332 1958 447 1997 coelo
473 1959 676 2004 creatoris,
702 1958 749 1996 in·
766 1957 867 2015 qnod
893 1957 943 1997 de
966 1972 1037 2000 suo
1057 1966 1146 1999 ante
1161 1959 1431 1999 descenderat.

111 2013 263 2069 Ecquid
287 2029 384 2067 ergo
411 2014 558 2053 ordinis
582 2015 722 2062 fuerat,
747 2023 790 2054 ut
814 2016 920 2068 prius
944 2015 1000 2055 de'
1019 2029 1090 2055 suo
1116 2018 1229 2056 eoelo'
1255 2019 1294 2056 in
1320 2030 1434 2057 crea·

43 2122 46 2124 -
112 2075 210 2112 toris
236 2071 483 2112 descendens
514 2071 829 2112 describeretur?
875 2068 957 2113 Gur
978 2075 1077 2114 enim
1102 2088 1181 2113 non
1206 2082 1247 2114 et
1271 2077 1345 2114 ista
1369 2088 1434 2114 re-

110 2130 367 2182 prehendam,
401 2143 498 2183 quae
531 2143 606 2168 non
632 2131 790 2183 implent
813 2130 927 2170 fidem
954 2131 1174 2171 ordinariae
1200 2134 1434 2171 narrationis

111 2181 331 2246 deficientis
367 2188 406 2225 in
438 2186 639 2226 mendacio
675 2183 852 2240 semper?
903 2189 1021 2228 Plane
1057 2190 1177 2231 se'mel
1209 2189 1312 2229 dicta
1344 2191 1433 2236 sint,

112 2253 183 2297 per
207 2257 304 2297 quae
330 2246 403 2284 iam
428 2245 522 2283 alibi
547 2247 858 2293 retractavimus,
884 2260 933 2295 an
958 2246 1201 2286 descendens
1226 2260 1299 2298 per
1322 2259 1434 2285 crea—

110 2309 255 2349 torem,
287 2309 329 2341 et
359 2300 510 2354 quidem
542 2301 725 2342 adversus
756 2305 898 2356 ipsunt,
935 2306 1107 2356 potnerit
1136 2304 1184 2342 ab
1211 2317 1259 2342 eo
1284 2303 1434 2342 admitti

110 2366 152 2398 et
174 2359 265 2414 inde
283 2360 495 2398 ‘transmitti
527 2360 564 2397 in
590 2366 732 2399 terram
757 2374 879 2414 aeque
906 2363 1038 2414 ipsius.
1102 2360 1215 2399 Nunc
1241 2368 1368 2399 autem
1394 2364 1436 2400 et

109 2417 306 2470 reliquum
330 2414 504 2455 ordinem
537 2415 802 2456 descensionis
841 2419 1064 2471 expostulo,
1103 2425 1239 2456 tenens
1270 2415 1435 2457 descen-

110 2473 214 2514 disse
244 2475 361 2529 illum.
415 2472 572 2512 Viderit
600 2475 723 2522 enim,
754 2475 878 2530 sicubi
908 2476 1132 2528 apparuisse
1162 2476 1328 2528 positum
1360 2483 1431 2515 est.

180 2574 218 2619 1)
231 2564 826 2618 Rhen.ed.1.separaturum'ut
845 2580 962 2610 deum
982 2580 1170 2612 alterius
1191 2583 1259 2612 etc.
1313 2578 1351 2622 2)
1364 2580 1433 2611 Pa-

110 2621 189 2698 13ne11.
207 2623 312 2699 εἰὲῗ.
326 2623 430 2655 Fran.
453 2625 572 2656 deum
594 2626 664 2656 des
674 2636 721 2668 c.,
742 2626 833 2666 quod
850 2628 978 2666 probat
997 2625 1085 2668 Aug.
1104 2627 1215 2659 Halm.
1286 2627 1325 2668 ³)
1349 2628 1433 2659 Luc.

134 2691 143 2708 ‚
180 2692 188 2699 .
235 2692 247 2711 ‚
306 2690 316 2699 .
