1604 2800
511 135 638 167 ADv.
674 136 1110 168 HERMOGENEM.
1409 137 1479 174 ⁸2

147 234 285 269 motus.
347 227 414 267 Sic
440 228 538 267 enim
566 236 607 267 et
632 229 734 267 ollae
759 228 926 281 undique
952 230 1171 268 ebullientis
1195 229 1478 269 similitudinem

147 286 330 337 apponis·
353 287 391 333 ¹)
452 284 503 324 Et
527 285 720 337 quomodo
747 287 838 325 alibi
864 288 959 325 alius
983 301 1008 326 a
1032 294 1071 325 te
1096 287 1328 326 affirmatur?
1386 289 1480 328 Cum

146 344 249 382 enim
266 344 330 382 vis
356 344 558 382 materiam
584 351 658 382 nec
686 345 821 382 bonam
849 357 923 383 nec
947 346 1084 383 malam
1108 344 1311 393 inducere,
1348 347 1479 397 igitur,

146 401 286 453 inquis4
312 400 518 440 subiacens
544 403 720 447 materia,
747 403 920 454 aequalis
945 404 1127 442 momenti
1152 403 1298 442 habens
1323 410 1478 450 motum,

145 471 271 510 neque
296 457 346 497 ad
377 459 517 497 bonum
550 472 674 511 neque
709 459 757 498 ad
790 459 925 498 malum
958 462 1156 512 plurimum
1187 462 1315 499 vertit.
1336 463 1374 510 2)
1437 461 1480 500 Si

145 516 318 568 aequalis
343 518 538 563 momenti⁷
565 518 638 555 iam
666 531 742 555 non
768 517 1009 556 turbulentus
1034 532 1107 557 nec
1134 519 1384 566 cacabacius,
1411 518 1480 559 sed

146 575 383 626 compositus
409 582 449 612 et
473 582 727 626 temperatae,
766 575 919 614 scilicet
951 577 1014 628 qui
1045 578 1148 614 inter
1170 576 1309 615 bonum
1336 583 1377 615 et
1400 590 1481 616 ma-

145 631 221 670 lum
248 645 318 669 suo
343 632 505 670 arbitrio
531 633 717 683 agitatus,
744 633 781 670 in
809 641 982 672 neutram
1008 641 1135 672 tamen
1162 641 1312 685 partem
1337 648 1480 686 pronus

144 695 187 728 et
214 702 424 741 praeceps,
462 688 612 728 mediar
641 689 744 742 quod
777 692 883 728 aiunt
913 693 1069 742 ginaten
1103 704 1152 729 ex
1177 692 1214 728 vi
1241 691 1381 730 librato
1409 693 1477 730 im·

145 752 236 799 petu
273 746 486 786 ferebatur.
509 748 548 795 ³)
610 747 735 793 Haec,
775 748 943 799 inquies,
982 762 1057 786 non
1094 755 1172 793 est,
1212 749 1309 786 haec
1348 749 1479 787 turbu-

143 804 313 851 lentia4)
329 810 370 842 et
394 804 595 856 passivitas
620 818 695 842 non
721 811 795 850 est,
821 804 888 843 sed
916 804 1132 843 moderatio
1158 811 1199 843 et
1223 805 1414 844 modestia
1439 813 1479 844 et

143 862 291 900 iustitia
315 862 538 900 motationis
564 869 736 900 neutram
764 863 803 900 in
829 870 977 913 partem
1003 863 1236 901 inclinantis.
1258 865 1295 909 ⁵)
1359 863 1477 902 Plane

142 920 175 958 si
206 919 281 958 buc
313 926 354 958 et
385 920 475 958 illuc
507 926 573 958 aut
602 921 641 958 in
673 920 836 958 alterum
875 922 995 971 magis
1031 921 1288 973 proclinaret,
1315 921 1353 969 ⁶)
1387 928 1477 960 tune

141 977 458 1016 inconcinnitatis
501 984 541 1016 et
583 978 869 1029 inaequalitatis
912 986 953 1016 et
995 979 1253 1017 turbulentiae
1298 978 1476 1017 denotari

144 1032 375 1074 mereretur.
437 1034 560 1074 Porro
598 1036 629 1074 si
667 1048 792 1087 neque
829 1034 880 1074 ad
916 1035 1056 1074 bonum
1095 1049 1219 1088 neque
1257 1035 1305 1074 ad
1338 1037 1475 1075 malum

142 1093 305 1144 pronior
327 1100 414 1131 erat
437 1100 580 1139 motus,
618 1094 750 1144 utique
782 1095 886 1131 inter
914 1093 1054 1130 bonum
1086 1101 1127 1131 et
1163 1093 1300 1131 malum
1332 1094 1477 1144 ageba-

145 1157 220 1187 tur.
281 1149 335 1187 Et
358 1163 408 1188 ex
433 1151 507 1188 hoc
533 1163 685 1201 quoque
710 1151 909 1188 materiam
935 1149 1267 1189 determinabilem
1300 1158 1474 1202 apparet,

141 1207 255 1245 cuius
278 1214 404 1245 motus
430 1220 503 1245 nec
528 1207 628 1244 malo
661 1220 734 1245 nec
764 1207 867 1245 bono
899 1221 1043 1259 pronus
1072 1220 1140 1254 eo,
1179 1206 1280 1260 quod
1312 1209 1348 1246 in
1382 1222 1475 1247 neu—

144 1271 242 1302 trum
270 1263 458 1311 vertebat,
478 1264 519 1315 ἵ)
544 1265 646 1302 intra
670 1271 872 1317 utrumque
898 1265 946 1303 ab
972 1272 1136 1318 utroque
1162 1264 1357 1317 pendebat
1374 1267 1411 1315 ⁸)
1436 1274 1477 1304 et

143 1322 220 1360 boc
244 1323 398 1360 nomine
424 1322 471 1360 ab
498 1329 662 1374 utroque
687 1321 1027 1361 determinabatur.
1089 1321 1170 1361 Sed
1191 1330 1243 1361 ·et
1269 1322 1410 1362 bonum
1437 1331 1478 1362 et

143 1380 281 1418 malum
307 1380 346 1418 in
371 1380 461 1418 loco
486 1379 596 1427 facis,
624 1394 708 1418 cum
735 1379 834 1418 dicis
859 1387 1001 1418 motum
1027 1381 1213 1419 materiae
1239 1381 1278 1418 in
1297 1388 1473 1419 neutrum

143 1450 277 1476 eorum
302 1437 420 1476 ruisse
447 1450 690 1489 propensum.
738 1437 906 1476 Materia
931 1439 1045 1485 enim,
1072 1450 1170 1489 quae
1196 1439 1234 1476 in
1260 1438 1349 1476 loco
1376 1446 1473 1484 erat,

142 1507 268 1547 neque
290 1494 368 1533 bue
392 1507 517 1546 neque
543 1495 635 1533 illuc
659 1493 895 1546 devergens,
927 1497 967 1534 in
999 1495 1087 1534 loca
1118 1509 1195 1533 non
1221 1494 1473 1547 devergebat,

141 1554 181 1591 in
212 1552 348 1605 quibus
379 1560 467 1591 erat
495 1552 636 1591 bonum
661 1560 701 1592 et
725 1554 875 1592 malum.
938 1552 1042 1591 Dans
1067 1560 1194 1591 autem
1220 1553 1344 1592 locum
1373 1555 1474 1592 bono

142 1617 186 1649 et
208 1610 330 1658 malo,
363 1611 582 1662 corporalia
609 1623 656 1649 ea
679 1611 797 1657 facis,
835 1609 1016 1649 faciendo
1043 1611 1203 1656 localia,
1236 1611 1343 1662 quia,
1376 1625 1474 1663 quae

143 1668 269 1706 locum
291 1667 457 1714 hahent,
495 1669 600 1719 prius
631 1675 709 1714 est,
747 1675 788 1705 nt
820 1668 1040 1718 corporalia
1065 1668 1154 1705 sint.
1215 1667 1391 1720 Denique
1417 1670 1475 1705 in-

145 1725 367 1776 corporalia
391 1726 586 1776 proprium
615 1725 740 1763 locum
766 1738 843 1762 nou
869 1725 1076 1769 haberent,
1115 1725 1188 1762 nisi
1219 1726 1258 1763 in
1292 1738 1473 1776 corpore,

144 1794 230 1820 cum
268 1783 425 1832 corpori
461 1781 665 1824 accedunt.
726 1780 789 1818 Ad
825 1781 965 1818 bonum
998 1787 1123 1819 autem
1156 1788 1196 1819 et
1227 1782 1365 1819 malum
1398 1796 1474 1821 nou

144 1838 383 1890 devergente
402 1839 439 1888 ⁹)
465 1839 645 1883 materia,
684 1844 726 1875 ut
761 1844 827 1876 aut
859 1838 1080 1889 corporalia
1117 1845 1183 1876 aut
1219 1838 1359 1877 localia
1387 1853 1473 1878 ‘non

143 1895 399 1947 devergebat.
460 1895 607 1933 Bonum
634 1908 731 1946 ergo
761 1902 803 1934 et
832 1896 968 1933 malum
1007 1908 1135 1942 erras,
1173 1897 1205 1934 si
1242 1896 1474 1936 substantias

142 1967 232 1993 esse
254 1954 333 2002 vis3
358 1953 590 1991 substantias
615 1953 714 1990 enim
740 1952 851 1999 facis,
878 1953 1116 2004 quibusrloca
1137 1952 1332 2004 adsignas.
1365 1954 1473 1993 Loca

142 2019 273 2051 autem
303 2009 502 2063 adsignas,
541 2024 626 2049 cum
657 2011 843 2049 materiae
875 2018 1016 2049 motum
1046 2011 1095 2049 ab
1121 2017 1282 2063 utraque
1307 2013 1472 2062 regione

142 2068 360 2121 suspendis.

237 2171 273 2213 1)
296 2173 406 2204 Rhen-
418 2174 471 2204 ed.
485 2175 507 2202 Ι.
522 2182 541 2203 o
553 2182 571 2210 p
582 2173 819 2214 pone13Rig.
833 2174 1028 2213 apponis.
1112 2174 1150 2212 2)
1171 2173 1229 2206 ste
1243 2174 1295 2204 ed.
1307 2175 1352 2211 1.;
1366 2174 1473 2204 Rhen-

146 2228 236 2250 σοι-ι’.
249 2219 400 2260 vergit.
498 2217 533 2257 3)
558 2219 672 2249 hocu-
686 2229 829 2258 prortus
839 2223 1034 2258 corruptus.
1082 2221 1190 2252 Rhen.
1205 2220 1362 2259 scripsit:
1384 2229 1471 2249 me-

145 2265 257 2305 dine,
276 2265 383 2304 quod
403 2264 541 2300 aiunt,
561 2264 713 2304 aginae
733 2265 1024 2304 aequilibrato
1046 2266 1204 2305 impetu
1224 2266 1471 2303 fei-ebatum

145 2321 246 2350 quam
255 2311 491 2342 coniecturam
501 2310 999 2350 ceneclanpnetersemterum
1012 2315 1079 2341 uno
1087 2320 1261 2342 consensu
1271 2312 1472 2349 probarunt.

145 2358 184 2397 4)
206 2357 475 2388 Emendationes
488 2357 644 2387 Rlienani
658 2359 792 2388 ceteras
806 2358 839 2388 in
854 2358 919 2390 hoc
934 2367 1009 2398 cap.
1024 2358 1208 2388 maximam
1225 2358 1357 2396 partem
1371 2366 1472 2388 rece-

145 2404 271 2443 pimus.
287 2420 326 2427 -—
342 2403 404 2433 Ed.
419 2405 443 2434 Ι.
457 2403 720 2434 turbulenta.
815 2404 851 2440 5)
874 2404 937 2434 Ed.
953 2405 976 2435 Ι.
996 2403 1253 2434 mutationis
1271 2405 1470 2433 neutram

143 2452 311 2490 partem
331 2449 580 2480 iudicantis.
673 2449 710 2488 6)
733 2449 830 2481 Eud.
843 2450 972 2480 autin
988 2450 1077 2480 tate
1090 2458 1232 2480 rerum
1247 2449 1471 2489 procliva-

142 2498 259 2528 rnut.
319 2518 333 2529 .
351 2495 389 2538 ⁶1)
417 2495 522 2527 Rhen.
538 2497 748 2535 vergebat.
841 2495 880 2534 8)
900 2495 1225 2526 attenuabat.
1320 2494 1471 2535 mma.

145 2542 301 2572 Bonum
316 2551 347 2574 a..
362 2545 402 2572 et
415 2551 458 2572 m.
475 2551 507 2571 n.
528 2542 762 2583 devergent
783 2545 877 2572 mat.

204 2600 405 2632 varum„
439 2600 492 2629 n‘.
1157 2589 1181 2627 3
