1624 2826
207 233 310 269 314
461 233 583 263 ADv.
619 228 982 262 MARCIONEM
1015 227 1193 258 LIBER
1226 227 1277 258 Vs·
1326 223 1336 231 ³

209 324 392 366 mandans
418 325 551 364 etiam:
588 330 726 362 novate
752 321 863 361 vobis
887 333 1075 360 novamen
1109 332 1264 365 novum,
1281 319 1318 367 ¹)
1358 318 1430 361 iam
1446 325 1532 372 ‘tum

208 383 378 423 docebat
403 381 600 436 deponere
627 389 798 420 veterem
825 380 1016 423 hominem
1044 385 1082 417 et
1109 390 1245 416 novum
1271 374 1447 415 induere.

436 489 497 514 DE
529 486 791 514 EP¹STOLA
815 485 876 511 AD
902 482 1304 510 ΡΗῙΒΙΡΡΕΝδΕΒ

320 559 388 599 20.
451 555 544 594 Cum
577 553 878 608 praedicationis
916 559 1116 592 enumerat
1147 552 1396 597 varietatem,
1436 548 1546 602 quod

206 615 270 653 alii
307 627 357 654 ex
393 613 534 653 fiducia
564 613 802 652 vinculorum
836 612 918 651 eius
950 609 1151 650 audentius
1176 601 1392 648 sermonem
1419 620 1538 647 enun-

204 674 365 719 tiarent,
404 672 468 710 alii
494 684 564 723 per
588 669 766 710 invidiam
793 677 833 709 et
858 670 1165 715 contentionem,
1204 665 1355 720 quidam
1379 678 1473 705 vero
1499 671 1540 703 et

205 743 276 780 per
301 730 490 768 sermonis
516 729 838 767 existimationem
854 756 864 775 ‚
897 728 1071 779 plerique
1098 739 1148 765 ex
1173 724 1410 772 dilectione,
1444 736 1539 762 non-

205 786 298 824 nulli
330 799 380 825 ex
410 785 698 832 aemulatione,
728 787 803 823 iam
835 785 951 835 aliqui
982 791 1022 823 et
1053 796 1103 822 ex
1127 783 1318 821 simultate
1345 781 1538 820 Christum

204 842 502 895 praedicarent·
523 844 561 891 2)
601 849 686 881 erat
717 843 846 894 utique
878 841 941 880 vel
972 841 1034 880 hic
1067 840 1176 879 locus
1202 838 1393 878 taxandae
1420 839 1538 890 ipsius

204 899 506 952 praedicationis
544 899 592 939 de
630 899 853 938 diversitate
891 899 1126 945 sententiae,
1166 909 1263 950 quae
1288 893 1431 935 tantam
1458 895 1538 934 effi-

206 965 315 999 ceret
346 959 460 997 etiam
491 958 701 996 animorum
731 958 972 996 varietatem.
1035 954 1112 995 Sed
1147 968 1302 994 caussas
1328 954 1430 993 solas
1455 954 1538 991 ani-

205 1029 368 1063 morum,
408 1029 482 1054 non
509 1016 663 1067 regulas
689 1021 1037 1061 sacramentorum,
1080 1014 1118 1051 in
1144 1012 1367 1051 diversitate
1394 1023 1536 1063 propo·

204 1087 310 1120 nens,
343 1087 455 1112 unum
482 1080 608 1111 tamen
636 1072 826 1111 Christum
854 1079 894 1111 et
918 1085 1029 1110 unum
1062 1071 1144 1109 eius
1171 1068 1281 1108 deum
1309 1081 1535 1121 quocunque

204 1131 366 1169 consilio
393 1129 656 1182 praedicatum
684 1130 903 1175 coufirmat,
942 1136 982 1167 et
1014 1127 1121 1174 ideo,
1150 1127 1242 1165 nihil
1269 1140 1373 1173 mea,
1401 1126 1534 1178 inquit,

203 1189 281 1226 sive
309 1188 552 1226 caussatione
578 1188 658 1225 sive
689 1188 855 1225 veritate
883 1185 1058 1225 Christus
1083 1184 1349 1231 adnuntietur,
1369 1184 1409 1233 ³)
1448 1185 1536 1236 quia

201 1259 295 1283 unus
339 1245 636 1283 adnuntiabatur
672 1246 752 1283 sive
791 1258 838 1284 ex
879 1244 1122 1283 caussatione
1166 1243 1246 1281 sive
1285 1255 1334 1282 ex
1369 1242 1534 1280 veritate

202 1302 304 1340 fidei.
365 1302 428 1341 Ad
472 1302 583 1341 fldem
629 1303 729 1342 enim
771 1300 1076 1355 praedicationis
1120 1300 1253 1340 retulit
1301 1300 1534 1339 mentionem

200 1361 393 1406 veritatis,
433 1374 507 1398 non
533 1359 581 1398 ad
608 1360 767 1410 regulae
792 1359 930 1412 ipsius,
969 1360 1055 1411 quia
1082 1371 1155 1397 una
1182 1356 1334 1410 quidem
1361 1364 1446 1397 erat
1469 1370 1534 1396 te·-

202 1417 309 1466 gula3
337 1416 402 1454 sed
432 1415 527 1454 fides
559 1416 862 1468 praedicantium
890 1415 1125 1468 quorundam
1150 1429 1263 1463 vera,
1296 1414 1334 1454 id
1361 1422 1420 1455 est
1445 1416 1534 1454 sim-

201 1474 310 1524 plex,
349 1472 585 1524 quorundam
618 1475 730 1512 nimis
763 1473 890 1512 docta.
955 1472 1066 1521 Quod
1093 1486 1176 1511 cum
1204 1474 1257 1511 ita
1282 1474 1344 1520 sit,
1371 1480 1534 1526 apparet

201 1543 285 1569 eum
303 1530 492 1569 Christum
519 1529 795 1582 praedicatum,
824 1531 887 1582 qui
913 1543 1066 1581 semper
1089 1529 1400 1568 adnuntiabatur.
1434 1530 1533 1569 Nam

200 1589 231 1625 si
257 1588 353 1626 alius
380 1588 494 1640 longe
521 1588 567 1626 ab
594 1588 769 1639 apostolo
797 1587 1059 1634 induceretur,
1086 1587 1246 1626 fecisset
1270 1585 1532 1626 diversitatem

200 1647 348 1689 novitas
374 1647 444 1684 rei.
496 1644 580 1684 Nec
607 1646 706 1684 enim
734 1644 957 1692 defuissent,
985 1645 1047 1696 qui
1073 1643 1402 1696 praedicationem
1417 1657 1532 1683 evan-

199 1703 362 1753 gelicam
390 1703 632 1741 nihilominus
664 1704 700 1741 in
728 1702 917 1742 Christum
946 1702 1136 1741 creatoris
1168 1702 1531 1753 interpretarentur,

199 1773 282 1798 cum
320 1767 360 1798 et
395 1759 511 1799 hodie
550 1761 672 1798 maior
708 1774 797 1812 pars
829 1761 879 1799 sit
917 1759 1090 1798 omnihus
1121 1760 1159 1797 in
1192 1759 1289 1797 locis
1314 1759 1531 1799 sententiae

198 1824 373 1864 nostrae,
407 1831 517 1870 quam
544 1818 786 1866 haereticae3
815 1831 888 1870 quo
917 1830 988 1856 nec
1015 1817 1077 1855 hic
1104 1817 1302 1869 apostolus
1327 1815 1376 1856 de
1402 1815 1532 1856 diver-

198 1875 320 1912 sitatis
352 1874 603 1914 denotatione
636 1883 675 1914 et
711 1877 978 1928 increpatione
1011 1875 1209 1913 tacuisset.
1271 1873 1329 1913 Ita
1362 1887 1447 1913 cum
1472 1872 1531 1912 di-

197 1932 359 1969 versitas
384 1945 431 1970 ne
458 1939 612 1971 taxatur
642 1932 813 1985 quidem,
852 1933 1001 1971 novitas
1034 1946 1109 1971 non
1147 1931 1347 1986 probatur.
1408 1930 1528 1970 Plane

197 1986 244 2026 de
282 1988 493 2028 substantia
519 1989 662 2028 Christi
699 1997 834 2042 putant
864 1998 904 2029 et
935 1991 998 2030 hic
1029 1989 1286 2029 Marcionitae
1324 1988 1530 2041 suffragari

196 2046 409 2097 apostolum
441 2046 533 2094 sibi,
572 2046 673 2114 quod
705 2047 928 2100 phantasma
966 2049 1093 2087 carnis
1130 2047 1247 2086 fuerit
1285 2047 1324 2085 in
1357 2045 1527 2093 Christo,

197 2115 280 2140 cum
307 2101 420 2150 dicit,
448 2103 584 2155 quod
574 2118 613 2142 m
638 2104 763 2157 effigie
790 2105 853 2146 dei
881 2107 1130 2152 constitutus,
1157 2118 1233 2143 non
1258 2105 1431 2157 rapinam
1457 2116 1527 2143 ex-

194 2160 376 2199 istimavit
411 2161 556 2212 pariari
593 2161 692 2210 de0,
731 2163 799 2202 sed
832 2165 1008 2204 exhausit
1044 2169 1167 2203 semet
1203 2162 1324 2214 ipsum
1362 2160 1525 2215 accepta

194 2217 319 2269 effigie
346 2219 472 2266 servi,
511 2233 586 2258 non
613 2221 795 2268 veritate,
834 2230 875 2261 et
898 2223 937 2262 in
963 2219 1210 2261 similitudine
1236 2219 1420 2267 hominis,
1447 2232 1524 2258 non

192 2276 229 2312 in
256 2275 434 2322 homine,
472 2283 511 2315 et
538 2277 659 2328 ligura
684 2280 857 2319 inventus
883 2281 1072 2328 homost)
1106 2291 1180 2317 non
1207 2274 1445 2325 substantia,
1483 2275 1523 2316 id

192 2339 251 2370 est
276 2346 352 2371 non
379 2346 495 2373 carne
511 2362 521 2381 ‚
561 2337 667 2387 quasi
694 2350 768 2375 non
794 2345 833 2376 et
859 2337 979 2389 ligura
1012 2344 1052 2376 et
1076 2334 1284 2376 similitudo
1310 2342 1350 2375 et
1373 2334 1520 2386 effigies

191 2389 426 2430 substantiae
453 2405 603 2445 quoque
630 2393 832 2433 accedant.
882 2395 988 2434 Bene
1014 2401 1160 2440 autem,
1188 2391 1290 2445 quod
1314 2399 1355 2431 et
1378 2390 1516 2440 alihi5)

192 2446 381 2486 Christum
413 2449 618 2501 imaginem
645 2449 706 2490 dei
732 2453 932 2492 invisibilis
958 2452 1139 2505 appellat.
1201 2448 1395 2502 Numquid
1420 2461 1516 2500 ergo

283 2582 321 2626 1)
347 2586 499 2626 1e1·.4‚3‚
594 2590 631 2628 2)
656 2590 742 2622 Phil.
759 2592 790 2631 1,
808 2592 953 2622 14-17.
1052 2591 1088 2630 3)
1120 2591 1162 2621 ib.
1178 2600 1207 2622 v.
1223 2592 1276 2621 18.
1377 2590 1414 2628 4)
1430 2588 1516 2618 rhu.

190 2628 220 2666 ²,
238 2630 269 2657 6.
284 2629 315 2659 τ.
410 2632 445 2670 5)
472 2633 657 2674 Col.1,15.
