1624 2826
399 214 923 246 ADv.n1ARc10NEM
958 215 1135 246 ωΒΕΒ
1166 216 1206 247 ν.
1358 202 1461 251 25³

216 365 737 426 ADVERSUS
797 362 1379 424 MARCIONEM

532 477 737 522 LIBER
774 477 1074 535 QmNTus.

248 660 285 698 1.
334 655 442 694 Nihil
474 656 556 694 sine
589 657 739 707 origiue
772 657 842 694 nisi
876 655 971 696 deus
1000 656 1123 705 solus3
1161 668 1260 709 quae
1286 663 1464 710 quantum

127 712 332 767 praeeedit
357 715 395 752 in
421 720 521 751 statu
549 715 712 751 omnium
734 727 877 759 rerum,
902 721 1046 752 tantum
1066 713 1280 765 praecedat
1298 726 1465 754 necesse

88 823 95 827 ἢ
130 779 191 811 est
215 771 330 810 etiam
355 772 393 809 in
419 777 632 809 retractatu
659 784 809 817 earum,
847 778 887 808 ut
920 776 1100 809 constare
1125 770 1175 809 de
1200 777 1299 811 statu
1326 773 1464 824 possit,

129 829 219 882 quia
243 840 324 867 nec·
342 827 487 866 habeas
512 826 724 880 dispicere,
765 826 872 880 quid,
912 828 1023 880 quale
1050 828 1110 875 sit,
1136 829 1209 867 nisi
1236 835 1461 875 eertus‚-an

130 887 192 933 sit,
220 895 304 925 c'um
332 886 576 936 cognoveris,
605 885 705 924 unde.
732 887 795 924 sit.
859 885 909 923 Et
933 885 1022 924 ideo
1049 899 1099 924 ex
1129 887 1303 938 opusculi
1330 885 1465 925 ordine

130 942 179 982 ad
205 943 305 982 hanc
329 944 526 981 materiam
554 941 768 990 devolutus,
796 944 961 995 apostoli
989 957 1139 996 quoque
1166 944 1320 995 paulu)
1347 936 1467 996 origi·

131 1014 218 1040 nem
250 1014 273 1040 a
297 996 500 1039 Marcione
533 1000 733 1047 desidero,
773 1015 900 1039 novus
925 1002 1042 1053 aliqui
1074 1001 1285 1055 discipulus
1310 1015 1383 1040 nee
1409 1003 1468 1040 ul-

130 1059 204 1098 lius
235 1059 394 1098 alterius
427 1057 605 1106 auditor,
644 1060 707 1111 qui
739 1059 830 1097 nihil
869 1060 1021 1098 interim
1055 1058 1243 1106 credam,
1270 1061 1341 1098 uisi
1374 1060 1467 1098 nihil

130 1123 279 1156 temere
318 1114 572 1163 credendum,
610 1123 758 1160 temere
792 1130 908 1168 porro
942 1116 1069 1163 credi,
1099 1116 1358 1168 quodcunque
1384 1118 1467 1155 siue

133 1174 296 1225 origfiuis
320 1175 519 1224 agnitione
547 1174 737 1220 creditur,
778 1175 917 1225 quique
950 1173 1172 1224 dignissime
1205 1173 1252 1212 ad
1280 1174 1468 1212 sollicitu-

134 1229 260 1269 diuem
285 1230 457 1282 redigam
484 1232 594 1268 istam
620 1232 929 1282 inquisitionem,
965 1243 1049 1268 cum
1082 1232 1116 1268 is
1145 1231 1235 1269 mihi
1261 1230 1470 1270 affirmatur

91 1307 98 1311 ,
133 1288 350 1341 apostolus,
389 1301 498 1340 quem
525 1288 563 1325 in
596 1289 683 1326 albo
710 1289 972 1339 apostolorum
999 1287 1098 1340 apud
1126 1289 1364 1340 evangelium
1392 1302 1468 1327 nou

134 1345 399 1399 deprehendo,
427 1344 592 1397 denique
618 1344 777 1384 audieus
803 1352 938 1398 postea
963 1359 1085 1384 euma
1106 1345 1262 1384 domino
1288 1346 1468 1385 allectum

133 1405 210 1443 iam
235 1404 273 1442 in
300 1404 422 1442 coelis
449 1404 691 1454 quiescente,
731 1404 837 1455 quasi
864 1402 1183 1454 inprovidentiam
1210 1404 1408 1450 existimo,
1436 1405 1469 1442 si

134 1475 211 1500 non
247 1467 338 1499 aute
374 1461 487 1498 seivit
523 1461 627 1498 illum
659 1461 731 1498 sibi
764 1461 1024 1499 necessarium
1058 1460 1250 1509 Christus,
1282 1459 1358 1500 sed
1396 1462 1469 1499 iam

134 1517 313 1557 ordinato
346 1517 472 1557 officio
504 1519 742 1570 apostolatus
774 1525 813 1556 et
843 1519 881 1556 in
913 1532 980 1556 sua
1005 1532 1124 1570 opera
1152 1518 1308 1558 dimisso
1334 1532 1384 1558 ex
1413 1519 1472 1557 iu-

136 1588 271 1623 cursu,
302 1590 378 1614 nou
404 1589 454 1615 ex
478 1583 706 1628 prospectu,
733 1575 990 1615 adiiciendum
1017 1578 1267 1622 existimavit,
1293 1577 1471 1615 necessi-

134 1640 234 1682 tate,
271 1641 314 1672 ut
338 1635 391 1672 ita
417 1633 599 1681 dixerim,
633 1648 707 1672 uon
734 1634 961 1673 voluntate.·
1006 1634 1283 1682 Quamobrem,
1310 1633 1470 1673 Pontice

134 1691 341 1739 nauclere,
368 1693 399 1730 si
426 1705 614 1743 nunquam
641 1691 801 1730 furtivas
828 1705 979 1730 merces
1002 1693 1064 1730 vel
1090 1693 1246 1731 illicitas
1271 1693 1309 1730 iu
1336 1699 1470 1731 acatos

135 1755 222 1787 tuas
246 1750 443 1800 recepisti,
470 1750 502 1786 si
527 1750 667 1787 nullum
695 1751 849 1787 omnino
876 1751 1165 1788 ouus‘avertisti
1189 1750 1251 1788 vel
1277 1747 1472 1788 adultera-

138 1806 200 1852 stl,
227 1806 381 1844 cautior
403 1806 535 1856 utique
561 1813 602 1843 et
627 1805 781 1843 fidelior
804 1807 842 1843 in
870 1805 932 1843 dei
959 1806 1087 1852 rebus,
1113 1805 1206 1844 edas
1218 1806 1331 1844 velim
1347 1806 1471 1853 uobis,

139 1875 215 1916 quo
241 1861 417 1915 symbolo
444 1862 662 1913 susceperis
688 1862 903 1913 apostolum
929 1862 1104 1910 Paulum,
1132 1864 1216 1915 quis
1242 1863 1345 1902 illum
1370 1864 1472 1902 tituli

140 1921 371 1960 charactere
401 1920 660 1971 percusserit,
699 1920 782 1971 quis
814 1920 1071 1963 transmiserit
1102 1921 1190 1967 tibi,
1229 1922 1312 1973 quis
1348 1922 1472 1974 impo-

140 1978 275 2026 suerit,
302 1984 343 2016 ut
365 1977 490 2030 possis
516 1983 842 2016 eumicoustauter
853 1990 1062 2030 exponere,
1090 1991 1139 2017 ne
1157 1979 1259 2017 illius
1272 1979 1471 2031 probetur,

140 2036 205 2090 qui
231 2036 360 2075 omnia
385 2035 625 2087 apostolatus
651 2035 734 2073 eihs
756 2035 1009 2075 instrumenta
1034 2037 1252 2088 protulerit.
1302 2035 1389 2089 lpse
1415 2050 1471 2084 se,

139 2094 276 2146 inquit,
303 2093 517 2147 apostolum
543 2099 603 2131 est
626 2093 901 2144 professuffiet
925 2092 1172 2146 quidem-uon
1194 2094 1241 2133 ab
1257 2093 1471 2134 hominibus

141 2163 217 2190 nee
242 2163 313 2204 per
336 2151 549 2197 hominem,
587 2149 655 2188 sed
681 2163 762 2203 per·
777 2151 898 2190 Iesum
925 2151 1177 2201 Christum.²)
1238 2152 1358 2192 Plane
1382 2166 1473 2204 pro·

142 2206 256 2247 filteri⁴
270 2215 400 2261 potest
424 2215 546 2246 semet
572 2208 692 2259 ipsum
719 2210 859 2261 quivis,
894 2211 1245 2263 verumprofessio
1270 2211 1355 2249 eius
1375 2211 1473 2248 alte-

142 2266 493 2317 riusjauctoritate
526 2265 750 2315 conficitur3
787 2267 883 2305 alius
920 2268 1079 2315 scribit,
1118 2269 1215 2307 alius
1252 2267 1471 2314 subscn'bit,

143 2323 250 2362 alius'
268 2323 463 2374 obsignat,
481 2330 483 2332 ’
503 2323 599 2361 alius
630 2325 727 2362 actis
749 2325 893 2363 ‘refer-t.
954 2322 1079 2364 Nemo
1111 2325 1184 2364 sibi
1209 2331 1251 2363 et
1273 2325 1475 2377 professor

144 2388 187 2420 et
209 2382 319 2421 testis
345 2388 415 2420 est.
478 2380 640 2420 Praeter
664 2381 761 2420 haec
785 2384 923 2435 utique
944 2383 1087 2434 legisti,
1113 2383 1251 2421 multos
1274 2389 1471 2429 venturos,

146 2440 209 2491 qui
234 2438 386 2478 dicantt
424 2451 500 2490 ego
532 2452 612 2477 sum
644 2439 886 2493 Christus.³)
945 2439 988 2479 Si
1013 2448 1091 2488 est,
1124 2441 1255 2492 quise
1279 2439 1471 2479 Christum

145 2624 174 2654 L
239 2576 427 2654 {)1l{omen
449 2578 568 2609 Pauli
594 2578 690 2609 deest
714 2578 749 2609 iu
774 2579 882 2610 Rhen.
904 2578 955 2609 ed.
967 2579 992 2609 1.
1090 2579 1125 2618 2)
1153 2578 1229 2611 Gal.
1250 2580 1283 2620 1,
1309 2580 1341 2610 1.
1436 2580 1472 2619 3)

174 2632 229 2657 uc.
288 2648 296 2666 ‚
333 2646 341 2654 .
