1604 2800
380 183 454 215 DE
490 182 1005 219 RESURRECTIONE
1037 182 1264 214 CARNIS.
1417 181 1488 217 93

229 393 338 448 DE
393 388 1064 451 RESURRECTIONE
1113 388 1421 448 CARNIS.
1477 397 1485 410 ‘

279 567 316 604 1.
372 561 531 602 Fiducia
580 561 908 609 Christianorum,
959 564 1196 617 resurrectio
1234 569 1489 610 mortuorum;

161 621 227 660 illa
254 619 460 660 credentes
491 633 637 667 sumus,
675 620 750 659 hoe
783 619 947 659 credere
978 621 1122 659 veritas
1155 622 1274 672 cogit.
1335 619 1492 659 Verita-

163 686 237 718 tem
264 677 360 718 deus
385 679 524 731 aperit,
552 676 618 716 sed
646 678 781 729 vulgus
806 677 956 725 irridet,
984 678 1206 716 existimans
1238 678 1332 716 nihil
1357 690 1492 730 super-

160 749 247 776 esse
272 740 362 788 po'st
386 742 562 774 mortem.
625 734 674 773 Et
699 742 826 773 tamen
853 734 1044 774 defunctis
1075 742 1298 786 parentant,
1338 742 1378 773 et
1410 736 1492 785 qui-

161 791 247 832 dem
273 793 557 844 impensissimo
584 791 710 830 officio
737 805 808 843 pro
835 792 1005 830 moribus
1031 804 1184 838 corum,
1202 805 1282 843 ,pro
1307 792 1493 843 tempori-

159 850 230 889 bus
256 849 561 896 esculentorum,
594 855 636 886 ut
662 861 757 901 quos
783 858 926 900 negant
951 850 1094 887 sentire
1122 850 1342 901 quicquam,
1377 849 1491 887 etiam

160 905 386 947 desiderare
411 912 670 959 praesumant.
730 903 785 944 At
810 919 884 957 ego
911 908 1032 958 magis
1057 905 1194 945 ridebo
1220 907 1374 958 vulgus,
1400 913 1491 945 tunc

161 977 327 1018 quoque,
355 978 439 1004 cum
466 966 570 1017 ipsos
597 962 801 1003 defunctos
827 965 1071 1002 atrocissime
1097 965 1238 1010 exurit,
1266 977 1360 1015 quos
1387 971 1492 1015 post-

162 1022 316 1062 modum
342 1022 583 1074 gulosissime
610 1021 747 1067 nutrit,
780 1020 916 1059 iisdem
949 1021 1100 1072 ignibus
1133 1028 1173 1059 et
1204 1033 1428 1073 promerens
1454 1028 1493 1059 et

161 1079 378 1120 offendens.
444 1079 473 1118 Ο
500 1080 683 1132 pietatem
710 1077 758 1116 de
785 1077 1016 1117 crudelitate
1043 1077 1256 1116 ludentem!
1283 1077 1490 1123 sacrificat,

160 1151 208 1177 an
234 1138 403 1184 insultat,
431 1150 516 1176 cum
543 1136 722 1175 crematis
749 1137 919 1174 cremat?
977 1134 1095 1174 Plane
1122 1148 1206 1173 cum
1231 1135 1346 1186 vulgo
1373 1136 1492 1173 inter—

162 1193 248 1233 dum
286 1201 327 1233 et
362 1194 557 1245 sapientes
596 1193 824 1231 sententiam
862 1206 967 1231 suam
1010 1194 1183 1244 iungunt.
1255 1191 1362 1231 Nihil
1405 1205 1490 1230 esse

161 1258 250 1305 post
285 1258 467 1299 mortem,
505 1250 664 1302 Epicuri
700 1249 834 1288 schola
865 1257 935 1289 est.
995 1249 1065 1288 Ait
1089 1257 1129 1288 et
1155 1249 1325 1296 Seneca,
1366 1250 1492 1287 omnia

162 1316 250 1362 post
274 1316 437 1347 mortem
463 1308 576 1356 finiri,
603 1308 719 1346 etiam
743 1308 876 1359 ipsam.
893 1309 928 1355 1)
981 1306 1087 1346 Satis'
1108 1314 1167 1345 est
1192 1314 1331 1354 autem,
1359 1308 1390 1345 si
1417 1320 1492 1344 non

162 1366 560 1419 minor-philosophia
590 1364 836 1417 Pythagorae
868 1372 908 1403 et
938 1363 1177 1416 Empedocli.
1253 1363 1331 1402 Sed
1363 1363 1493 1402 Plato-

162 1425 241 1464 nici
266 1423 519 1463 immortalem
545 1423 708 1461 animam
733 1435 755 1461 e
782 1423 979 1461 contrario
1007 1423 1238 1468 reclamant,
1265 1422 1340 1459 imo
1367 1420 1491 1459 adhuc

162 1482 337 1535 proxime
369 1482 484 1520 etiam
516 1482 556 1519 in
588 1492 755 1532 corpora
786 1479 1034 1518 remeabilem
1067 1479 1272 1525 affirmant,
1311 1480 1385 1517 etsi
1417 1492 1493 1516 non

162 1541 201 1578 in
227 1538 382 1586 eadem,
421 1539 494 1577 etsi
525 1551 602 1576 non
626 1538 664 1575 in
691 1538 854 1576 humana
879 1536 1159 1583 tantummodo,
1197 1544 1239 1575 ut
1262 1535 1492 1588 Euphorbus

98 1640 104 1648 Ι
161 1598 201 1636 ἰιι
226 1596 501 1650 Pythagoram,
528 1595 780 1634 Homerusiu
807 1608 942 1647 pavum
968 1595 1312 1642 recenseantur.2)
1375 1593 1491 1632 Certe

162 1654 414 1694 recidivatum
446 1654 596 1692 animae
630 1653 873 1704 corporalem
905 1653 1267 1703 pronuntiaverunt,
1307 1651 1493 1689 tolerabi-

163 1712 235 1751 lius
260 1718 422 1757 mutata,
455 1723 565 1761 quam
597 1716 738 1760 negata
770 1709 972 1760 qualitate,
1005 1709 1154 1760 pulsata
1185 1708 1372 1756 salute,³)
1402 1708 1493 1746 licet

164 1782 240 1807 non
266 1767 370 1807 adita
401 1767 630 1814 veritate.⁴)
694 1765 751 1803 Ita
776 1766 945 1804 seculum
971 1766 1296 1804 resurrectionem
1321 1771 1492 1802 mortuo-

164 1839 260 1873 rum,
288 1837 360 1864 nec
387 1837 471 1863 cum
498 1829 616 1869 errat,
643 1822 810 1873 ignorat.

280 1886 320 1924 2.
372 1880 414 1920 Si
439 1893 532 1919 vero
559 1887 599 1918 et
629 1878 729 1930 apud
761 1878 872 1918 deum
905 1880 1031 1932 aliqua
1062 1887 1169 1919 secta
1200 1885 1260 1919 est
1291 1878 1492 1931 Epicureis

164 1941 286 1993 magis
311 1939 431 1979 affinis
458 1951 567 1990 quam
593 1936 806 1989 prophetis,
832 1938 1008 1985 sciemus,
1037 1937 1126 1989 quid
1151 1935 1308 1976 audiant
1332 1949 1356 1974 a
1381 1935 1493 1974 Chri-

165 2007 225 2039 sto
253 1996 486 2037 Sadducaei.
548 1994 702 2033 Christo
735 1995 834 2034 enim
866 1995 1092 2034 servabatur
1123 1996 1250 2034 omnia
1280 2001 1388 2033 retro
1425 2007 1492 2032 oc-

167 2057 270 2096 culta
293 2054 452 2101 nudare,
480 2052 653 2091 dubitata
677 2051 862 2104 dirigere,
889 2053 1103 2105 praelibata
1117 2037 1310 2105 supfflere,
1336 2049 1492 2104 praedi-

167 2121 255 2153 eata
285 2117 600 2165 repraesentare,
640 2116 874 2149 mortuorum
900 2118 1007 2150 certe
1033 2110 1378 2156 resurrectionem,
1416 2122 1492 2146 non

166 2169 280 2210 modo
305 2182 377 2222 per
401 2175 522 2207 semet
552 2169 691 2219 ipsum,
730 2180 859 2206 verum
897 2169 1011 2207 etiam
1049 2169 1087 2206 in
1123 2173 1246 2207 semet
1281 2167 1365 2217 ipso
1402 2178 1492 2217 pro-

166 2228 274 2267 bare.
334 2225 447 2265 Nunc
473 2232 599 2264 autem
626 2223 674 2262 ad
699 2224 795 2263 alios
816 2223 1066 2265 Sadducaeos
1091 2235 1378 2278 praeparamur,
1403 2235 1492 2273 par·

169 2286 303 2324 tiarios
329 2284 545 2322 sententiae
577 2282 741 2320 illorum.
803 2281 862 2320 Ita
893 2281 1087 2322 dimidiam
1118 2286 1334 2333 agnoscunt
1364 2291 1493 2317 resur-

168 2343 400 2388 rectionem,
441 2341 558 2379 solius
584 2339 735 2378 scilicet
759 2340 927 2388 animae,
966 2341 1160 2392 aspernati
1187 2349 1360 2383 carnem,
1394 2337 1492 2374 sicut

218 2516 227 2523 s
261 2492 298 2532 1)
327 2492 378 2523 Cf.
402 2490 461 2523 lib.
488 2491 528 2521 de
553 2489 669 2521 anima
696 2500 724 2521 c.
745 2491 799 2520 42.
894 2490 931 2529 2)
957 2491 1010 2523 Cf.
1032 2490 1090 2523 lib.
1116 2489 1156 2520 de
1183 2488 1298 2519 anime,
1316 2497 1345 2518 c.
1366 2488 1422 2518 28.
1437 2488 1491 2518 33.

169 2538 212 2616 3
226 2538 385 2616 Izetgigius
411 2537 500 2569 coni.
526 2536 690 2568 saltem.
802 2536 839 2574 4)
863 2535 970 2568 Rhen.
997 2536 1048 2567 ed.
1074 2537 1099 2567 1.
1125 2534 1268 2567 addita
1293 2533 1490 2565 veritate.
