1624 2826
205 189 314 227 290
480 189 604 220 ADv.
647 187 1009 220 MARCIONEM
1044 189 1219 220 LIBER
1251 189 1289 219 V.

203 283 447 336 probaretur.
523 281 701 319 Ceterum
747 282 820 319 iam
867 295 940 319 non
985 283 1060 320 erit
1103 282 1261 320 alterius
1305 278 1368 319 dei
1412 279 1538 331 gloria

205 340 371 392 ideoque
398 352 471 378 nec
496 340 637 385 virtus,
672 338 740 377 sed
766 340 887 390 magis
914 338 1084 378 dedecus
1111 346 1151 377 et.
1176 339 1396 385 infirmitas,
1429 338 1538 376 cuius

206 398 451 438 eminentiam
497 396 629 435 fictilia
673 404 712 434 et
757 396 908 448 quidem
951 398 1079 436 aliena
1118 402 1318 448 ceperunt.
1393 393 1538 443 Quodsi

206 457 304 495 haee
338 462 424 493 sunt
455 454 591 496 fictilia
622 468 732 501 vasa,
771 455 809 492 in
843 454 977 507 quibus
1009 461 1116 493 tanta
1148 467 1217 492 nos
1244 453 1322 505 pati
1349 450 1462 499 dicit,
1500 452 1537 490 in

208 513 343 565 quibus
369 513 481 550 etiam
509 512 846 550 mortificationem
874 512 1180 551 circumferimus
1207 509 1336 558 dei,¹)
1364 511 1456 548 satis
1481 510 1540 548 in-

207 577 339 621 gratus
365 568 458 608 deus
484 576 523 608 et
548 571 719 616 iniustus,
747 570 779 608 si
805 583 880 613 non
907 577 946 608 et
974 570 1071 608 hauc
1098 569 1347 608 substantiam
1369 568 1541 606 'resusci-

207 635 355 665 taturus
382 635 451 673 est,
478 629 515 665 in
544 640 616 678 qua
647 641 716 678 pro
744 626 818 665 {ide
846 628 927 666 eius
953 635 1058 665 tanta
1084 627 1311 673 tolerantur,
1337 625 1376 663 in
1403 637 1475 677 qua
1502 630 1543 663 et

209 698 311 724 mors
332 684 472 722 Christi
501 686 782 731 circumfertur,
810 686 847 722 in
875 698 946 736 qua
973 692 1012 723 et
1038 679 1246 723 eminentia
1270 683 1422 722 virtutis
1449 694 1543 721 con-

211 749 397 780 secratur.
462 741 539 779 Sed
566 743 664 780 enim
697 743 890 793 proponit,
918 749 959 779 ut
984 749 1023 780 et
1048 743 1124 780 vita
1151 742 1295 780 Christi
1322 740 1543 780 manifeste-

210 807 272 837 tur
297 800 334 836 in
362 811 526 850 corpore
553 800 746 845 nostro,2)
775 799 927 836 scilicet
953 800 1052 837 sieut
1077 806 1116 837 et
1142 811 1244 836 mors
1270 799 1352 836 eius
1379 799 1544 836 circum-

210 858 335 896 fertur
371 857 408 894 in
449 868 628 907 corpore.
691 855 755 893 De*
787 869 859 906 qua
898 868 992 906 ergo
1027 856 1168 893 Christi
1200 857 1276 893 vita
1304 853 1423 893 dicit?
1471 866 1543 906 qua

214 927 313 952 nunc
339 914 497 951 vivimus
522 913 560 950 in
585 913 684 950 illo?
713 919 754 950 et
779 912 970 964 quomodo
998 914 1034 950 in
1062 912 1363 964 sequentibus3)
1391 924 1468 949 non
1495 910 1544 950 ad

211 971 378 1009 visibilia
404 983 476 1009 nec
503 970 550 1008 ad
577 970 816 1021 temporalia,
844 969 911 1008 sed
938 969 985 1007 ad
1012 970 1215 1008 invisibilia
1242 976 1282 1007 et
1301 968 1348 1006 ad
1369 975 1543 1015 aeterna,

212 1028 251 1066 id
283 1035 342 1067 est
367 1041 440 1066 uon
468 1027 516 1066 ad
543 1029 775 1079 praesentia,
802 1026 869 1065 sed
896 1027 943 1065 ad
970 1028 1095 1065 futura
1122 1028 1374 1066 exhortatur?
1399 1024 1546 1074 Quodsi

214 1085 262 1123 de
294 1086 422 1124 futura
452 1086 529 1123 vita
555 1084 650 1123 dicit
681 1084 836 1131 Christi,
863 1086 900 1122 in
928 1098 1094 1136 corpore
1121 1098 1204 1123 eam
1231 1083 1366 1122 dicens
1392 1084 1545 1136 appari-

214 1150 357 1189 turam,
396 1142 597 1180 manifeste
631 1155 758 1180 carnis
788 1143 1115 1181 resurrectionem
1143 1140 1402 1194 praedicavit,
1434 1147 1545 1180 exte-

214 1203 356 1238 riorem
384 1198 533 1250 quidem
566 1199 755 1238 hominem
789 1206 958 1237 nostrum
987 1201 1180 1252 corrumpi
1208 1198 1360 1247 dicens,
1400 1205 1440 1238 et
1469 1211 1547 1238 non

215 1259 321 1309 quasi
347 1264 507 1295 aeterno
535 1258 692 1295 interitu
718 1264 805 1308 post
829 1265 990 1296 mortem
1006 1286 1016 1304 ,
1044 1271 1172 1296 verum
1202 1257 1398 1296 laboribus
1424 1263 1466 1295 et
1487 1257 1548 1294 in-

216 1313 438 1359 commodis,
466 1313 513 1351 de
541 1314 674 1365 quibus
700 1315 897 1365 praemisit
922 1314 1128 1353 adiiciens:
1156 1322 1196 1354 et
1209 1329 1285 1354 non
1300 1313 1544 1363 deficientum

215 1385 301 1409 nam
339 1379 379 1409 et
415 1372 639 1409 interiorem
676 1372 867 1409 hominem
906 1380 1074 1411 nostrum
1113 1374 1291 1412 renovari
1329 1372 1376 1411 de
1409 1370 1472 1411 die
1507 1372 1548 1410 in

217 1428 317 1466 diem
349 1427 540 1476 dicens.4)
592 1428 662 1466 Hic
689 1435 887 1479 utrumque
915 1428 1164 1476 demonstrat,
1192 1437 1232 1468 et
1258 1430 1434 1483 corporis
1460 1441 1548 1469 eor-

217 1486 433 1537 ruptionem
460 1498 509 1523 ex
533 1486 737 1523 vexatione
766 1487 1015 1524 tentationum
1042 1494 1081 1524 et
1112 1489 1227 1525 animi
1258 1489 1548 1527 renovationem

218 1556 267 1581 ex
293 1542 617 1593 contemplatione
645 1544 950 1594 promissionum.

339 1604 403 1641 12.
442 1600 631 1646 „Terreni
663 1599 847 1638 domicilii
874 1601 1095 1650 nostri3“⁵)
1128 1615 1204 1640 non
1229 1603 1285 1640 sie
1311 1603 1377 1648 ait,
1404 1602 1549 1642 habere

218 1670 289 1695 nos
315 1656 464 1695 domum
492 1665 712 1704 aeternam,
757 1671 831 1695 non
861 1671 969 1696 manu
997 1660 1158 1706 factam,
1190 1660 1228 1697 in
1256 1659 1434 1709 coelo‚·⁶)
1462 1661 1549 1712 quia

220 1727 316 1766 quae
348 1728 459 1752 manu
490 1715 594 1754 facta
626 1716 675 1752 sit
700 1717 890 1754 creatoris
921 1718 1090 1754 intereat
1127 1718 1164 1754 in
1203 1723 1323 1755 totum
1363 1716 1549 1756 dissoluta

218 1780 306 1823 post
343 1779 518 1810 mortem.
583 1771 689 1810 Haec
727 1773 826 1811 enim
865 1773 913 1811 ad
951 1776 1085 1811 mortis
1118 1781 1255 1813 metum
1289 1781 1329 1813 et
1359 1773 1407 1813 ad
1434 1774 1550 1827 ipsius

220 1829 480 1868 dissolutionis
513 1831 844 1869 contristationem
878 1830 1153 1870 consolandam
1191 1838 1409 1871 retractans
1434 1833 1550 1871 etiam

219 1899 290 1937 per
315 1888 513 1937 sequentia
539 1888 799 1932 manifestius,
841 1902 922 1926 cum
944 1889 1135 1935 subiicit,
1174 1890 1373 1940 ingemere
1405 1903 1475 1928 nos
1501 1889 1549 1928 de

220 1946 294 1981 isto
321 1944 570 1989 tabernaculo
599 1946 774 1996 corporis
801 1947 959 1994 terreni,
987 1946 1088 1998 quod
1115 1946 1162 1985 de
1191 1947 1305 1985 coelo
1331 1954 1390 1986 est
1415 1960 1549 1999 super-

221 2000 427 2050 indum-12⁷)
456 2003 672 2052 cupientes3
705 2003 890 2054 siquidem
917 2012 955 2042 et
981 2003 1185 2056 despoliati
1210 2017 1287 2042 non
1313 2005 1550 2044 inveniemur

223 2057 332 2105 nudi,
371 2057 409 2095 id
436 2065 493 2096 est
518 2061 747 2111 recipiemus
775 2061 873 2112 quod
900 2061 1105 2114 despoliati
1131 2075 1277 2109 sumus,
1311 2060 1350 2100 id
1376 2069 1436 2102 est
1462 2075 1549 2101 cor-

222 2128 304 2166 pus.
354 2114 404 2153 Et
429 2129 576 2154 rursus:
610 2119 750 2156 etenim
778 2120 839 2170 qui
866 2133 991 2158 sumus
1017 2121 1054 2158 in
1081 2121 1155 2158 isto
1181 2120 1433 2159 tabernaculo
1460 2132 1549 2159 cor-

223 2174 348 2223 poris,
386 2174 630 2224 ingemimus,
671 2175 771 2227 quod
798 2190 1018 2228 gravemur,
1057 2179 1233 2217 nolentes
1259 2178 1360 2225 exui,
1392 2177 1461 2217 sed
1487 2190 1549 2217 su·-

223 2229 461 2283 perindui.⁸)
523 2231 594 2271 Hic
621 2235 720 2272 enim
748 2237 955 2286 expressit,
996 2235 1097 2289 quod
1127 2237 1165 2274 in
1191 2236 1311 2288 prima
1337 2233 1548 2288 epistota⁹)

318 2403 355 2446 1)
383 2407 402 2435 2
419 2407 494 2438 Cor.
509 2407 542 2445 4,
558 2408 680 2439 7—10.
776 2407 814 2452 2)
841 2410 884 2442 ib.
899 2419 928 2441 v.
943 2412 996 2440 10.
1093 2411 1129 2449 3)
1155 2410 1199 2440 ib.
1220 2419 1250 2440 v.
1265 2407 1410 2441 16-18,
1510 2409 1548 2447 4)

224 2449 302 2480 ibid.
399 2449 435 2494 5)
462 2452 651 2485 pamelius:
679 2455 908 2486 Terrenum
934 2457 1203 2487 domicilium
1235 2457 1433 2487 nostrum.
1481 2454 1550 2485 Sed

223 2503 303 2532 pars
339 2499 394 2527 est
429 2499 596 2530 orationis
633 2509 703 2532 non
740 2501 876 2541 integra
908 2511 953 2535 ex
977 2501 1147 2542 Apostolo
1172 2502 1370 2533 Marcionis.
1465 2501 1502 2540 6)
1530 2501 1550 2530 2

226 2540 346 2585 Cor.5,
364 2545 394 2575 1.
490 2543 527 2585 7)
561 2546 622 2577 Ed.
648 2548 748 2578 Fian.
775 2552 808 2578 et
834 2550 906 2589 Rig.
939 2548 1201 2588 superindui.
1297 2545 1334 2589 8)
1365 2547 1385 2576 ²
1411 2547 1488 2577 001·-
1518 2547 1548 2587 5,

226 2587 325 2617 2—4.
421 2591 457 2630 9)
484 2593 502 2622 1
531 2594 607 2625 cor.
633 2595 686 2635 15,
711 2596 764 2626 42.
792 2596 845 2627 51.
874 2597 925 2626 53.
