1566 2808
115 198 188 237 80
380 198 505 228 ADV.
543 197 902 229 MARCIONEM
938 199 1116 230 LIBER
1151 201 1192 231 lt.

115 300 194 340 tus,
234 303 306 330 nec
343 290 478 337 homo,
517 291 580 341 qui
618 290 781 329 animam
818 291 975 333 sortitus
1014 288 1091 338 est,
1131 290 1198 330 sed
1225 290 1332 330 deus,
1393 290 1447 331 Et

116 351 211 388 alias
237 355 364 386 autem
391 362 467 385 non
494 359 619 393 omne,
653 346 754 398 quod
786 346 849 385 dei
883 349 978 395 elit,
1018 347 1112 387 deus
1143 349 1370 396 habebitur,
1407 356 1450 388 ut

118 405 339 458 expostules
365 404 476 444 deum
503 412 542 442 et
567 404 750 450 afflatum,
784 404 823 443 id
854 412 913 443 est
937 419 1097 444 vacuum
1124 419 1147 444 a
1173 405 1332 454 delicto,
1357 407 1450 459 -quia

118 464 181 503 dei
207 464 256 502 sit
281 463 440 501 afflatus.
502 461 588 500 Nee
621 469 660 500 tu
693 463 792 500 euim
825 463 856 500 si
887 464 927 507 in
957 464 1087 506 tibiam
1113 465 1286 511 flaveris,
1325 465 1449 502 homi-

119 535 204 561 nem
232 521 363 559 tibiam
388 521 550 566 feceris,
585 533 808 571 quamquam
826 510 882 563 'ile
910 522 1043 559 anima·
1061 529 1125 559 tua
1146 523 1323 574 fleveris,
1350 523 1451 560 sieut

119 587 159 618 et
191 579 283 618 deus
321 578 369 617 de
407 578 542 629 spiritu
574 591 656 615 suo.
719 577 892 628 Denique
920 591 1004 616 eum
1031 579 1232 618 manil'este
1257 580 1456 631 seriptura-

121 637 244 683 dieat‚
283 637 394 674 ssasse
427 635 539 674 deum
571 636 608 672 in
634 636 775 674 faciem
800 635 981 682 hominis,
1021 643 1061 675 et
1091 637 1233 677 factum
1259 637 1452 675 hominem

120 697 158 734 in
185 695 346 732 animam
371 694 492 731 vivam
510 695 566 742 ¹),
599 707 674 730 non
701 694 747 735 in*
766 694 937 744 spiritum
963 694 1262 742 vivificatorem„
1295 707 1454 747 separa-

120 753 175 792 vit
199 765 282 790 eam
309 764 329 789 a
358 750 581 789 conditiOne
608 751 781 789 factoris.
830 750 932 801 Opus
958 752 1058 789 enim
1085 751 1188 790 aliud
1214 753 1264 790 sit
1289 764 1452 791 necesse

122 817 182 849 est
206 809 253 849 ab
280 809 449 855 artifice,
487 807 527 846 id
553 815 612 846 est
637 809 796 846 inferius
823 808 987 847 artifice.
1048 808 1134 847 Nee
1168 822 1312 861 ,urceus
1350 811 1452 848 enim

122 869 246 906 faetus
284 880 306 904 a
344 867 460 916 figulo
498 867 579 917 ipse
619 866 693 903 erit
731 866 886 916 figulus,
919 867 978 904 ita
1003 879 1075 905 nee
1109 867 1255 907 afflatus
1277 867 1405 908 hctus
1431 878 1455 906 a

124 926 258 977 spiritu
283 923 371 963 ideo
399 925 473 962 erit
498 924 671 974 spiritus;
699 924 838 974 ipsum,
879 923 979 975 quod
1006 925 1150 971 anima,
1177 925 1370 965 vocitatus
1396 931 1455 964 est

124 985 248 1021 ssatus.
310 980 411 1021 Vide
438 982 573 1027 etiam,
611 994 659 1019 ne
687 980 733 1019 de
760 981 907 1020 afflatus
935 981 1165 1021 'conditione
1194 983 1391 1021 transierit
1415 983 1454 1022 in

125 1041 290 1092 aliquam
328 1039 641 1078 deminutiorem-
661 1039 895 1090 qualitatem.
958 1038 1084 1090 Ergo,
1130 1041 1274 1091 inquis,
1313 1039 1454 1078 dedisti

125 1099 274 1136 animae
301 1098 559 1134 infirmitatem
587 1109 700 1147 supra
734 1103 925 1147 negatam.
987 1097 1105 1136 Plane
1133 1111 1217 1136 eum
1243 1098 1347 1137 illam
1373 1098 1455 1136 exi-

126 1156 184 1206 gis
222 1154 296 1193 deo
334 1167 485 1206 parem,
524 1153 563 1191 id
601 1160 660 1191 est
697 1152 828 1191 delicti
867 1155 1087 1201 immunem,
1127 1154 1214 1193 dieo
1253 1148 1453 1205 infirmem.

127 1213 221 1251 Cum
245 1225 339 1251 vero
360 1210 415 1253 >ad
441 1211 618 1261 angelum
644 1218 898 1262 provocatur,
930 1212 1133 1250 fortiorem
1159 1211 1366 1258 defendam
1388 1225 1458 1252 ne-

128 1282 237 1309 cesse
276 1276 335 1308 est
371 1268 572 1315 dominum
600 1269 879 1316 universitatis,
919 1270 980 1309 cui
1018 1270 1091 1308 iam
1130 1270 1258 1322 angeli
1296 1269 1458 1313 admini-

128 1329 315 1376 strant2).
379 1326 450 1374 Qui
484 1328 598 1373 etiam
631 1327 791 1377 angelos
829 1326 1070 1366 iudicaturus.
1098 1329 1294 1378 est³)‚2si
1325 1329 1363 1367 iu
1394 1327 1458 1366 dei

128 1386 217 1436 lege
245 1385 476 1430 eonstiterit,
505 1383 606 1434 quod
632 1385 669 1422 in
696 1383 907 1434 primordio
934 1385 1069 1423 noluit.
1104 1385 1188 1423 Hoe
1213 1386 1334 1437 ipsum
1361 1398 1456 1436 ergo

129 1442 255 1495 potuit
279 1442 426 1480 afflatus
459 1440 522 1479 deli
554 1440 776 1488 admittere3
803 1443 946 1492 potuit,
967 1441 1048 1483 ‚sed
1074 1456 1150 1490 non
1176 1441 1321 1481 debuit.
1383 1442 1460 1481 Po-

129 1501 247 1540 tuisse
274 1500 375 1538 enim
399 1499 532 1537 habuit
556 1511 627 1550 per
651 1499 887 1537 substan-tiae
921 1495 1152 1547 exilitatem,
1192 1514 1264 1552 qua
1296 1500 1458 1547 afflatus,

130 1571 206 1596 uon
232 1558 405 1609 spiritus-3
446 1569 522 1595 non
547 1556 724 1595 debuisse
751 1557 896 1604 eutem,
935 1570 1006 1608 per
1037 1558 1187 1597 arbitrii
1212 1565 1459 1610 potestatem,

131 1629 205 1668 qua
242 1615 358 1662 liber,
397 1628 473 1652 non
505 1627 655 1660 servus,
694 1614 904 1653 adsistente
938 1616 1098 1666 amplius
1130 1615 1459 1667 demonstratioue

132 1687 208 1711 non
234 1671 494 1724 delinquendi,
519 1672 587 1711 sub
615 1673 911 1724 comminutione
938 1672 1142 1720 moriendi,
1170 1686 1242 1724 qua
1263 1673 1461 1712 substrue-

131 1738 241 1770 retur
272 1730 506 1769 substantiae
539 1731 691 1768 exilitas
724 1737 763 1768 et
794 1737 999 1780 regeretur
1035 1732 1250 1771 sententiae
1288 1731 1460 1770 libertas.

133 1789 265 1840 ltaque
303 1802 379 1826 non
417 1801 487 1840 per
523 1787 616 1827 illud
653 1788 727 1826 iam
758 1787 886 1826 videri
914 1795 1044 1839 potest
1080 1790 1205 1829 anima
1241 1787 1461 1840 deliquisse,

135 1845 236 1898 quod
261 1847 316 1884 illi
349 1859 433 1884 cum
466 1845 539 1884 deo
571 1845 681 1884 affine.
716 1852 792 1892 est,
832 1844 872 1884 id
897 1853 956 1884 est
978 1859 1052 1898 -per
1076 1845 1263 1894 afflatum,
1298 1845 1368 1885 sed
1392 1854 1464 1898 pe'r

134 1902 246 1950 illud,
286 1902 387 1955 quod
419 1903 653 1942 substantiae
686 1904 877 1950 accessit²
910 1902 947 1941 id
970 1911 1041 1942 -est
1071 1916 1142 1955 per
1171 1903 1463 1951 liberumvarbi-

135 1962 267 2007 trium,
305 1973 328 1998 a
364 1959 438 1998 deo
477 1959 628 2011 quidem
644 1961 1186 2011 ,rationaliterattributum,
1211 1956 1272 2002 rab
1309 1961 1462 2006 homine

135 2031 248 2065 vero,
288 2031 362 2070 qua
391 2018 530 2065 voluit,
569 2018 768 2069 agitatum.
813 2017 942 2065 ⁴Quod
975 2020 1006 2057 si
1031 2020 1086 2058 ita
1110 2019 1314 2067 sehabet,
1340 2020 1463 2058 omnis

136 2077 210 2115 iam
236 2075 300 2114 dei
326 2075 527 2128 dispositio
553 2075 601 2114 de
626 2076 717 2113 mali
743 2076 1045 2127 exprobratione
1071 2084 1268 2129 purgatum
1325 2075 1464 2115 Liber-

136 2141 195 2174 tas
220 2135 320 2172 enim
346 2134 497 2172 arbitrii
527 2147 604 2172 non
630 2134 666 2171 ei
693 2134 842 2185 eulpam
873 2148 982 2186 suam»
1007 2134 1185 2186 r‘esf'met,
1223 2148 1246 2172 a
1273 2133 1465 2186 quo-data

138 2199 215 2239 est,
253 2190 323 2230 sed
352 2205 374 2230 a
401 2205 474 2244 quo
507 2205 583 2230 non
608 2198 650 2229 ut
675 2190 809 2230 debuit
833 2191 1098 2231 administrata
1124 2199 1195 2231 est.
1259 2190 1370 2239 Quod
1387 2191 1464 2231 -de-

138 2251 251 2301 nique
278 2249 414 2288 malum
441 2249 639 2288 describes
671 2250 866 2288 creatori?
908 2248 949 2287 Si
977 2249 1159 2288 delictum
1185 2250 1464 2296 homininum!

138 2310 214 2347 erit
238 2307 320 2355 dei,
360 2306 461 2359 quod
487 2314 546 2346 est
570 2307 752 2354 hominis3
791 2320 866 2346 nee
890 2306 991 2346 idem
1016 2307 1214 2346 habendus
1238 2315 1299 2346 e'st
1330 2305 1463 2347 delicti

138 2373 293 2412 auctor,
321 2366 384 2416 qui
409 2362 601 2404 inuenitur
624 2364 874 2412 interdictor,
901 2366 975 2413 imo
1003 2364 1358 2415 et‘eondemnntor.
1420 2363 1463 2402 Si

139 2437 241 2462 mors
267 2424 422 2471 malum,
446 2436 532 2474 ,πιθα
559 2436 660 2461 mors
693 2424 959 2462 comminatori
984 2437 1072 2472 suo,
1111 2423 1180 2463 sed
1206 2416 1462 2474 eo'ntemptori

235 2607 270 2647 1)
297 2608 379 2638 Gen.
395 2610 425 2650 2,
440 2609 470 2638 τ.
566 2610 603 2650 2)
630 2609 845 2649 flebr.1,14.
883 2626 886 2628 -
941 2609 980 2649 3)
1004 2608 1208 2648 1cor.6‚3.
