1624 2826
185 161 297 197 300
461 162 585 192 ADV.
622 163 984 195 MARCIONEM
1022 165 1259 197 LIBERV

187 253 404 301 libidinem,
434 267 529 306 quae
561 268 626 293 vas
653 263 822 295 nostrum
849 258 887 295 in
913 257 1061 297 honore
1094 260 1325 299 matrimonii
1358 268 1513 331 tractet.

185 311 293 350 Hunc
325 319 451 350 autem
485 313 609 350 locum
641 313 744 352 salva
782 315 958 362 alterius,
1004 315 1042 354 id
1076 323 1136 355 est
1160 317 1351 386 plenioris
1373 324 1516 360 sancti-

184 369 290 415 tatis,
317 370 558 420 praelatione
585 373 852 419 tractaverim,
887 374 1162 413 continentiam
1189 382 1228 414 et
1251 376 1515 446 virginitatem

184 427 323 477 nuptiis
349 434 606 478 anteponens,
646 428 713 467 sed
747 443 822 468 non
855 431 1077 482 prohibitis,
1118 431 1383 474 destructores
1415 449 1514 475 emm

185 482 246 521 dei
274 486 508 536 nuptiarum,
544 499 617 523 non
644 494 862 526 sectatores
889 490 1077 527 castitatis
1104 490 1301 530 retundo.·
1337 492 1414 536 Ait,
1432 507 1514 561 eos,

185 542 246 592 qui
272 550 498 583 remaneant
525 543 561 580 in
588 542 790 583 adventum
825 545 969 585 Christi
1002 560 1084 585 cum
1112 549 1187 596 eis,
1222 549 1284 601 qui
1310 557 1450 590 mortui
1477 566 1513 619 in

185 598 337 636 Christo
376 601 487 651 primi
525 610 755 652 resurgent,
803 603 902 655 quod
941 605 978 642 in
1018 605 1179 645 nubibus
1217 607 1442 648 auferentur
1478 624 1515 648 in

185 657 360 704 aereml)
389 657 539 695 obviam
566 657 782 708 domino.²)
833 661 1019 712 Agnosco
1053 663 1111 701 his
1138 664 1211 703 iam
1237 671 1328 704 tunc
1354 679 1516 719 prospe-

186 714 257 750 ctis
295 714 425 751 mirari
463 715 694 754 substantias
735 718 926 757 coelestes
965 721 1083 771 ipsam
1113 719 1379 771 Hierusalem,
1419 738 1517 776 quae

185 782 330 807 sursum
358 771 475 819 est,3)
504 779 543 809 et
568 785 638 823 per
658 771 809 812 Esaiam
836 778 1105 825 pronuntiare:
1135 781 1285 830 quinam
1311 781 1385 820 huc
1412 783 1516 822 velut

184 826 305 864 nubes
332 828 474 874 volant,
504 835 679 880 tanquam
707 831 907 870 columbae
936 847 1017 871 cum
1047 836 1156 885 pullis
1177 836 1225 874 ad
1246 840 1378 889 τηεμ)
1406 837 1514 878 Hunc

183 896 384 922 ascensum
417 886 448 922 si
476 885 650 929 Christus
682 888 792 926 nobis
824 892 1085 941 praeparavit,
1125 893 1188 931 ille
1221 896 1296 932 erit
1328 895 1514 944 Christus,

184 938 232 977 de
271 953 344 991 quo
385 941 504 980 Osee:
545 945 607 994 qui
646 941 845 984 ascensum
883 961 988 986 suum
1026 948 1208 988 aedificat
1244 952 1282 989 in
1321 953 1513 1020 coelos35)

181 997 312 1047 utique
345 997 417 1035 sibi
450 1005 489 1036 et
518 1001 607 1038 suis.
670 1001 821 1041 Exinde
853 1017 876 1041 a
908 1018 980 1056 quo
1020 1007 1185 1058 sperabo
1225 1022 1350 1057 nunc,
1389 1012 1461 1050 nis¹
1494 1026 1516 1050 a

182 1065 255 1101 quo
287 1053 385 1091 haec
412 1055 565 1094 audivi?
590 1056 709 1103 Quem
736 1061 907 1110 spiritum
935 1062 1116 1112 prohibet
1136 1066 1342 1116 exstingui,
1370 1075 1410 1106 et
1423 1082 1516 1120 quas

177 1108 404 1159 prophetias
429 1119 535 1149 vetat
561 1113 668 1151 nihili
695 1115 897 1164 haberi?⁶)
926 1120 1056 1170 utique
1083 1135 1160 1159 non
1187 1125 1378 1169 creatoris
1404 1127 1516 1177 spiri-

179 1171 256 1202 tum
283 1178 355 1204 nee
383 1171 573 1207 creatoris
598 1172 824 1223 prophetias
856 1175 1065 1214 secundum
1091 1177 1342 1220 Marcionem.
1407 1182 1513 1231 Quae

179 1222 278 1260 enim
306 1222 508 1272 destruxit,
537 1227 618 1278 ipse
646 1229 720 1267 iam
747 1233 932 1271 exstinxit
958 1240 998 1272 et
1023 1235 1129 1275 nihili
1151 1237 1258 1284 fecit,
1287 1252 1359 1278 nec
1384 1248 1514 1292 potest

178 1279 407 1327 prohibere,
447 1296 543 1334 quae
577 1285 684 1324 nihili
711 1288 818 1327 feeit.
880 1289 987 1342 Ergo
1019 1293 1205 1333 incumbit
1229 1294 1419 1337 Marcioni
1446 1312 1514 1338 ex-

178 1332 313 1371 hibere
340 1336 456 1375 hodie
483 1340 582 1388 apud
609 1344 815 1384 ecclesiam
842 1361 946 1386 suam
980 1349 1119 1390 exinde
1152 1353 1324 1405 spiritum
1351 1354 1415 1395 «lei
1440 1359 1511 1404 sui,

182 1387 244 1432 qui
271 1400 346 1429 non
373 1391 421 1426 sit
447 1396 765 1445 exstinguendus,
794 1410 833 1440 et
857 1407 1100 1456 prophetias,
1129 1423 1225 1462 quae
1252 1425 1328 1450 non
1354 1414 1430 1452 sint
1454 1416 1512 1454 ni-

179 1437 248 1475 hili
273 1440 486 1482 habendae.
548 1448 598 1486 Et
623 1453 864 1502 si'exhibuit,
892 1462 991 1508 quod
1024 1473 1144 1513 putat,
1172 1470 1270 1508 sciat
1296 1483 1365 1510 nos
1391 1472 1512 1524 quod-

182 1507 330 1546 cunque
369 1498 461 1537 illud
499 1501 547 1539 ad
585 1505 744 1545 formam
777 1513 960 1561 spiritalis
992 1525 1032 1554 et
1067 1523 1321 1571 propheticae
1359 1531 1509 1577 gratiae

178 1557 292 1602 atque
319 1555 468 1595 virtutis
493 1570 792 1612 provocaturos,
819 1575 864 1606 ut
889 1577 928 1607 et
952 1572 1080 1611 futura
1104 1581 1351 1626 praenuntiet
1377 1591 1417 1621 et
1442 1599 1509 1625 oc—

178 1609 280 1647 culta
313 1612 441 1654 cordis
480 1618 628 1656 revelet
659 1628 698 1658 et
734 1635 977 1666 sacramenta
1015 1630 1216 1674 edisserat.
1281 1637 1375 1678 Cum
1413 1643 1507 1682 nihil

175 1665 253 1703 tale
281 1671 486 1717 protulerit
510 1686 556 1712 ac
581 1677 775 1726 probarit,
815 1696 885 1721 nos
917 1687 1158 1736 proferemus
1191 1700 1231 1732 et
1261 1697 1435 1747 spiritum
1467 1708 1508 1738 et

171 1723 396 1773 prophetias
435 1733 623 1770 creatoris
661 1737 868 1777 secundum
907 1743 1026 1793 ipsum
1060 1743 1351 1801 praedicantes,
1392 1762 1505 1808 atque
1550 1806 1553 1807 ⁷

171 1778 224 1816 ita
258 1783 450 1822 constabit
481 1790 677 1838 apostolus
715 1792 764 1832 de
797 1797 939 1847 quibus'
971 1799 1129 1851 dixerit,
1170 1805 1218 1846 de
1251 1809 1306 1856 eis
1337 1813 1502 1863 scilicet,

172 1848 267 1886 quae
293 1839 421 1880 futura
448 1852 559 1883 erant
583 1846 621 1884 in
649 1851 816 1890 ecclesia
844 1855 926 1894 eius
953 1856 1028 1906 dei,
1048 1861 1227 1913 quidum
1249 1874 1320 1914 est,
1347 1872 1503 1922 spiritus

172 1905 320 1945 quoque
348 1899 428 1937 eius
455 1911 649 1952 operatur,
683 1914 722 1945 et
747 1913 949 1961 promissio
978 1917 1211 1960 celebratur.
1271 1923 1359 1977 Age
1385 1942 1499 1978 nunc,
1560 1979 1564 1981 ,

170 1951 230 1999 qui
264 1954 422 1993 salutem
457 1961 582 1998 carnis
614 1963 797 2014 abnuitis,
837 1972 909 2009 etsi
948 1975 1106 2025 quando
1133 1992 1273 2033 corpus
1303 1984 1342 2021 in
1369 1985 1516 2028 huius-.

168 2006 270 2046 modi
298 2016 627 2065 praenominatur,
655 2021 756 2061 aliud
783 2029 915 2066 nescio
943 2032 1032 2082 quid
1058 2035 1363 2088 interpretamini
1389 2044 1495 2092 illud,

169 2076 277 2114 quam
304 2069 550 2112 substantiam
579 2079 718 2125 carnis,
747 2085 936 2133 quomodo
963 2093 1160 2142 apostolus
1187 2109 1318 2136 omnes
1332 2099 1495 2142 innovis

166 2121 387 2165 substantiis
420 2131 536 2168 certis
569 2135 784 2178 nominibus
810 2140 983 2184 distinxit
1008 2155 1048 2187 et
1073 2163 1204 2191 omnes
1230 2154 1267 2192 in
1300 2169 1376 2196 uno
1403 2166 1492 2199 voto

167 2182 366 2221 constituit
396 2186 552 2236 salutis,
594 2199 753 2243 optans,
794 2206 833 2238 ut
862 2203 1018 2254 spiritus
1050 2216 1184 2248 noster
1215 2219 1254 2250 et
1287 2226 1427 2268 corpus
1453 2225 1493 2256 et

162 2308 402 2350 contraria3
437 2316 512 2347 cod.
545 2317 645 2352 Gorz,
679 2322 870 2362 immund.
907 2340 924 2361 c

159 2353 271 2384 nenda
306 2359 359 2386 est·
383 2359 510 2391 Latinii
537 2365 754 2402 coniectura:
786 2378 910 2411 porte

159 2398 267 2436 turp.
294 2410 354 2438 qu.
382 2407 422 2435 et
447 2405 641 2443 immund.
667 2419 899 2452 contraria.

934 2333 1141 2368 ontraria.
1191 2340 1258 2371 Sed
1294 2350 1363 2374 non
1389 2353 1487 2384 uper—

917 2379 1069 2412 ntosis.
1119 2383 1205 2416 Lex
1236 2389 1390 2421 uxoria
1422 2395 1488 2424 est

1007 2427 1043 2467 1)
1062 2427 1205 2461 Praeter
1223 2433 1298 2463 edd.
1318 2434 1422 2467 Fran.
1451 2440 1485 2468 et

144 2442 234 2481 'Rigu
266 2449 394 2480 ceteri:
433 2451 472 2482 in
500 2455 684 2490 adventu
714 2463 879 2498 Christi
902 2487 949 2493 -—
970 2471 1010 2502 in
1036 2482 1145 2506 aere.
1254 2479 1290 2518 2)
1317 2482 1336 2510 1
1363 2481 1484 2514 Thess.

157 2487 187 2526 4,
204 2489 257 2520 17.
363 2495 398 2534 3)
425 2498 499 2531 Gal.
514 2502 546 2539 4,
561 2503 617 2539 26.
735 2511 772 2543 4)
794 2513 856 2544 les.
872 2517 925 2558 60,
940 2518 969 2547 8.
1079 2519 1112 2561 5)
1142 2523 1247 2555 Amos
1260 2527 1291 2564 9,
1307 2528 1337 2556 6.
1446 2530 1482 2569 6)

158 2533 175 2561 1
192 2533 310 2569 Thess.
327 2540 357 2579 5,
376 2542 428 2572 19.
443 2545 494 2576 20.
