1604 2800
145 173 249 211 μη
365 143 438 204 οὲ
474 166 988 201 RESURRECTIONE
1025 169 1253 203 CARNts.

148 266 374 311 excesserit,
401 264 455 301 ita
480 270 519 301 et
544 268 775 301 revertetur.
814 260 912 310 Quid
938 274 1050 309 nunc,
1066 263 1150 302 *etsi
1176 262 1230 302 ita
1255 261 1476 316 dedignaris

147 331 288 364 tantam
316 322 478 373 gratiam
505 321 777 372 qualiscunque
804 333 827 358 a
852 318 926 358 deo
953 321 1163 373 consequi?
1197 319 1288 360 Non
1313 322 1413 361 enim
1438 329 1480 362 et

148 394 246 420 nunc
273 380 421 418 animae
448 379 565 417 solius
591 376 795 416 admittens
819 378 1000 425 salutem,
1032 376 1240 418 dimidiatis
1265 378 1480 421 hominihus

149 451 231 478 eam
258 436 470 476 adscribis?
530 435 627 484 Quid
659 442 718 474 est
749 434 911 475 credere
943 438 1288 484 resurrectionem,
1320 436 1393 476 nisi
1423 437 1483 476 in-

149 504 299 547 tegram
326 493 514 534 credere?
558 492 599 532 Si
625 494 724 532 enim
752 506 844 532 caro
872 493 919 532 de
947 492 1199 533 dissolutione
1225 494 1482 547 reparabitur,

150 554 268 592 multo
301 553 422 604 magis
453 550 501 590 de
532 552 738 590 vexatione
770 551 1029 590 revocabitur.
1097 551 1311 591 Minoribus
1337 552 1485 591 maiora

150 610 431 664 praescribunt.
494 609 763 661 Cuiuscunque
789 610 948 648 membri
975 608 1218 649 detruncatio
1243 610 1305 649 vel
1331 610 1484 649 obtusio

152 681 278 707 nonne
305 681 406 706 mors
434 667 591 706 membri
618 669 701 705 est?
749 666 792 705 Si
817 668 1044 706 universalis
1069 681 1171 707 mors
1198 668 1485 707 resurrectione

152 724 405 772 rescinditur,
444 724 532 776 quid
574 725 827 777 portionalis?
892 724 934 763 Si
971 724 1210 764 demutamur
1239 726 1278 764 in
1310 726 1486 778 gloriam,

157 790 296 835 quanto
324 783 445 834 magis
471 783 509 820 in
536 782 863 821 incolumitatem?
891 782 1053 822 Vitiatio
1080 796 1286 837 corporum
1306 781 1489 822 accidens

154 854 217 880 res
244 847 320 886 est,
360 840 562 890 integritas
588 841 745 891 propria
771 847 844 878 est.
922 840 965 878 ln
990 841 1063 879 hac
1090 842 1301 888 nascimur,
1340 841 1490 879 etiamsi

155 899 193 937 in
218 905 330 936 utero
356 909 552 943 vexemur,
579 897 654 934 iam
680 896 842 935 hominis
869 904 928 935 est
952 898 1094 949 passio.
1132 897 1243 937 Prius
1269 905 1329 937 est
1353 910 1488 950 genus,

157 969 266 1007 quam
294 967 420 993 casus.
462 953 662 1002 Quomodo
688 955 765 992 vita
790 955 990 993 confertur
1008 968 1031 993 a
1051 954 1139 1003 deo,
1166 956 1220 994 ita
1245 962 1285 994 et
1307 955 1490 995 refertur.

159 1012 299 1061 Quales
326 1025 408 1051 eam
435 1012 663 1063 accipimus,
701 1012 799 1050 tales
825 1018 864 1050 et
887 1013 1108 1064 recipimus.
1184 1012 1377 1059 Naturae,
1415 1025 1492 1052 uon

157 1071 320 1109 iniuriae
347 1068 564 1116 reddimur;
604 1068 705 1121 quod
732 1070 942 1116 nascimur,
975 1082 1051 1107 non
1078 1068 1178 1121 quod
1205 1068 1404 1117 laedimur,
1429 1081 1493 1109 re-

157 1128 390 1166 viviscimus.
469 1126 511 1165 Si
549 1140 624 1165 non
662 1128 837 1178 integros
875 1126 968 1165 deus
1006 1127 1183 1175 suscitat,
1222 1141 1299 1166 non
1335 1127 1497 1167 suscitat

160 1191 344 1224 mortuos.
402 1184 494 1232 Quis
519 1185 619 1222 enim
646 1191 817 1230 mortuus
842 1185 1008 1236 integer,
1035 1185 1108 1223 etsi
1133 1186 1287 1237 integer
1310 1185 1497 1224 moritur?

163 1242 253 1290 Quis
285 1243 504 1289 incolumis,
538 1242 600 1294 qui
632 1242 841 1281 exanimis?
896 1241 1006 1290 Quod
1033 1255 1173 1295 corpus
1197 1243 1384 1291 illaesum,
1411 1255 1496 1282 cum

162 1302 446 1351 interemptum,
481 1313 564 1338 cum
591 1298 785 1351 frigidum,
820 1313 903 1338 cum
930 1299 1180 1352 expallidum,
1214 1314 1299 1340 cum
1323 1299 1496 1346 edurum,

166 1370 248 1394 cum
276 1356 467 1395 cadaver?
510 1356 671 1403 Quando
697 1358 818 1408 magis
844 1357 957 1396 homo
985 1357 1135 1405 debilis,
1163 1359 1235 1397 nisi
1261 1372 1345 1397 cum
1371 1356 1500 1396 totus?

169 1411 329 1461 Quando
355 1414 476 1463 magis
508 1414 763 1464 paralyticus,
802 1416 874 1453 nisi
913 1428 996 1454 cum
1033 1416 1263 1454 immobilis?
1288 1415 1381 1455 Ita
1404 1414 1500 1454 nihil

167 1468 271 1508 aliud
296 1476 355 1506 est
379 1476 567 1507 mortuum
600 1471 841 1516 resuscitari,
881 1485 991 1522 quam
1017 1474 1207 1524 integrum
1234 1473 1338 1521 fieri,
1376 1485 1424 1512 ne
1451 1484 1502 1512 ex

168 1539 216 1565 ea
240 1532 350 1577 parte
376 1532 546 1563 mortuus
571 1524 695 1564 adhuc
721 1527 783 1571 sit,
810 1539 860 1564 ex
885 1540 956 1578 qua
983 1541 1059 1566 non
1085 1532 1356 1570 resurrexerit.
1413 1528 1502 1570 Ido-

169 1595 263 1622 neus
288 1581 381 1620 deus
406 1582 572 1621 reficere
611 1582 712 1634 quod
749 1583 856 1621 fecit.
930 1583 1038 1622 Hanc
1076 1597 1180 1624 suam
1206 1593 1246 1624 et
1270 1593 1500 1638 potestatem

170 1640 494 1680 etliberalitatem
521 1640 613 1678 satis
638 1641 712 1678 iam
732 1641 770 1678 in
791 1640 944 1679 Christo
971 1641 1191 1694 spopondit,
1217 1643 1294 1682 imo
1314 1650 1354 1683 et
1374 1650 1504 1682 osten-

171 1697 244 1743 dit,
277 1710 353 1735 non
379 1704 527 1735 tantum>
549 1698 863 1736 resuscitatorem
891 1700 1036 1745 carnis,
1069 1711 1200 1738 verum
1232 1701 1349 1739 etiam
1375 1699 1505 1739 rediu-

171 1761 422 1805 tegratorem.
493 1752 622 1806 Atque
654 1753 753 1793 adeo
780 1761 820 1793 et
843 1755 1059 1807 apostolus:
1104 1762 1144 1795 et
1173 1758 1330 1805 mortui,
1368 1757 1504 1811 inquit,

171 1818 377 1863 resurgent
400 1812 680 1864 incorrupti-¹)
756 1811 977 1860 Quomodo,
1016 1813 1089 1851 nisi
1114 1814 1269 1866 integri,
1309 1816 1372 1868 qui
1397 1818 1504 1858 retro

174 1870 345 1921 corrupti
382 1876 457 1907 tam
495 1870 587 1907 vitio
624 1869 854 1909 valetudinis
892 1883 1000 1922 quam
1040 1877 1080 1909 et
1115 1872 1223 1911 senio
1261 1872 1506 1925 sepulturae?

175 1925 272 1964 Nam
300 1933 340 1965 et
363 1939 479 1978 supra
503 1933 704 1979 utrumque
730 1937 965 1980 proponens,
993 1935 1178 1980 oportere
1193 1937 1233 1968 et
1247 1930 1506 1983 corruptivum

175 1982 275 2021 istud
312 1982 471 2022 induere
508 1985 827 2037 incorruptelam,
866 1992 906 2024 et
930 1986 1092 2024 mortale
1118 1985 1218 2025 istud
1243 1987 1507 2026 immortalita-

175 2041 318 2089 tem,²)
356 2054 432 2078 non
463 2042 644 2080 interavit
681 2044 929 2090 sententiam,
969 2042 1036 2081 sed
1068 2042 1325 2083 differentiam
1351 2043 1507 2083 deman<-

178 2096 296 2135 davit.
359 2097 684 2138 Immortalitatem
711 2101 810 2139 enim
837 2099 885 2139 ad
911 2101 1179 2140 rescissionem
1206 2102 1351 2149 mortis,
1378 2102 1508 2141 incor-

178 2155 366 2206 ruptelam
391 2153 440 2193 ad
472 2155 781 2197 obliterationem
819 2158 1066 2210 corruptelae
1102 2157 1309 2198 dividendo
1347 2158 1506 2198 alteram

179 2211 228 2250 ad
247 2213 585 2259 resurrectionem,
611 2215 770 2254 alteram
796 2215 845 2254 ad
870 2215 1241 2267 redintegrationem
1266 2217 1506 2270 temperavit.

180 2269 275 2308 Puto
302 2277 429 2308 autem
455 2277 494 2308 et
517 2270 923 2313 Thessalonicensibus
937 2274 975 2322 ³)
1002 2274 1123 2312 omnis
1148 2273 1384 2313 substantiae
1409 2275 1509 2312 inte-

182 2327 359 2376 gritatem
397 2329 629 2379 repromisit.
704 2330 836 2382 Itaque
869 2344 940 2370 nec
972 2331 1011 2368 in
1042 2338 1243 2383 posterum·
1276 2331 1510 2371 timebuntur

184 2396 386 2434 corporum
414 2385 533 2423 labes.
594 2386 701 2425 Nihil
727 2389 872 2439 poterit
897 2389 1074 2427 amittere
1099 2389 1303 2441 integritas
1325 2389 1388 2428 vel
1415 2401 1509 2441 cun-⁴

185 2447 336 2478 servata
365 2442 424 2479 vel
457 2444 652 2491 restituta,
690 2457 740 2483 ex
770 2458 844 2496 qno
876 2445 931 2484 illi
962 2446 1096 2493 etiam,
1129 2447 1159 2485 si
1193 2445 1282 2501 quid
1313 2446 1506 2497 amiserat,

280 2577 314 2612 1)
333 2578 350 2605 1
361 2577 436 2608 Cor.
451 2581 504 2619 15,
522 2582 575 2610 52.
670 2579 709 2624 2)
731 2582 774 2613 ib.
787 2591 818 2613 v.
835 2584 888 2615 53.
985 2583 1021 2623 3)
1045 2585 1060 2613 1
1071 2584 1191 2614 Thess.
1207 2585 1239 2625 4,
1255 2585 1296 2614 13
1311 2592 1383 2622 sqq.
