1566 2808
174 179 278 216 199
429 181 550 212 ADV.
586 179 949 211 MARCIONEM
985 179 1161 210 LIBER
1190 180 1245 211 IV.

177 273 440 319 confirmabat,
470 271 569 324 quod
597 285 646 310 cx
672 271 816 310 offensa
845 273 1019 323 negavit,
1047 272 1182 324 quibus
1209 284 1285 310 non
1311 278 1352 310 ut
1375 273 1503 311 vcri‘o-

177 345 239 369 res
266 331 459 368 substituit
484 329 549 367 scd
577 336 618 367 ut
649 328 858 380 digniores.
920 329 1094 381 Denique
1126 329 1219 368 nihil
1245 333 1446 381 magnum,¹
1472 331 1503 368 si

178 388 289 426 fidem
318 388 493 438 sanguini
520 388 756 438 praeposuit,
785 400 894 439 quem
922 401 998 426 non
1025 387 1205 425 habebat.

294 449 361 487 20.
414 445 518 492 Quis·
531 452 655 482 autem
683 446 754 483 istc
782 452 858 492 cst,
899 446 960 497 qui
987 451 1027 483 et
1050 446 1174 483 ventis
1200 451 1240 483 et
1264 445 1359 483 mari
1385 445 1505 496 impe-

178 506 264 542 rat?
278 505 313 552 ¹)
353 504 527 540 nimirum
555 515 674 540 novus
708 501 928 540 dominator
958 509 1072 554 atque
1105 515 1306 554 possessor
1337 502 1506 540 elemen-

179 569 306 599 torum
338 561 487 598 subacti
514 561 586 598 iam
615 566 654 598 et
679 560 825 598 exclusi
853 561 1068 598 creatoris?
1097 558 1186 598 Non
1212 561 1266 598 ita
1293 565 1387 598 est.'
1427 558 1507 598 Sed

180 625 373 669 agnorant
398 618 632 661 substantiae
659 624 857 656 auctorem
884 631 1009 664 suum,
1044 629 1140 669 quae
1165 617 1324 670 *famulis
1357 627 1507 669 quoque

180 678 262 714 eius
300 675 485 714 obaudire
523 682 816 714 consueverant.
885 675 1035 727 Inspice
1073 673 1268 722 Exodum,
1316 673 1506 722 Marcion,

181 734 311 785 aspice
344 734 439 771 mari
472 733 607 778 rubro,
645 734 803 772 vastiori
848 746 964 785 super
996 733 1122 770 omnia
1158 739 1295 783 stagna
1327 727 1507 778 Iudaeae,

180 792 327 841 virgam
353 790 479 842 Moysi
518 791 787 841 imperantem,
826 797 867 827 ut
897 789 1065 828 funditus
1097 790 1328 840 proscissu'm
1362 796 1401 828 et
1424 789 1508 841 pari

183 850 358 899 utrinque
385 855 542 899 stupore
569 847 800 885 discriminis
831 847 943 886 fixum
971 849 1077 890 sicco
1109 847 1288 899 populum
1320 845 1420 898 pede
1451 847 1509 884 in-

183 907 324 944 testino
350 906 490 943 itinere
517 906 814 951 transmitteret,
853 917 1058 956 rursusque
1085 904 1153 942 sub
1181 903 1349 942 eiusdem
1377 905 1508 955 virgae

182 970 285 1009 nutu,
313 962 501 1001 redeunte
527 969 676 1009 natura,
701 961 937 1013 Aegyptium
964 962 1177 1000 exercitum
1202 960 1388 1000 un‘darum
1416 974 1509 1000 con-

184 1020 317 1059 cordia
349 1020 550 1067 obrueret,
584 1021 621 1058 in
654 1018 752 1071 quod
781 1032 876 1070 opus
902 1027 941 1057 et
965 1020 1086 1057 austri
1111 1016 1340 1061 servierunt.
1402 1018 1509 1070 Lege

184 1088 234 1126 ex
259 1084 364 1115 smte
398 1078 566 1115 familiae
599 1075 836 1115 dirimendae
869 1078 907 1115 in
933 1077 1107 1115 transitu
1123 1078 1217 1115 eius
1231 1075 1406 1115 Iordanis
1432 1089 1510 1127 ma-

185 1123 365 1173 chacram
392 1135 581 1183 fuisse,2)
623 1135 730 1172 cuius
755 1135 936 1186 impetum
962 1141 1077 1186 atque
1105 1133 1307 1173 decursum
1332 1128 1458 1186 plane
1472 1140 1512 1173 et

184 1192 290 1231 lesus
317 1191 506 1230 docuerat
536 1192 735 1243 prophetis
759 1192 1084 1236 transmeantibus
1109 1198 1226 1231 stare.
1242 1187 1278 1242 ³⁵)
1339 1190 1438 1240 Quid
1463 1189 1511 1230 ad

184 1251 306 1288 baec?
332 1249 373 1288 Si
401 1257 485 1288 tuus
505 1250 679 1288 Christus
705 1257 775 1297 est,
802 1264 878 1289 non
905 1251 981 1290 erit
1003 1252 1203 1305 potentior
1226 1250 1376 1288 famulis
1403 1255 1511 1301 crea-j

184 1309 293 1345 toris.
357 1306 435 1346 Sed
475 1308 531 1346 bis
563 1308 655 1347 solis
687 1309 873 1361 exemplis
918 1322 1006 1348 usus
1037 1319 1203 1356 essem,
1225 1309 1258 1346 si
1288 1321 1366 1347 non
1397 1307 1513 1346 etiam

184 1364 426 1416 praedicatio
459 1366 629 1404 marinae
669 1367 776 1409 istius
808 1366 1066 1419 expeditionis
1105 1365 1297 1406 Christum
1335 1371 1514 1404 anteces-

186 1423 310 1460 sisset.
373 1421 471 1460 Nam
505 1437 588 1460 cum
621 1425 885 1471 transfretat,
887 1425 1069 1476 psalmus
1101 1417 1351 1476 expungitur:
1391 1422 1513 1461 domi-

186 1493 267 1526 nus,
294 1480 427 1531 inquit,
455 1492 570 1531 supet
595 1481 711 1531 aquas
737 1482 885 1518 multas.
894 1483 932 1530 4)
968 1482 1060 1519 Cum
1082 1480 1202 1519 undas
1227 1481 1334 1519 freti
1344 1478 1512 1527 discutit,

185 1537 346 1577 Abacuc
385 1536 633 1590 adimpletur:
685 1536 931 1589 dispergens,
976 1538 1115 1589 inquit,
1155 1551 1272 1590 aquas
1310 1538 1512 1585 itinere.⁵)

188 1595 280 1643 Cum
313 1593 362 1633 ad
387 1595 507 1633 minas
533 1596 615 1634 eius
642 1594 797 1633 eliditur
822 1608 939 1642 mare,
967 1595 1090 1633 Naum
1119 1601 1268 1647 quoque
1284 1595 1513 1635 absolvitur:

189 1653 441 1699 comminans,
469 1651 614 1704 inquit,
638 1654 733 1690 mari
760 1660 799 1691 et
825 1653 1043 1691 arefaciens
1069 1651 1234 1705 illudffl)
1272 1653 1402 1707 utique
1430 1665 1515 1691 cum

186 1711 329 1756 ventis,
368 1711 503 1762 quibus
539 1710 836 1762 inquietabatur.
905 1709 1014 1748 Unde
1046 1712 1120 1757 vis,
1164 1723 1289 1748 meum
1323 1709 1517 1749 vindicem

189 1767 400 1814 Christum,
446 1767 493 1815 de
532 1768 717 1819 exemplis
754 1782 803 1806 an
830 1766 888 1806 ·de
926 1767 1132 1820 prophetis
1171 1768 1384 1807 creatoris?
1421 1766 1516 1819 Age

188 1838 312 1872 nunc,
352 1826 415 1877 qui
441 1826 643 1864 militarem
660 1826 715 1864 §et
740 1825 1178 1864 armatum-bellatorem
1205 1823 1423 1878 praedicari
1449 1838 1518 1877 pu-

189 1890 260 1929 tas,
287 1896 363 1920 non
384 1883 547 1933 figurate
568 1895 641 1921 nec
668 1884 900 1934 allegorice,
929 1884 991 1935 qui
1017 1884 1157 1922 bellum
1183 1883 1356 1935 spiritale
1381 1882 1519 1921 adver-

190 1953 252 1978 sus
284 1941 477 1991 spiritales
514 1941 645 1979 hostes
677 1942 841 1993 spiritali
878 1942 1014 1979 militia
1053 1948 1092 1980 et
1129 1941 1365 1993 spiritalibus
1403 1941 1519 1979 armis

191 1997 416 2049 spiritaliter
441 1996 701 2036 debellaturus
727 2006 843 2037 esset.
907 1999 999 2037 Cum
1031 1995 1177 2038 invenis
1202 2000 1240 2037 in
1265 2012 1340 2037 uno
1365 1998 1519 2036 bomine

191 2053 469 2093 multitudinem
496 2054 740 2103 daemonum,
774 2057 966 2108 legionem
993 2069 1034 2095 se
1061 2057 1292 2111 professam,
1311 2056 1351 2105 ⁷)
1382 2056 1519 2107 utique

191 2112 420 2163 spiritalem,
454 2111 559 2150 disce
586 2120 626 2151 ct
647 2112 1169 2165 >Christumexpugnatorem
1201 2114 1427 2166 spiritalium
1451 2113 1522 2152 ho-
1560 2114 1566 2119 ”

192 2172 303 2208 stium
341 2170 566 2222 spiritaliter
596 2178 780 2211 armatum
819 2179 858 2209 ct
894 2171 1122 2223 spiritaliter
1151 2171 1376 2210 bellicosum
1408 2171 1524 2222 iutel-

194 2227 411 2279 ligendum,
450 2235 562 2279 atque
601 2230 654 2266 ita
685 2230 805 2280 ipsum
832 2242 936 2276 esse,
975 2230 1037 2281 qui
1069 2242 1153 2267 cum
1185 2230 1339 2281 legione
1371 2241 1521 2282 quoque

195 2285 420 2325 daemonum
447 2293 532 2324 erat
557 2284 833 2325 dimicaturus.⁴
880 2286 929 2325 Ut
967 2294 1006 2326 et
1038 2286 1090 2326 de
1116 2287 1191 2327 hoc
1223 2287 1326 2327 bello
1356 2285 1522 2339 psalmus

290 2450 326 2494 1)
354 2427 435 2482 luc.
453 2451 483 2490 8,
500 2451 553 2481 25.
650 2451 682 2490 2)
708 2452 834 2481 locum
858 2453 1059 2490 corruptum
1086 2451 1258 2482 semlerus
1279 2449 1327 2480 ita
1341 2449 1521 2490 corrigen-

198 2497 275 2527 dum
292 2497 441 2536 putant
490 2498 600 2537 lege
627 2499 667 2527 et
692 2497 800 2528 sorti
827 2497 1034 2536 famuli(i.
1050 2506 1080 2527 e.
1097 2493 1236 2536 losuae)
1252 2495 1522 2534 dirimendae,

199 2542 239 2573 in
265 2543 494 2574 transitum
527 2544 637 2582 eius,
672 2543 869 2574 Iordanis
895 2543 1120 2574 maceriem
1147 2541 1309 2573 fuine:
1393 2539 1413 2573 3
1455 2542 1522 2572 loa.

202 2590 231 2627 5,
248 2588 279 2620 4.
336 2591 373 2629 4)
399 2590 452 2620 Ps.
471 2591 568 2630 29,3.
628 2591 663 2630 5)
690 2591 774 2621 Hab.
790 2591 863 2628 3,9.
922 2589 960 2628 6)
975 2581 1199 2628 Nahum174.
1227 2606 1229 2611 ν
1260 2584 1299 2631 ’7)
1315 2588 1400 2618 huc.
1443 2587 1523 2628 ,3⁰.
