1604 2800
556 222 1006 256 Anv.1>nAXEAN.
1349 216 1448 262 252

119 317 275 370 spiritus
311 320 429 364 caro,
460 316 499 355 iu
531 328 609 355 nuo
638 316 753 368 plane
789 328 876 355 esse
913 322 1085 368 possunt.
1155 314 1217 354 Ex
1251 315 1311 355 his
1339 315 1448 357 Iesus

120 375 307 422 constitit,
332 386 384 414 ex
407 386 525 413 carue
550 373 680 420 homo,
706 386 756 412 ex
779 374 914 426 spiritu
942 372 1049 420 deus,
1075 385 1186 425 quem
1212 380 1302 412 tunc
1327 386 1449 426 ange—

118 432 178 471 lus
190 433 228 481 ι)
255 444 305 471 ex
329 443 378 470 ea
400 437 524 483 parte,
550 444 625 484 qua
647 432 804 483 spiritus
828 438 925 478 erat,
952 430 1015 470 dei
1041 430 1157 470 filium
1175 432 1448 484 pronuntiavit,

119 501 276 530 servans
307 490 416 528 carni
447 489 563 528 filium
593 489 756 528 hominis
787 488 877 527 dici.
940 487 1005 528 Sic
1037 495 1078 527 et
1105 489 1303 541 apostolus
1333 487 1449 528 etiam

119 546 184 587 dei
208 553 251 587 et
274 546 465 585 homiuum
490 547 688 599 appellans
713 547 1016 598 sequestrem‚2)
1049 547 1243 598 utriusque
1274 546 1450 585 substau-

121 605 199 644 tiae
236 604 488 643 confirmavit.
560 603 777 643 Novissime
811 605 874 656 qui
906 604 1022 642 filium
1053 602 1117 642 dei
1149 616 1303 643 caruem
1328 605 1449 642 iuter-

118 662 299 715 pretaris,
325 662 479 708 exhibe,
506 662 567 714 qui
588 663 638 701 sit
658 662 756 700 filius
777 661 950 700 hominis.
995 660 1073 700 Aut
1097 660 1276 714 numquid
1294 662 1449 713 spiritus

121 720 229 758 crit?
286 717 367 758 Sed
404 720 578 771 spiritum
616 726 764 771 patrem
802 720 924 771 ipsum
952 720 1010 757 vis
1041 718 1194 766 haberi,
1236 718 1324 771 quia
1355 717 1450 757 deus

119 777 295 829 spiritus,
328 778 436 829 quasi
461 790 538 815 uon
563 783 604 815 et
628 776 692 815 dei
715 777 891 828 spiritus,
923 777 1023 815 sicut
1048 783 1089 815 et
1113 789 1239 814 sermo
1265 774 1379 822 deus,
1410 782 1451 814 et

120 832 184 873 dei
208 846 350 873 sermo.

234 894 305 933 28.
342 890 475 942 Itaque
503 889 694 928 Christum
719 890 817 928 facis
841 896 1002 941 patrem,
1030 889 1263 935 stultissime,
1290 890 1354 940 qui
1379 901 1452 927 uec

118 949 240 1000 ipsam
262 948 339 986 vim
363 948 546 999 inspicias
570 947 734 984 nominis
757 946 880 991 huius,
906 947 939 985 si
957 953 1085 985 tamen
1104 958 1242 984 nomeu
1262 952 1322 985 est
1341 945 1453 984 Chri-

119 1012 220 1052 stus,
256 1011 298 1044 et
332 1018 409 1043 non
447 1004 654 1056 appellatio
692 1004 839 1055 potius3
882 1010 1020 1042 unctus
1062 1004 1161 1042 euim
1198 1003 1450 1054 significatur.

119 1061 268 1101 Unctus
296 1068 424 1100 autem
455 1075 532 1099 nou
557 1061 678 1111 magis
702 1073 841 1099 nomeu
864 1067 943 1106 est,
982 1073 1092 1111 quam
1122 1061 1304 1106 vestitus,
1341 1072 1450 1111 quam

121 1119 336 1165 calceatus,
367 1117 551 1156 accidens
576 1118 720 1155 nomini
743 1130 820 1156 res.
879 1116 942 1155 An
967 1123 1025 1163 tu,
1052 1117 1084 1155 si
1109 1129 1159 1155 ex
1184 1116 1311 1168 aliquo
1337 1129 1452 1167 argu-

120 1182 251 1216 mento
285 1176 448 1214 vestitus
479 1187 632 1227 quoque
663 1181 873 1213 vocaretur
896 1174 1022 1221 Iesus,
1061 1172 1252 1226 quomodo
1278 1173 1453 1212 Christus

123 1234 172 1273 ah
196 1234 390 1272 unctionis
426 1239 689 1279 sacramento,
725 1245 849 1284 aeque
875 1231 1000 1270 Iesum
1038 1231 1154 1269 filium
1190 1230 1254 1269 dei
1283 1229 1451 1277 diceres,

119 1292 300 1331 vestitum
323 1303 417 1330 vero
443 1297 591 1342 patrem
618 1288 827 1328 crederes?
855 1288 968 1327 Nuuc
994 1287 1041 1327 de
1067 1288 1236 1327 Christo.
1275 1287 1316 1327 Si
1342 1294 1453 1340 pater

122 1349 297 1388 Christus
322 1355 394 1395 est,
426 1355 539 1400 pater
561 1354 699 1386 unctus
724 1354 795 1394 est,
827 1354 868 1385 et
890 1348 1021 1398 utique
1046 1346 1094 1384 ab
1119 1346 1210 1384 alio.
1271 1345 1350 1383 Aut
1373 1346 1406 1383 si
1430 1358 1453 1383 a

122 1413 246 1446 semet
269 1407 367 1458 ipso,
398 1405 537 1458 proba.
601 1403 680 1443 Sed
706 1418 782 1442 nou
807 1404 862 1442 ita
887 1403 1031 1442 docent
1053 1402 1154 1442 Acta
1179 1402 1452 1454 Apostolorum

121 1466 161 1504 in
185 1464 251 1503 illa
275 1464 558 1503 exclamatione
572 1463 610 1510 ³)
637 1461 686 1500 ad
711 1461 843 1500 deum:
875 1467 1139 1500 convenerunt
1162 1461 1260 1498 euim
1287 1459 1454 1498 universi

121 1523 161 1561 iu
175 1522 250 1560 ista
270 1522 427 1561 civitate
447 1519 630 1559 adversus
649 1526 822 1558 sanctum
841 1519 957 1557 filium
978 1525 1095 1564 tuum,
1108 1516 1149 1568 4)
1175 1530 1285 1568 quem
1299 1517 1454 1561 unxisti,

122 1577 300 1619 Herodes
315 1585 360 1617 et
374 1577 519 1616 Pilatus
543 1590 628 1615 cum
652 1576 885 1615 nationibus.
900 1577 938 1624 5)
977 1575 1035 1614 Ita
1059 1581 1100 1614 et
1119 1574 1233 1612 filium
1254 1573 1315 1612 dei
1330 1574 1454 1612 Iesum

122 1637 332 1676 contestati
364 1642 451 1674 sunt
474 1642 514 1673 et
540 1635 654 1673 filium
681 1648 704 1673 a
727 1641 837 1686 patre
861 1640 1030 1671 unctum.
1090 1631 1198 1680 Ergo
1228 1630 1453 1678 dominus⁶)

122 1693 224 1733 idem
248 1694 326 1732 erit
349 1693 543 1737 Christus,
582 1693 645 1742 qui
669 1704 690 1728 a
716 1697 827 1742 patre
851 1696 988 1727 unctus
1012 1694 1089 1733 est,
1121 1699 1198 1724 non
1228 1693 1359 1738 pater,
1391 1687 1455 1737 qui

122 1752 239 1791 filium
269 1750 392 1788 unxit.
455 1747 522 1786 Sic
554 1754 594 1785 et
623 1746 781 1785 Petrus:
822 1745 1036 1783 firmissime
1073 1744 1203 1795 itaque
1241 1749 1455 1793 cognoscat

123 1807 246 1846 omnis
276 1805 410 1844 domus
436 1804 575 1849 lsrael,
609 1802 709 1854 quod
736 1809 776 1841 et
800 1801 991 1840 dominum
1017 1807 1059 1839 et
1082 1799 1293 1846 Christum,
1325 1798 1365 1837 id
1396 1806 1455 1837 est

122 1871 291 1910 unctum,
323 1862 464 1900 fecerit
488 1873 573 1899 eum
599 1859 707 1905 deus,
739 1859 839 1897 hune
864 1858 1000 1904 Iesum,
1032 1870 1142 1910 quem
1166 1870 1235 1895 vos
1260 1856 1455 1900 crucifixi-

123 1921 263 1970 stis.‘¹)
323 1918 487 1957 Ioannes
524 1923 651 1955 autem
689 1917 804 1954 etiam
842 1915 1066 1954 mendacem
1102 1920 1213 1952 notat
1247 1926 1352 1961 eum,
1390 1914 1455 1966 qui

123 1977 328 2031 negaverit
340 1975 463 2015 Iesum
485 1986 570 2014 esse
586 1973 789 2019 Christum,
817 1980 953 2012 contra
977 1972 1027 2011 de
1046 1971 1121 2011 deo
1141 1979 1269 2010 uatum
1288 1983 1453 2017 omnem,

124 2038 189 2090 qui
226 2033 439 2075 crediderit
469 2032 594 2071 Iesum
630 2043 717 2070 esse
749 2031 953 2070 Christum.
967 2030 1009 2083 8)
1079 2029 1247 2081 Propter
1282 2027 1385 2081 quod
1414 2035 1455 2067 et

123 2094 314 2139 hortatur,
346 2098 387 2130 ut
412 2089 613 2129 credamus
637 2089 781 2127 nomini
808 2088 875 2126 filii
900 2089 982 2126 eius
1007 2087 1094 2126 lesu
1119 2086 1281 2133 Christi,
1311 2093 1355 2124 ut
1378 2086 1455 2124 sci·

124 2151 220 2190 licet
239 2149 455 2189 commuuio
470 2148 518 2186 sit
531 2146 644 2185 nohis
663 2152 747 2184 cum
766 2153 876 2199 patre
891 2152 931 2184 et
944 2145 1025 2184 filio
1044 2145 1126 2183 eius
1139 2144 1226 2182 lesu
1242 2138 1454 2191 Chi-istest)

126 2207 193 2247 Sic
212 2214 252 2246 et
270 2206 409 2246 Paulus
429 2205 568 2257 ubique
587 2202 700 2242 deum
719 2210 866 2255 patrem
886 2203 997 2254 pouit
1014 2209 1054 2241 et
1072 2201 1263 2240 dominum
1283 2196 1453 2237 nostrum

125 2265 251 2305 lesum
276 2263 483 2302 Christum.
521 2261 614 2300 Cum
639 2259 688 2298 ad
713 2259 906 2298 Romanos
930 2259 1077 2306 scribit,
1104 2258 1248 2309 gratias
1273 2257 1355 2307 agit
1377 2254 1452 2293 deo

124 2336 197 2376 per
209 2321 584 2361 domiuum-nostrum
598 2318 721 2357 Iesum
732 2317 964 2365 Christum3¹
975 2318 1016 2368 ⁰)
1037 2329 1121 2355 cum
1135 2313 1183 2352 ad
1194 2311 1363 2360 Galatas,
1377 2323 1455 2350 uon

223 2485 259 2522 1)
279 2484 362 2516 Luc.
383 2484 415 2521 1,
438 2483 492 2512 35.
563 2478 601 2522 2)
624 2478 739 2509 1Tim.
760 2479 791 2516 2,
814 2479 844 2508 5.
917 2475 954 2520 3)
981 2476 1043 2507 Ed.
1067 2475 1170 2506 Fran.
1190 2476 1225 2505 et
1249 2473 1323 2514 mg.
1345 2471 1453 2503 exet.

128 2530 356 2563 eccle-iae.
428 2526 467 2569 4)
481 2526 656 2557 Eam-an.
671 2528 706 2554 et
719 2523 794 2563 mg.
816 2523 956 2553 filium
975 2525 1090 2553 tuum
1112 2522 1257 2551 lesum.
1328 2518 1364 2555 5)
1378 2519 1452 2548 Act.

127 2580 214 2617 App.
227 2578 259 2614 4,
274 2577 330 2607 Ξῖ.
401 2572 435 2612 6)
449 2572 510 2603 Ed.
523 2571 625 2602 Fran.
639 2573 673 2601 et
692 2569 765 2608 mg.
786 2568 894 2608 Ergo
919 2569 981 2598 len
993 2577 1036 2598 un
1061 2567 1167 2597 idem
1186 2568 1252 2596 etc.
1325 2562 1364 2606 Ἰ)
1378 2565 1454 2595 Act.

129 2623 217 2664 App.
233 2623 264 2663 2,
279 2622 333 2652 36.
382 2620 415 2660 8)
431 2620 446 2648 1
459 2621 504 2649 lo.
520 2619 551 2657 2,
568 2618 621 2648 22.
648 2618 681 2654 4,
698 2616 716 2644 2
728 2624 776 2652 sq.
804 2617 835 2653 5,
852 2615 881 2643 1.
930 2615 968 2653 9)
982 2614 1056 2644 ilo.
1072 2614 1102 2652 1,
1118 2613 1148 2641 7.
1204 2613 1263 2651 10)
1274 2611 1368 2641 Rom.
1380 2610 1452 2650 1‚8.
