1604 2800
536 130 661 162 anv.
698 131 1135 164 uEnMOGENEM.
1430 128 1500 167 85

168 232 270 266 mata
301 232 380 271 est,
417 231 459 263 et
487 225 519 262 si
552 237 623 276 per
651 225 969 277 compositionem
1001 225 1084 272 dei,
1123 222 1291 264 cessavit
1313 236 1336 262 a
1361 231 1498 262 natura

167 284 282 331 mali3
319 289 455 321 natura
487 282 652 321 cessavit
677 294 792 334 ergo,
831 289 872 321 et
896 283 994 322 mala
1019 285 1091 323 fnit
1115 290 1250 322 natura
1276 287 1366 320 ante
1392 295 1498 320 eom-

167 342 411 395 positionem,
438 346 478 379 et
502 339 683 379 desinere
708 341 833 393 potuit
852 354 875 379 a
895 348 1031 380 natura
1056 348 1144 394 post
1166 339 1495 380 reformationem.

282 402 350 440 44.
400 395 478 437 Sed
506 405 543 436 ct
570 398 735 450 qualiter
759 405 959 451 operatum
989 400 1111 438 facias
1140 398 1273 444 deum,
1310 397 1496 449 sequitur,

166 464 210 496 ut
233 454 445 495 ostendam.
508 455 626 494 Plane
652 469 675 493 a
700 456 938 508 philosophis
963 457 1134 504 recedis,
1160 456 1230 496 sed
1256 463 1382 494 tamen
1408 462 1448 493 et
1472 469 1493 492 a

165 513 380 568 prophetis.
442 512 565 552 Stoici
593 514 692 552 enim
718 515 850 552 volunt
875 513 986 553 deum
1012 516 1070 554 sic
1096 529 1166 567 per
1196 514 1394 553 materiam
1427 512 1496 551 de-

165 573 403 617 cucurrisse,
443 570 635 623 quomodo
666 572 741 610 mel
774 585 844 624 per
873 573 996 611 favos.
1057 573 1109 611 At
1148 580 1185 610 tu
1223 585 1318 615 non,
1357 572 1495 622 inquis,

164 629 430 682 pertransiens
455 629 556 667 illam
583 628 678 667 facit
703 629 900 677 mundum,
939 631 1007 669 sed
1039 629 1277 669 solummodo
1304 641 1495 680 apparens

164 693 206 726 et
229 687 540 739 appropinquans
564 687 620 732 ei,
658 687 758 725 sicut
782 688 877 726 facit
901 687 991 739 quid
1016 687 1139 726 decor
1162 684 1400 725 solummodo
1427 699 1496 736 ap-

164 755 304 796 parens
333 750 375 782 et
410 755 569 794 magnes
606 744 703 795 lapis
738 745 978 783 solummodo
1010 746 1331 797 appropinquans.
1395 741 1494 789 Quid

163 801 287 840 simile
311 799 407 839 deus
431 800 627 839 fabricans
652 800 846 848 mundum,
874 809 914 840 et
938 802 1061 840 decor
1084 802 1289 840 vulnerans
1314 800 1492 845 animum,

161 865 230 898 ant
251 870 410 910 magnes
435 857 633 896 attrahens
657 858 827 897 ferrum?
873 858 971 897 Nam
998 860 1070 898 etsi
1096 859 1274 912 apparuit
1298 856 1393 896 deus
1414 871 1494 895 ma—

162 916 306 963 teriae,
345 913 414 955 sed
440 929 516 954 non
541 916 756 954 vulneravit
781 916 902 963 illam,
935 916 1035 970 quod
1063 915 1186 956 decor
1208 917 1393 962 animum3
1419 916 1494 954 etsi

160 974 500 1027 appropinquavit,
537 972 606 1012 sed
638 987 714 1012 non
747 974 923 1013 cohaesit
947 976 1021 1021 illi,
1061 974 1163 1026 quod
1186 986 1345 1025 magnes
1371 973 1490 1011 ferro.

161 1031 257 1071 Puta
282 1044 383 1070 nunc
407 1032 584 1084 exempla
610 1038 672 1069 tua
697 1025 935 1084 competere.
998 1032 1115 1071 Certe
1147 1032 1178 1070 si
1204 1029 1427 1083 apparendo
1452 1037 1494 1069 et

158 1088 502 1142 appropinquando
528 1090 714 1128 materiae
739 1090 835 1128 fecit
859 1102 909 1128 ex
932 1089 997 1127 illa
1023 1089 1117 1128 deus
1142 1088 1333 1134 mundum,
1358 1088 1490 1139 utique

159 1158 213 1185 ex
243 1159 316 1198 qno
347 1147 543 1198 apparuit,
582 1147 695 1192 fecit,
733 1153 774 1185 et
804 1159 853 1185 ex
884 1144 958 1198 quo
989 1147 1320 1199 appropinquavit.
1382 1143 1489 1195 Ergo

161 1216 239 1242 non
268 1203 419 1242 fee'erat
449 1210 576 1250 retro,
615 1202 767 1255 quaudo
792 1204 829 1249 1)
858 1217 930 1243 nec
961 1210 1193 1256 apparuerat
1224 1204 1279 1242 illi
1310 1215 1383 1241 nec
1420 1215 1490 1253 ap·

160 1261 498 1314 propinquaverat.
558 1260 610 1299 Et
634 1262 695 1299 cui
722 1260 909 1300 credibile
935 1269 1006 1309 est,
1033 1261 1144 1300 deum
1170 1275 1245 1300 non
1265 1260 1488 1312 apparuisse

159 1319 360 1365 materiae,
385 1318 446 1356 vel
472 1331 545 1370 qua
569 1318 888 1357 consubstantiali
914 1332 1007 1358 suae
1031 1333 1103 1372 per
1121 1320 1417 1358 aeternitatem?
1440 1317 1488 1355 ab

160 1388 208 1415 ea
233 1375 350 1427 longe
374 1374 512 1422 fuisse,
551 1388 660 1428 quem
693 1375 884 1415 credimus
914 1377 1054 1429 ubique
1080 1390 1165 1416 esse
1191 1384 1232 1415 et
1255 1376 1396 1428 ubique
1421 1389 1490 1427 ap·

159 1445 319 1486 parere,
351 1434 413 1471 eui
445 1435 560 1472 etiam
592 1434 810 1472 inanimalia
836 1441 877 1473 et
900 1435 1163 1487 incorporalia
1188 1433 1321 1473 laudes
1347 1440 1489 1472 canunt

155 1489 259 1544 apud
283 1487 509 1529 Danielem?
525 1492 563 1537 2)
625 1490 796 1539 Quantus
820 1491 883 1530 hic
910 1492 1036 1540 loeus,
1074 1494 1113 1531 in
1138 1506 1213 1545 quo
1240 1491 1334 1531 deus
1360 1505 1382 1529 a
1408 1504 1487 1529 ma-

158 1549 259 1588 toria
281 1554 428 1587 tantum
452 1547 639 1596 distabat,
676 1556 719 1588 ut
748 1562 872 1602 neque
897 1557 1105 1603 appareret
1130 1563 1253 1603 neque
1279 1550 1488 1602 appropin-

158 1613 298 1660 quaret
327 1613 417 1645 ante
447 1605 576 1644 mundi
613 1607 876 1647 molitionem?
936 1607 1083 1655 Credo,
1122 1608 1391 1660 peregrinatus
1428 1614 1485 1645 est

157 1662 208 1703 ad
232 1664 335 1703 illam
360 1662 409 1702 de
436 1663 666 1716 longinquo,
706 1677 791 1703 cum
821 1666 983 1717 primum
1013 1667 1049 1704 ei
1082 1666 1202 1704 voluit
1231 1677 1421 1718 apparere
1448 1670 1488 1702 et

156 1723 482 1773 appropinquare.

271 1780 343 1818 45.
390 1777 444 1814 At
474 1777 573 1815 enim
605 1777 818 1829 prophetae
850 1785 891 1817 et
925 1779 1093 1831 apostoli
1129 1792 1204 1817 non
1242 1780 1295 1817 ita
1332 1776 1488 1816 tradunt

158 1832 335 1874 muudum
361 1846 382 1872 a
408 1833 484 1872 deo
509 1834 669 1880 factum,
707 1842 919 1887 apparente
949 1835 1187 1875 solummodo
1214 1843 1255 1875 et
1278 1836 1486 1889 appropin-

157 1898 299 1946 quante
337 1892 541 1938 materiae,
581 1892 669 1944 qnia
699 1905 771 1930 nec
802 1893 1000 1932 materiam
1031 1894 1146 1933 ullam
1178 1895 1484 1939 nominaverunt,

155 1949 226 1989 sed
262 1950 387 2002 primo
425 1949 596 2001 sophiam
642 1948 854 1998 conditam,
905 1952 1013 1990 initia
1031 1953 1070 2001 ³)
1107 1952 1252 1991 viarum
1288 1952 1328 1990 in
1366 1964 1485 2003 opera

155 2009 294 2060 ipsius,
318 2008 357 2055 ⁴)
389 2005 530 2046 dehine
556 2014 597 2045 et
619 2019 834 2047 sermonem
864 2009 1073 2062 prolatum,
1111 2021 1183 2062 per
1213 2022 1323 2062 quem
1358 2010 1483 2048 omnia

155 2066 263 2104 faeta
284 2071 376 2103 sunt
399 2071 440 2103 et
463 2065 546 2102 sine
573 2077 646 2116 quo
672 2065 813 2104 factum
838 2073 899 2105 est
922 2067 1029 2115 nihil,
1048 2069 1086 2116 ⁵)
1112 2066 1278 2120 denique
1303 2080 1481 2107 sermone

157 2123 242 2161 eins
266 2122 369 2161 coeli
394 2122 607 2160 confirmati
631 2129 720 2160 sunt
749 2130 790 2162 et
818 2125 955 2176 spiritu
984 2126 1102 2177 ipsius
1132 2127 1333 2164 universae
1364 2126 1483 2163 virtu-

157 2186 217 2219 tes
253 2192 400 2219 eorum.
420 2178 459 2227 ς)
521 2178 591 2218 Hic
628 2186 689 2218 est
723 2179 786 2219 dei
818 2180 953 2221 dextra
985 2189 1027 2222 et
1056 2196 1188 2222 manus
1218 2183 1372 2228 ambae,
1412 2194 1482 2233 per

155 2250 249 2290 quas
275 2243 457 2289 operatus
488 2243 549 2275 est
577 2244 692 2290 atque
723 2239 875 2278 molitus
907 2246 980 2278 est.
996 2241 1035 2288 ⁷)
1098 2240 1226 2293 Opera
1263 2240 1364 2278 enim
1402 2252 1479 2276 ma-

249 2396 286 2441 1)
307 2397 599 2438 Tun-posuimus
624 2401 739 2431 verba.
786 2398 896 2432 Editt.
911 2411 1049 2433 omnes:
1073 2401 1183 2443 Ergo
1209 2400 1376 2440 quaudo
1398 2409 1479 2432 non

154 2445 326 2477 fecerat
344 2445 483 2487 retro,
506 2455 583 2477 nee
604 2454 746 2486 appar.
845 2445 995 2491 220011.
1014 2449 1047 2488 3,
1067 2449 1122 2478 21.
1166 2474 1178 2482 ,,
1222 2447 1259 2488 3)
1283 2447 1346 2478 Ed.
1365 2446 1479 2485 Fran„

153 2490 228 2530 lug.
251 2490 435 2523 initium.
539 2490 577 2534 4)
596 2493 696 2525 Prota
710 2494 742 2535 8,
763 2494 816 2524 22.
922 2495 958 2534 5)
984 2495 1030 2525 lo.
1051 2495 1083 2535 1,
1103 2494 1135 2524 3.
1233 2491 1272 2529 6)
1298 2493 1352 2525 Ps-
1371 2493 1426 2535 33,
1447 2495 1479 2523 6.

153 2535 194 2580 τ)
219 2538 419 2575 tee.48,13.

1193 2587 1246 2626 3*
