1566 2808
140 209 206 247 26
403 211 527 242 ADv.
563 211 922 243 MARCIONEM
958 213 1135 243 LIBER
1170 213 1201 242 11

142 302 384 357 perducitur,
422 310 464 342 ut
489 303 585 342 falso
613 301 687 342 deo
720 302 900 356 depulso,
939 304 1085 355 regulis
1112 305 1229 343 certis
1255 310 1300 342 et-
1318 305 1469 343 unicam

141 369 181 400 et
206 361 420 413 perfectam
447 361 801 413 praescribentibus
833 360 1089 409 divinitatem,
1127 361 1220 400 nihil
1253 362 1326 400 ia'm
1353 374 1471 414 quae-

143 425 296 457 reretur
321 419 359 456 in
386 418 497 457 deum
530 431 681 465 verum,
722 431 832 470 quem
864 421 1005 471 quanto
1040 426 1239 458 constaret
1270 431 1375 466 esse,
1412 420 1499 459 sic«

144 489 296 528 quoque
331 475 416 514 dum
450 476 563 514 alium
597 489 682 514 esse
716 490 791 514 non
825 483 995 522 constat,
1034 483 1141 515 tanto
1169 477 1471 529 qualemcunque

144 535 225 572 sine
254 535 523 572 controversia
550 534 684 572 haberi
711 533 890 580 deceret,
919 533 1154 572 adorandum
1181 535 1327 586 potius,
1363 546 1474 586 quam

143 590 409 638 iudicandum,
449 598 488 629 et
526 590 798 630 demerendum
837 592 977 642 magis,
1023 604 1132 643 quam
1170 590 1473 638 retractandum,

143 649 206 687 vel
234 662 344 700 quam
371 648 578 687 timendum
605 649 653 687 ob
681 649 948 687 severitatem.
976 648 1073 696 Quid
1094 649 1193 686 enim
1220 649 1379 700 amplius
1405 648 1476 687 ho-

144 707 236 744 mini
263 707 541 752 necessarium,
576 720 684 758 qnam
712 720 804 745 cura
831 707 869 744 in
896 705 1006 745 deum
1034 719 1182 753 verum,
1210 707 1246 744 in
1273 719 1403 758 quem,
1438 712 1478 772 ut

145 765 201 802 ita
228 763 409 810 dixerim,
442 735 652 810 inciderat,
681 765 767 815 quia
793 764 889 802 alius
915 763 1009 802 deus
1035 777 1109 801 non
1137 766 1246 802 erat?

265 825 304 863 2.
354 820 408 859 At
438 835 537 860 nune
565 823 760 872 negotium
793 822 937 873 patitur
975 820 1068 859 deus
1108 822 1368 888 omnipotens,
1407 819 1478 859 do-

146 881 270 918 minus
297 885 337 917 et
363 878 544 919 conditor
568 880 843 917 universitatis.
909 877 1001 916 Ideo
1028 885 1172 916 tantum
1200 880 1355 931 opinor,
1389 879 1479 930 quia

148 950 171 975 a
198 935 408 988 primordio
441 944 553 974 notus
585 944 661 984 est,
702 938 790 988 quia
821 949 1009 988 nunquam
1042 932 1169 983 latuit,
1209 936 1296 988 quia
1316 945 1481 987 semper

149 992 294 1040 illuxit,
334 995 562 1032 etiamoante
589 994 786 1032 Romulum
814 995 955 1045 ipsum,
989 990 1141 1031 nedum
1153 1000 1242 1032 ante
1268 993 1478 1040 Tiberium,

149 1052 223 1089 nisi
251 1050 352 1103 quod
378 1052 469 1089 solis
496 1052 704 1090 haereticis
726 1052 902 1102 cognitus
929 1065 1005 1093 non
1032 1058 1102 1097 est,
1131 1051 1194 1103 qui
1221 1052 1257 1089 ei
1283 1051 1480 1101 negotium

149 1109 315 1154 faciunt,
343 1102 554 1160 propterea
579 1110 692 1147 alium
719 1109 830 1147 deum
858 1110 1122 1157 existimantes
1147 1107 1479 1160 praesumendum,

152 1166 241 1218 quia
267 1178 377 1216 quem
405 1173 556 1203 constat
581 1179 682 1213 esse,
708 1165 996 1219 reprehendere
1020 1167 1146 1217 magis
1171 1172 1341 1218 possunt,
1370 1178 1481 1217 quam

150 1235 312 1274 negare,
341 1221 387 1260 de
415 1223 576 1261 arbitrio
603 1234 736 1262 sensus
756 1224 812 1261 sui
832 1224 1069 1275 pensitantes
1091 1219 1209 1274 delum*
1228 1223 1364 1275 aliqui,
1379 1234 1483 1275 *pro-

151 1280 242 1319 inde
269 1287 382 1331 atque
409 1281 441 1318 si
468 1294 608 1320 caecus
632 1282 694 1320 vel
715 1280 948 1330 fluitantibus
975 1281 1097 1319 oculis
1118 1279 1207 1320 ideo
1229 1281 1341 1321 alium
1358 1280 1483 1318 solem

151 1350 400 1390 praesumere
426 1339 519 1376 velit
544 1339 735 1378 mitiorem
769 1346 808 1377 et
833 1339 1106 1386 salubriorem,
1146 1339 1251 1390 quia,
1291 1336 1401 1390 'quein
1426 1337 1484 1376 vi-

151 1394 264 1441 deat,
304 1407 379 1431 non
415 1394 533 1447 videt.
597 1395 739 1434 Unicus
772 1396 830 1434 sol
868 1403 944 1442 est,
985 1410 1006 1434 o
1033 1396 1166 1442 homo,
1206 1397 1268 1447 qui
1306 1394 1484 1434 mundum

153 1452 255 1490 hunc
282 1458 490 1518 temperat,
529 1459 568 1490 et
594 1452 744 1504 quando
771 1466 847 1491 non
874 1460 1003 1504 putas,
1032 1454 1194 1504 optimus
1221 1460 1261 1491 et
1285 1453 1406 1500 utilis,
1445 1458 1486 1490 et

157 1523 243 1548 cum
269 1510 338 1548 tibi
364 1510 493 1547 acrior
518 1516 558 1548 et
583 1510 764 1548 inrestior
792 1510 854 1548 vel
887 1511 1002 1548 etiam
1034 1509 1231 1561 sordidior
1255 1511 1369 1570 atque
1397 1523 1485 1549 cor-

154 1567 324 1618 ruptior,
351 1568 493 1605 rationi
518 1574 645 1606 tamen
671 1580 762 1606 suae
787 1580 859 1619 par
884 1575 954 1606 est.
1017 1566 1110 1606 Eam
1139 1574 1177 1606 tu
1203 1569 1234 1606 si
1258 1568 1484 1620 'perspicere

155 1638 234 1662 non
257 1625 408 1671 valeas,
436 1626 511 1663 iam
537 1638 609 1664 nec
636 1626 747 1663 ullius
774 1626 932 1664 alterius
959 1625 1069 1678 solis,
1097 1626 1128 1663 si
1155 1626 1217 1676 qui
1244 1626 1395 1671 fuisset,
1424 1638 1486 1663 ra-

157 1681 242 1720 dios
268 1683 456 1720 sustinere
483 1684 692 1735 potuisses,
726 1684 855 1734 utique
881 1683 1049 1722 maioris.
1110 1681 1208 1722 Nam
1236 1683 1298 1734 qui
1325 1683 1363 1720 in
1388 1682 1486 1720 infe-

155 1740 300 1778 riorem
333 1739 444 1778 deum
478 1742 667 1787 caecutis,
708 1740 794 1792 quid
827 1741 865 1778 in
892 1739 1176 1778 sublimiorem?
1237 1739 1333 1787 Quin
1360 1740 1487 1791 potius

156 1797 368 1835 infirmitati
396 1804 482 1836 tuae
509 1798 649 1850 parcis,
678 1810 749 1835 nee
777 1798 814 1835 in
840 1798 1051 1849 periculum
1077 1795 1313 1845 extenderis,
1341 1796 1487 1836 habens

158 1854 269 1893 deum
298 1862 445 1893 certum
483 1862 523 1893 et
547 1854 799 1894 indubitatum
831 1862 872 1894 et
895 1855 968 1893 hoc
996 1856 1079 1907 ipso
1106 1855 1198 1893 satis
1222 1856 1362 1902 visum,
1403 1868 1487 1893 cum

157 1910 198 1949 id
223 1912 383 1963 primum
411 1914 678 1963 conspexeris,
706 1907 790 1950 eum
822 1925 927 1959 esse,
956 1925 1168 1964 quemnou
1193 1913 1313 1959 scias,
1341 1913 1414 1951 nisi
1437 1925 1489 1951 ex

157 1975 283 2021 parte,
312 1982 385 2021 qua
408 1970 530 2007 voluit
554 1971 650 2021 ipse.
677 1968 756 2007 Sed
783 1968 894 2008 deum
921 1969 1073 2021 quidem
1098 1976 1141 2008 ut
1161 1970 1291 2013 sciens
1317 1983 1399 2009 non.
1418 1964 1487 2008 ne-

159 2039 246 2077 gas,
284 2033 326 2064 ut
363 2027 540 2069 nesciens
578 2033 786 2073 retractas,
824 2027 899 2065 imo
939 2034 977 2066 et
1009 2034 1173 2066 accusas
1201 2028 1309 2079 quasi
1345 2028 1486 2074 sciens,

160 2097 271 2136 quem
297 2085 329 2122 si
349 2085 483 2130 scires,
506 2097 581 2122 non
602 2092 825 2131 accusares,
849 2085 924 2122 imo
945 2097 1017 2124 nec
1039 2091 1293 2132 retractarem
1319 2083 1488 2123 reddens

156 2154 299 2180 nomen
326 2142 393 2189 illi,
422 2155 539 2193 negas
560 2141 808 2180 substantiam
834 2143 1008 2189 nominis,
1035 2140 1071 2182 id
1092 2148 1155 2189 uest
1174 2141 1485 2193 magnitudinem,

160 2212 235 2251 qua
266 2198 359 2238 deus
391 2198 550 2246 dicitur,
590 2213 665 2238 non
692 2206 834 2248 tantam
867 2212 950 2238 eam
976 2212 1225 2251 agnoscens‚-
1252 2206 1430 2253 quantam
1456 2199 1488 2238 si

158 2257 274 2295 homo
314 2255 550 2295 omnifariam
588 2270 700 2295 nosse
738 2257 947 2308 potuisset,
991 2256 1213 2308 magnitudo
1252 2270 1328 2296 non
1366 2263 1484 2297 esset.

159 2314 295 2354 Esaias
332 2316 406 2353 iam
443 2316 571 2363 tum1)
612 2314 808 2366 apostolus
845 2315 1086 2366 prospiciens
1123 2315 1323 2354 haeretica
1353 2312 1486 2362 corda,

161 2373 262 2424 quis,
295 2373 434 2425 inquit,
468 2373 649 2424 coguovit
675 2385 825 2412 sensum
852 2371 1012 2420 domini,
1046 2379 1112 2412 aut
1137 2373 1219 2426 quis
1245 2371 1487 2420 consiliarius

255 2522 288 2563 1)
314 2524 420 2556 Rhen.
447 2526 539 2564 Ipse
570 2525 649 2555 iam
681 2525 910 2564 apostolus
943 2500 1080 2563 prosp.
1128 2522 1363 2561 Earn-uuek-
1392 2523 1487 2562 Ipse

160 2569 239 2598 iam
260 2572 363 2646 ttunc
388 2573 520 2609 apost.
543 2581 599 2610 pr.
637 2571 964 2603 Latin.ecod.vat.
984 2573 1019 2601 et
1033 2568 1106 2609 Rig'.
1126 2568 1278 2600 Esaia·
1295 2567 1374 2600 iam
1401 2571 1486 2599 tum

160 2623 259 2653 apos
285 2639 291 2647 .
317 2625 454 2655 prosp.
