1566 2808
0 0 118 63 3⁹³⁸*ssst
148 0 173 27 ‘u'
251 14 257 18 ·
776 25 833 31 ΦΛ

0 74 9 86 ι
363 92 377 95 ,
473 80 483 82 ⁷
505 76 511 78 ‚
549 71 554 72 ⁷
588 66 611 68 ν
675 52 684 55 s
707 47 710 48 γ

0 103 10 126 ,ἢ

330 197 456 230 nov.
492 196 858 230 uAncmNEm
895 196 1070 228 mnan
1099 196 1155 227 ιν.
1306 190 1400 232 ιη

75 288 267 328 destruxit
290 302 363 342 qna
388 288 575 335 dominus,
607 296 647 327 ut
672 290 760 328 hinc
787 288 859 328 iam
886 301 1074 341 apparere
1094 289 1227 341 possit,
1253 300 1302 327 ne
1322 295 1398 328 tum

77 345 231 400 quidem
254 347 293 386 in
317 359 436 386 arcae
462 347 755 386 circumlatione
776 346 875 399 apud
892 346 1180 386 Hierichuntem
1202 345 1400 384 sabbatum

74 411 305 446 acreature
329 403 599 443 destructum:
639 404 736 443 Nam
764 412 803 443 et
827 404 921 443 illud
947 417 1042 456 opus
1067 403 1129 442 dei
1156 410 1258 450 erat,
1298 401 1399 455 quod

75 464 159 515 ipse
182 468 456 516 praeceperat,
500 469 540 500 et
572 461 671 514 quod
697 469 858 515 propter
888 463 1033 501 animas
1065 460 1306 513 disposuerat
1331 460 1401 498 ho-

75 521 214 560 minum
249 533 402 559 suorum
439 520 477 557 in
515 518 736 559 discrimine
773 520 864 558 belli
901 521 1141 559 constitutas.
1209 516 1289 557 Sed
1326 518 1400 556 etsi

76 576 205 617 odim
218 577 362 616 alicubi
374 575 619 622 sabbatorum
635 578 831 629 professus
852 585 924 624 est,
945 584 1074 615 vestra
1093 575 1253 614 sabbata
1266 574 1400 614 dicen-

74 634 184 682 do,¹)
210 634 402 674 bominum
423 647 470 673 ea
489 634 694 686 deputans,
732 649 812 674 non
828 649 915 681 sua,
953 647 1051 686 quae
1074 635 1157 672 sine
1177 632 1240 671 dei
1261 633 1399 670 timore

74 692 251 732 celebrat
273 693 453 745 populus,
479 692 614 743 plenus
634 691 804 738 delictis,
838 692 949 730 labiis
974 691 1084 729 deum
1113 689 1296 740 diligens,
1323 702 1399 726 non

71 749 213 789 corde:
226 751 266 798 2)
288 750 369 787 suis
381 749 563 794 sabbatis,
589 748 628 787 id
643 755 701 787 est
715 761 967 800 quaecunque
984 747 1186 799 disciplina
1205 748 1287 785 eius
1306 758 1400 796 age-

71 814 217 854 rentur,
242 806 357 844 alium
370 812 509 844 statum
524 806 631 851 fecit,
653 818 750 857 quae
764 818 834 857 per
847 804 1008 844 eundem
1024 811 1159 856 postea
1172 803 1399 856 prophetem

70 877 164 904 vera
183 871 224 903 et
243 859 412 903 delicata
430 870 478 902 et*
501 876 576 902 non
596 862 834 914 profananda
855 863 1090 914 pronuntiat.
1123 861 1179 900 lta
1200 874 1271 900 nec
1287 860 1398 899 Chri-

70 929 152 962 stus
163 922 318 960 omnino
331 921 528 960 sabbatum
543 920 741 967 rescindit,
769 920 1019 971 cuiuslegem
1041 920 1162 958 tenuit
1178 926 1218 957 et
1232 931 1345 970 supra
1360 919 1397 956 in

70 993 209 1019 caussa
232 978 504 1030 discipulorum
530 991 601 1030 pro
627 979 751 1027 anima
785 985 984 1030 operatus3
1017 976 1273 1015 esurientibus
1298 975 1398 1013 enim

69 1037 247 1077 solatium
270 1036 350 1078 cibi
370 1035 542 1074 indulsit.
593 1035 644 1074 Et
668 1049 768 1074 nunc
794 1049 941 1074 manum
967 1034 1113 1073 aridam
1146 1047 1302 1078 curans,
1340 1033 1398 1070 fa-

71 1096 148 1151 eti}
169 1095 310 1147 ubique
336 1095 537 1145 ingerens3
554 1106 628 1131 non
654 1094 742 1131 veni
768 1092 979 1131 dissolvere
1006 1092 1151 1142 legem,
1183 1090 1251 1129 sed
1277 1089 1397 1127 adim-

71 1152 239 1204 μοναί)
280 1150 418 1199 Nec-⁵)
445 1150 622 1188 Marcion
645 1150 719 1188 hac
743 1162 842 1188 voce
868 1163 912 1186 os
936 1151 973 1187 ei
1000 1149 1202 1189 obstruit.
1262 1145 1396 1184 Adim-

71 1209 193 1261 plevit
219 1209 320 1247 enim
350 1213 391 1246 et
422 1207 484 1245 hic
511 1202 661 1257 legem,
707 1205 794 1244 dum
826 1205 1087 1244 conditionem
1120 1205 1398 1256 interpretatur

72 1267 170 1312 eius,
200 1278 356 1318 operum
384 1262 639 1302 differentiam
664 1263 869 1309 illuminat,
901 1262 988 1312 dnm
1013 1263 1109 1300 facit
1134 1273 1230 1312 quae
1257 1261 1322 1298 lex
1347 1258 1396 1297 de

71 1323 222 1363 sabbati
244 1323 354 1362 feriis
379 1321 536 1373 excipit,
569 1319 657 1359 dum
681 1322 801 1372 ipsum
827 1320 977 1358 sabbati
1002 1318 1101 1357 diem
1122 1316 1394 1356 benedictione

70 1382 191 1433 patris
214 1393 239 1419 a
261 1377 473 1432 pri-ordio
498 1384 669 1416 sanctum
694 1377 968 1415 benefactione
993 1389 1062 1414 sua
1086 1374 1202 1414 efficit
1226 1373 1396 1412 sanctio-

70 1451 166 1484 rem,
196 1438 235 1476 in
261 1449 335 1490 quo
361 1435 514 1474 scilieet
538 1434 667 1472 divina
690 1432 1167 1486 praesidiaministrabat,
1200 1429 1302 1483 quod
1326 1429 1395 1468 ad-

69 1495 261 1545 versarius
289 1493 376 1532 aliis
407 1490 543 1531 diebus
574 1492 856 1543 praestitisset,
902 1503 949 1528 ne
976 1490 1172 1529 sabbatum
1206 1488 1395 1526 creatoris

70 1558 266 1599 ornaret,.
284 1563 333 1590 ne
359 1562 480 1602 opera
506 1548 638 1588 debita
661 1549 822 1588 sabbato
847 1547 1044 1587 redderet.
1094 1547 1147 1586 ,In
1174 1559 1248 1598 quo
1274 1544 1336 1583 die
1362 1546 1395 1582 si

70 1617 112 1650 et
135 1609 338 1649 Helisaeus
362 1607 573 1660 prophetes
598 1605 847 1645 Sunamitidis
872 1606 988 1644 filium
1013 1612 1201 1643 mortuum
1226 1602 1396 1642 restituit

69 1669 108 1708 iu
130 1666 311 1715 vitam,⁶)
346 1664 456 1704 vides
480 1665 702 1716 pharisaee,
727 1671 844 1716 tuque
867 1659 1063 1709 Marcion,
1090 1662 1178 1700 olim
1204 1659 1395 1698 creatoris

70 1737 157 1764 esse
175 1724 350 1763 sabbatis
372 1722 622 1767 benefacere,
647 1722 807 1760 animam
835 1721 1015 1765 liberare,
1042 1732 1116 1756 non
1130 1716 1310 1769 perdere,
1336 1715 1395 1752 ni-

71 1782 124 1820 hil
142 1774 334 1824 Christum
359 1779 448 1816 novi
474 1779 660 1823 intulisse,
687 1776 788 1828 quod
813 1790 890 1813 non
915 1777 965 1813 sit
987 1788 1038 1813 ex
1062 1776 1198 1819 forma,
1225 1785 1275 1811 ex
1299 1772 1395 1809 leni-

73 1845 172 1885 tate,
215 1850 266 1876 ex
289 1833 577 1879 misericordia,
615 1846 665 1871 ex
694 1831 987 1884 praedicatione
1013 1843 1165 1883 quoque
1190 1829 1393 1868 creatoris.

71 1895 169 1936 Nam
199 1901 242 1934 et
269 1893 332 1932 hic
364 1889 546 1943 specialis
583 1888 797 1928 medicinae
834 1889 1075 1941 prophetiam
1088 1888 1127 1935 ¹¹)
1165 1897 1396 1938 repraesen-

71 1960 147 2001 tat3
183 1951 425 1991 invalescunt
450 1960 581 1986 manus
606 1946 836 1993 dissolutae,
868 1947 971 1986 sicut
995 1953 1036 1984 et
1060 1957 1184 1996 genua
1210 1942 1396 1981 dissoluta

69 2012 108 2050 in
131 2009 362 2063 paralytico.

163 2070 253 2109 13.
302 2064 420 2103 Certe
451 2062 695 2113 evangelizat
724 2060 820 2100 Sion
850 2069 891 2100 et
920 2060 1159 2100 Hierusalem
1189 2070 1325 2110 pacem
1355 2063 1397 2095 et

71 2125 173 2164 bona
195 2123 336 2169 omnia,
369 2127 477 2160 certe
503 2117 679 2158 ascendit
703 2118 742 2156 in
766 2124 932 2159 montem
957 2125 999 2157 et
1022 2117 1102 2155 illic
1127 2117 1332 2168 pernoctat
1356 2115 1395 2151 in

70 2181 248 2228 oratione
259 2182 299 2228 ⁸)
337 2185 377 2217 et
408 2178 538 2228 ntique
569 2175 722 2214 auditur
750 2189 774 2214 a
802 2183 928 2228 patre.
986 2174 1132 2214 Evolve
1162 2174 1281 2224 igitur
1303 2184 1395 2226 pro-

70 2238 218 2291 phetas,
237 2244 279 2276 et
297 2234 471 2274 ordinem
493 2240 612 2271 totum
626 2246 882 2284 recognosce.
922 2232 965 2271 In
990 2238 1157 2270 montem
1183 2229 1393 2271 excelsum,

69 2296 192 2348 inquit
215 2294 371 2339 Esaiam
404 2289 594 2336 ascende,
634 2291 697 2342 qui
721 2291 967 2340 evangelizas
993 2288 1108 2334 Sion,
1135 2285 1279 2325 extolle
1309 2295 1394 2322 cum

69 2354 204 2405 vigore
226 2344 506 2395 voeem'tuam,
534 2348 597 2399 qui
622 2348 866 2398 evangelizas
892 2344 1196 2391 Hierusalem.⁹)
1256 2339 1394 2379 Adhuc

159 2453 196 2491 1)
218 2454 283 2483 ια.
308 2453 341 2491 1,
370 2454 425 2485 14.
523 2450 557 2490 2)
581 2452 645 2482 ιιι.
669 2449 732 2491 29,
758 2453 813 2483 13.
907 2451 944 2486 3)
970 2451 1036 2480 ιε..
1064 2448 1118 2488 58,
1145 2446 1187 2476 13
1216 2445 1260 2475 er.
1285 2443 1394 2477 Lxx,

70 2502 142 2532 let:
158 2501 214 2538 ⁵6,
238 2499 273 2532 ².
354 2500 392 2536 4)
419 2499 541 2528 Matth.
567 2499 599 2537 ⁵,
624 2497 680 2529 17.
754 2499 791 2534 5)
824 2497 881 2528 Sic
906 2495 982 2526 cod.
1005 2491 1185 2525 VVouweri
1209 2492 1244 2520 et
1266 2488 1394 2529 Rigalt.

71 2545 148 2578 alu:
174 2545 221 2576 ιί.
315 2545 354 2585 6)
381 2545 402 2574 2
426 2545 508 2584 neg.
531 2544 570 2583 4,
595 2543 651 2573 2³.
746 2541 786 2584 τ)
811 2544 875 2574 1es.
900 2542 954 2582 ³5,
980 2542 1011 2572 a.
1106 2539 1144 2578 s)
1169 2535 1252 2569 Ln‘c.
1278 2537 1312 2575 ⁶,
1338 2535 1395 2567 12.

71 2589 110 2631 9)
133 2592 198 2623 les.
221 2592 277 2630 4⁰,
301 2591 334 2621 9.
609 2605 612 2608 «
