1566 2808
137 181 210 220 98
398 184 523 216 ADV.
559 183 921 216 MARCIONEM
958 185 1134 216 LIBER
1170 186 1211 217 11.

137 290 237 323 rum,
278 275 378 327 quod
412 276 572 314 fructum
607 289 711 314 suum
746 275 853 327 dabit
877 276 915 314 in
947 283 1121 329 tempore
1148 290 1230 324 suo,
1265 283 1305 316 et
1333 277 1468 316 folium

139 336 221 373 eius
260 346 335 371 non
374 332 548 380 decidet,
588 340 628 371 et
665 335 792 371 omnia
829 347 1077 386 quaecunque
1109 335 1230 373 faciet
1260 347 1469 387 prospera-

138 392 278 429 buntur
315 391 435 439 illi1).
499 390 690 428 Innocens
727 397 853 429 autem
890 398 930 430 et
967 405 1080 443 purus
1119 391 1258 438 corde,
1297 392 1360 443 qui
1393 405 1469 430 non

139 448 293 499 accepit
330 448 368 485 in
403 461 557 486 vanum.
578 452 716 486 nomen
755 447 817 486 dei
849 455 889 487 et
914 461 989 487 non
1015 450 1155 487 iuravit
1179 448 1227 487 ad
1255 449 1468 501 proximum

139 519 244 543 suum
282 505 320 542 in
358 504 467 551 dolo,
506 506 578 542 iste
617 506 787 556 accipiet
821 504 1132 552 benedictionem
1164 519 1187 544 a
1218 505 1392 550 domino,
1430 512 1472 544 et

140 561 442 600 misericordiam
470 575 492 600 a
518 561 591 600 deo
613 563 889 601 salutificatore
916 564 1044 610 su02).
1075 562 1190 602 Oculi
1205 564 1304 602 enim
1326 561 1470 601 domini

140 632 256 671 super
280 620 459 658 timentes
485 632 589 666 eum,
628 627 829 671 sperantes
854 621 893 658 in
919 619 1225 658 misericordiam
1250 620 1388 672 ipsius,
1421 618 1471 658 ad

141 676 409 724 liberandasss)
450 678 594 716 animas
632 690 763 716 eorum
802 676 849 716 de
876 683 1018 724 morte,
1058 678 1187 729 utique
1214 684 1393 724 aeterna,
1432 683 1474 716 et

140 733 390 772 nutricandos
416 746 484 771 eos
509 735 548 771 in
574 734 692 780 fame,
725 736 854 786 utique
880 735 982 773 vitae
1015 741 1198 774 aeternae
1211 736 1264 782 4).
1325 733 1471 773 Multae

141 792 242 829 enim
274 804 478 842 pressurae
511 792 715 838 iustorum,
754 798 869 830 etex
903 791 1076 829 omnibus
1103 792 1376 830 liberavit-eos
1402 790 1472 829 do-

141 849 263 886 minus
279 848 330 895 5).
382 847 629 886 Honorabilis
650 850 816 890 morsin
843 855 1055 900 conspectu
1081 848 1225 887 domini
1250 855 1472 888 sanctorum

142 906 240 943 eius.
304 904 487 942 Dominus
527 904 696 943 custodit
734 906 862 943 omnia
900 919 988 943 ossa
1025 915 1176 952 eorum,
1215 913 1255 944 et
1284 918 1397 944 unum
1423 918 1475 944 ex

142 963 235 1013 ipsis
267 975 343 999 non
376 962 672 1010 comminuetur,
711 961 877 1003 redimet
890 962 928 1010 6)
956 961 1131 1001 dominus
1163 964 1308 1001 animas
1339 975 1472 1002 servo-

142 1033 224 1057 rum
251 1032 418 1057 suorum.
463 1018 593 1060 Pauca
617 1020 691 1057 ista
718 1019 764 1057 de
786 1020 903 1057 tantis
928 1020 1130 1071 scripturis
1157 1021 1347 1071 creatoris
1372 1021 1474 1058 intu—

143 1077 271 1123 limus,
304 1083 344 1115 et
375 1076 467 1114 nihil
493 1083 584 1128 puto
611 1077 686 1115 iam
713 1076 760 1114 ad
786 1078 1044 1115 testimonium
1072 1076 1135 1115 dei
1162 1078 1295 1129 optimi
1321 1077 1472 1129 deesse,

146 1132 247 1185 quod
273 1134 366 1172 satis
392 1141 432 1171 et
456 1141 668 1185 praecepta
692 1134 876 1172 bonitatis
902 1141 942 1172 et
965 1135 1176 1185 praemissa
1202 1136 1442 1185 consignant.

260 1194 329 1233 20.
381 1189 460 1228 Sed
487 1191 586 1229 enim
614 1192 744 1242 sepiae
771 1191 899 1239 isti7),
927 1204 1085 1242 quorum
1112 1191 1236 1243 figura
1260 1191 1354 1238 illud
1380 1205 1476 1243 quo-

145 1261 217 1299 que
245 1248 499 1300 pisculentum
531 1247 578 1288 de
606 1249 701 1286 cibis
734 1248 797 1286 lex
822 1249 1016 1286 recusavit
1028 1250 1080 1298 8),
1119 1256 1161 1287 ut
1190 1248 1476 1293 traductione-m

144 1306 201 1343 sui
227 1307 413 1351 sentiunt,
448 1306 628 1344 tenebras
654 1306 743 1343 hinc
769 1305 1030 1357 blasphemiae
1056 1307 1333 1353 intervomunt,
1360 1306 1476 1358 atqu'e

144 1364 198 1399 ita
235 1363 488 1400 intentionem
532 1363 827 1413 uniuscuiusque
870 1364 943 1400 iam
981 1365 1193 1414 proximam
1237 1363 1476 1416 dispargunt,

144 1419 325 1457 iactando
363 1426 403 1457 et
438 1418 703 1457 adseverando
742 1432 807 1469 ea,
854 1432 950 1471 quae
987 1421 1226 1459 relucentem
1262 1421 1476 1459 bonitatem

147 1477 336 1515 creatoris
373 1476 578 1515 infuscent.
642 1475 720 1514 Sed
758 1483 798 1514 et
834 1489 904 1528 per
939 1478 1032 1514 istas
1059 1478 1246 1528 caligines
1271 1491 1478 1530 sequemur

146 1535 367 1585 nequitiam,
395 1540 435 1571 et
459 1535 497 1571 in
522 1534 646 1572 lucem
668 1534 912 1572 extrahemus
937 1534 1093 1585 ingenia
1118 1535 1378 1583 tenebrarum,
1408 1535 1478 1574 ob-

146 1592 319 1630 iicientia
358 1592 527 1629 creatori
563 1592 626 1630 vel
670 1593 831 1629 maxime
870 1591 1043 1630 fraudem
1081 1593 1185 1631 illam
1223 1600 1263 1636 et
1305 1594 1478 1646 rapinam

147 1650 230 1686 auri
256 1656 296 1688 et
326 1649 479 1699 argenti
504 1648 720 1686 mandatam
747 1649 793 1687 ab
820 1649 886 1697 illo
914 1649 1102 1688 Hebraeis
1127 1651 1166 1688 in
1191 1649 1410 1703 Aegyptios
1423 1651 1477 1697 9).

146 1705 253 1756 Age,
295 1706 555 1744 infelicissime
589 1706 806 1753 haeretice,
834 1713 872 1744 te
899 1707 1019 1758 ipsum
1046 1708 1249 1759 expostulo
1275 1708 1477 1754 arbitrum,

149 1775 344 1814 cognosce
383 1764 422 1800 in
458 1769 657 1815 utramque
672 1771 850 1814 -gentem
888 1764 1011 1815 prius,
1062 1771 1103 1803 et
1138 1764 1277 1817 itade
1315 1771 1478 1804 auctore

147 1821 348 1872 praecepti
374 1819 575 1858 iudicabis.
638 1819 862 1872 Reposcunt
885 1820 1073 1874 Aegyptii
1099 1821 1147 1861 de
1174 1822 1363 1871 Hebraeis
1387 1834 1480 1862 vasa

149 1891 266 1915 aurea
298 1885 336 1916 et
373 1885 577 1929 argentea3
619 1885 754 1916 eontra
786 1878 955 1917 Hebraei
992 1886 1139 1918 mutuas
1174 1881 1480 1932 petitiones-in-

149 1936 329 1982 stituunt,
363 1936 578 1986 allegantes
604 1935 676 1973 sibi
714 1949 883 1988 quoque,
922 1936 1132 1975 eorundem
1160 1944 1318 1991 ¹patrum
1356 1938 1479 1976 nomi·-

150 2005 216 2037 ne,
258 2005 308 2030 ex
345 1992 482 2031 eodem
520 1994 734 2044 scripturae
774 1995 1046 2041 instrumento,
1086 1994 1288 2035 mercedes
1325 1995 1480 2034 restitui

150 2057 332 2101 oportere
371 2051 472 2087 illius
511 2052 713 2101 operariae
752 2052 946 2090 servitutis
983 2065 1053 2103 pro
1082 2049 1254 2090 laterinis
1285 2050 1476 2099 deductis,

148 2120 219 2157 pro
248 2107 465 2146 civitatibus
497 2114 536 2145 et
559 2109 659 2146 villis
691 2108 917 2147 aedificatis.
981 2108 1078 2156 Quid
1104 2108 1312 2161 iudicabis,
1346 2109 1480 2163 optimi

150 2163 212 2202 dei
239 2165 413 2204 elector?
473 2164 673 2202 Hebraeos
698 2165 872 2204 fraudem
899 2179 1114 2216 agnoscere
1141 2165 1300 2213 debere,
1327 2179 1377 2205 an
1398 2165 1492 2205 Ae-’

150 2223 306 2273 gyptios
338 2223 718 2274 compensationem?
776 2222 873 2261 Nam
903 2230 943 2260 et
968 2224 1073 2261 aiunt
1098 2223 1152 2261 ita
1176 2230 1302 2262 actum
1328 2236 1400 2275 per
1421 2223 1480 2262 le-

150 2286 262 2329 gatos
288 2282 485 2331 utrinque,
519 2278 801 2331 Aegyptiorum
829 2279 980 2332 quidem
1007 2281 1272 2333 repetentium
1289 2280 1480 2328 vasaq-lu·-

243 2396 279 2434 1)
306 2383 452 2431 Ps.1‚‘3.
551 2393 586 2435 2)
613 2396 666 2426 rs.
681 2397 735 2434 24,
757 2397 858 2434 4sq.-
938 2396 974 2436 3)
1001 2395 1479 2428 Rhen.ed.1.detiberan-

151 2441 197 2471 da
209 2449 234 2471 s,
261 2442 335 2481 Rig.
352 2451 371 2472 e
386 2443 458 2472 cod.
476 2441 624 2472 pithoei:
641 2441 864 2481 eliber-and
878 2451 932 2474 as.
1003 2443 1040 2479 4)
1055 2442 1109 2473 Ps.
1124 2444 1178 2482 33,
1194 2444 1237 2472 18
1251 2451 1301 2480 sq.
1374 2441 1410 2480 5)
1425 2442 1479 2474 Pe.

151 2487 205 2525 34,
226 2488 279 2517 20.
376 2487 410 2528 6)
434 2488 541 2519 Rhen.
561 2488 611 2519 ed.
635 2490 657 2518 1.
688 2488 932 2519 custodivit
949 2506 995 2511 —
1014 2489 1209 2519 redemit.
1309 2487 1347 2525 7)
1372 2487 1480 2519 Rhen-

151 2532 185 2561 in
201 2532 251 2562 ed.
266 2534 290 2561 1.
305 2542 402 2572 saep
413 2545 448 2573 e,
476 2535 535 2565 ned
550 2537 669 2574 postea
683 2544 701 2565 e
717 2534 791 2566 cod.
805 2535 905 2565 Gorz.
919 2534 1090 2565 restituit:
1118 2542 1190 2574 sep
1202 2533 1276 2564 iae.
1325 2534 1362 2576 8)
1377 2534 1479 2570 Deut.

153 2579 276 2615 14,14.
374 2583 409 2618 9)
438 2581 546 2611 Exod.
568 2582 621 2620 11,
648 2582 677 2612 2.
706 2582 758 2620 12,
779 2582 820 2611 35
842 2590 890 2619 sq.
1209 2580 1214 2582 '
