1624 2826
192 208 301 245 20ss
451 209 577 242 ADV.
613 209 974 240 MARCIONEM
1011 207 1187 239 LIBER
1220 207 1259 238 V.

191 305 289 342 haec
327 303 402 342 erit
438 301 500 341 dei
536 303 655 340 virtus
694 303 731 340 ἰιι
768 302 981 341 substantia
1012 301 1094 353 pari
1126 299 1318 352 perticere
1344 298 1518 338 satutem.

192 360 280 399 Non
307 362 406 399 enim
433 373 625 411 magnum,
659 361 689 398 si
716 361 872 412 spiritus
898 359 961 398 dei
988 371 1143 398 carnem
1170 355 1424 404 remediaret,
1451 356 1518 396 sed

192 420 222 457 si
250 432 342 457 caro
369 418 578 456 consimilis
603 419 836 469 peccatrici,
875 417 962 456 dum
990 429 1081 455 caro
1109 422 1191 462 est,
1231 413 1299 454 sed
1326 427 1401 453 non
1426 427 1520 467 pec-

193 477 282 514 cati.
345 475 402 513 lta
434 475 639 514 similitudo
672 475 720 514 ad
746 476 895 514 titulum
922 475 1075 527 peccati
1102 473 1330 526 pertinebit,
1370 486 1445 511 non
1470 471 1519 511 ad

191 534 426 572 substantiae
454 533 705 572 mendacium.
768 533 867 573 Nam
899 546 971 572 nec
999 531 1231 578 addidisset,
1270 531 1449 583 peccati,
1487 530 1519 569 si

191 590 424 629 substantiae
452 591 735 630 similitudinem
760 592 878 630 vellet
903 591 1086 641 intelligi,
1124 597 1166 627 ut
1190 595 1354 640 negaret
1378 589 1520 628 verita—

189 655 286 695 tem3
325 655 469 686 tantum
503 650 602 687 enim
630 651 757 688 carnis
784 650 988 702 posuisset,
1027 661 1104 686 non
1130 654 1169 686 et
1194 647 1360 699 peccati.
1424 645 1518 685 Cum

190 718 283 744 vero
317 713 406 743 tunc
439 707 494 744 sic
527 708 666 745 struxit
698 709 824 745 carnis
856 706 1029 759 peccati,
1073 712 1114 744 et
1143 705 1392 743 substantiam
1426 716 1520 743 con-

190 763 365 809 firmavit,
391 762 429 800 id
457 770 515 801 est
541 777 708 810 carnem,
736 771 776 802 et
801 763 1086 802 similitudinem
1111 761 1160 800 ad
1184 763 1316 800 vitium
1342 761 1540 801 substan--

190 822 267 859 tiae
294 821 443 866 retulit,
476 819 514 859 id
541 828 600 859 est
625 820 673 859 ad
698 828 915 872 peccatum.
977 820 1072 858 Puta
1106 833 1204 858 nunc
1231 810 1516 858 similitudinem

190 878 424 916 substantiae
452 877 611 924 dictam,
651 892 726 916 non
753 877 841 917 ideo
868 877 1074 928 negabitur
1098 876 1333 915 substantiae
1358 877 1516 915 veritas.

190 935 269 973 Cur
294 948 388 986 ergo
415 936 547 974 similis
571 938 690 974 vera?
738 937 822 987 quia
849 949 943 974 vera
969 934 1140 987 quidem,
1179 933 1247 973 sed
1278 947 1354 972 non
1381 947 1432 973 ex
1455 947 1517 972 se-

188 994 288 1030 mine
315 992 362 1031 de
389 1000 488 1031 statu
515 994 692 1040 similist)
732 993 799 1031 sed
824 1007 917 1032 vera
944 991 991 1031 de
1019 1005 1155 1039 censu,
1183 1004 1378 1030 nonvero
1405 990 1517 1030 dissi·

188 1050 348 1102 mitis.²)
410 1050 589 1088 Ceterum
621 1050 828 1089 similitudo
861 1052 899 1089 in
932 1050 1138 1089 contrariis
1164 1050 1267 1087 nulla
1293 1056 1365 1087 est.
1428 1047 1515 1101 Spi-

187 1108 282 1145 ritus
308 1121 382 1145 non
410 1107 607 1146 diceretur
631 1109 758 1147 carnis
784 1107 1010 1154 similitudo,
1051 1108 1137 1159 quia
1163 1119 1236 1145 nec
1264 1119 1356 1145 caro
1382 1107 1516 1146 simili-

185 1163 353 1203 tudinem
386 1166 540 1217 spiritus
573 1173 750 1217 caperet3
789 1165 856 1204 sed
889 1165 1114 1217 phantasma
1146 1163 1367 1211 diceretur,
1406 1165 1439 1203 si
1476 1163 1516 1204 id

186 1221 286 1272 quod
319 1236 393 1260 non
427 1222 756 1261 erat'videbatur.
820 1220 1038 1262 Similitudo
1071 1229 1196 1261 autem
1224 1221 1390 1269 dicitur,
1429 1235 1512 1262 cum

185 1287 262 1326 est,
303 1279 402 1331 quod
430 1280 599 1328 videtur,
627 1288 686 1319 est
711 1282 830 1328 enim,
859 1280 945 1319 dum
971 1281 1131 1319 alterius
1158 1293 1228 1332 par
1252 1287 1325 1319 est.
1386 1278 1512 1319 Phan-

184 1344 304 1374 tasma
330 1344 479 1383 autem,
508 1351 579 1389 qua
610 1338 685 1376 hoc
713 1346 854 1377 tantum
883 1346 959 1385 est,
993 1352 1069 1376 non
1096 1345 1155 1377 est
1180 1336 1402 1377 similitudo.
1464 1336 1514 1376 Et

184 1394 246 1431 hic
273 1400 397 1431 autem
424 1395 505 1445 ipse
532 1394 763 1442 edisserens,
791 1396 982 1447 quomodo
1009 1397 1105 1434 nolit
1131 1409 1215 1434 esse
1231 1409 1300 1435 nos
1315 1397 1353 1434 in
1379 1407 1511 1442 carne,

186 1464 270 1488 cum
301 1451 417 1488 simus
441 1452 478 1488 in
506 1453 686 1498 carne,3)
731 1460 770 1490 ut
795 1454 946 1491 scilicet
972 1466 1047 1490 non
1073 1454 1189 1492 simus
1214 1455 1251 1492 in
1264 1455 1303 1503 ⁴)
1330 1453 1513 1506 operibus

185 1508 324 1554 carnis,
353 1507 521 1546 ostendit
546 1509 617 1546 hae
645 1510 793 1548 ratione
820 1512 904 1560 se5)
930 1511 1156 1561 scripsisse:
1185 1524 1277 1549 caro
1304 1518 1344 1550 et
1357 1513 1512 1563 sanguis

184 1578 342 1616 regnum
370 1564 432 1603 dei
459 1567 642 1618 consequi
669 1580 744 1604 non
771 1567 999 1619 possunt,⁶)
1045 1581 1120 1605 non
1153 1568 1402 1606 substantiam
1444 1568 1512 1607 da-

183 1635 328 1669 mnans,
356 1621 423 1660 sed
451 1636 570 1675 opera
596 1625 689 1670 eius,
717 1625 803 1676 quia
826 1631 984 1676 possunt
1009 1638 1086 1663 non
1111 1623 1260 1664 admitti
1286 1638 1309 1663 a
1335 1625 1446 1663 nobis
1473 1627 1510 1664 in

183 1692 302 1717 carne
331 1679 455 1718 adbuc
494 1682 649 1732 positis;
689 1695 765 1719 uon
798 1681 846 1720 ad
879 1690 1027 1720 reatum
1059 1682 1315 1729 substantiae,
1360 1681 1429 1722 sed
1461 1682 1512 1722 ad

182 1738 488 1775 conversationis
519 1739 778 1799 pertinebunt,
841 1739 936 1778 Item
974 1741 1005 1778 si
1044 1753 1183 1792 corpus
1221 1739 1375 1792 quidem
1409 1753 1511 1779 mor-

178 1801 282 1831 tuum
320 1801 480 1846 propter
517 1794 718 1843 delictum,
757 1795 874 1849 (adeo
907 1811 983 1835 non
1016 1798 1185 1843 animae,
1224 1797 1293 1837 sed
1331 1798 1508 1850 corporis

179 1864 281 1889 mors
308 1856 396 1900 est,)
424 1853 578 1904 spiritus
604 1861 730 1892 autem
757 1854 833 1892 vita
858 1861 1019 1906 propter
1045 1853 1289 1908 iustitiam,⁷)
1315 1855 1352 1894 ei
1377 1856 1507 1907 utique

180 1908 360 1946 obveniet
390 1910 467 1947 vita
499 1918 657 1961 propter
688 1912 888 1959 iustitiam,
928 1914 990 1951 cui
1021 1926 1123 1951 mors
1156 1913 1313 1952 obvenit
1347 1920 1510 1965 propter

179 1963 373 2012 delictum,
400 1965 438 2003 id
464 1974 523 2004 est
549 1970 717 2019 corpori.
779 1969 874 2007 Non'
895 1972 994 2008 enim
1020 1971 1136 2009 alicui
1162 1971 1378 2009 restituitur
1404 1969 1508 2023 quid,

180 2022 253 2059 nisi
291 2024 354 2073 qui
391 2023 484 2060 illud
524 2026 666 2071 amisit,
707 2033 746 2064 et
782 2027 833 2064 ita
873 2029 948 2066 erit
983 2029 1222 2067 resurrectio
1253 2035 1506 2075 mortuorum,

178 2078 264 2119 dum
292 2087 350 2117 est
376 2093 591 2131 corporum.
642 2082 740 2121 Nam
766 2084 978 2136 subiungit:
1007 2087 1071 2138 qui
1095 2086 1295 2124 suscitavit
1315 2085 1506 2124 Christum

179 2149 201 2173 a
227 2137 403 2184 mortuis,
441 2138 652 2177 vivificabit
683 2148 722 2178 et
747 2143 923 2181 mortalia
949 2157 1117 2196 corpora
1140 2143 1329 2193 vestra-⁸)
1391 2141 1504 2182 Adeo

178 2201 218 2231 et
243 2196 369 2232 carnis
396 2198 721 2236 resurrectionem
747 2200 1000 2248 confirmavit,
1027 2202 1171 2254 absque
1188 2215 1259 2254 qua
1275 2213 1347 2241 nec
1363 2213 1503 2254 corpus

176 2250 280 2289 aliud
318 2251 395 2290 dici
434 2254 553 2304 capit,
597 2267 668 2293 nec
707 2258 867 2296 mortale
905 2258 1007 2297 aliud
1045 2260 1234 2311 intelligi,
1278 2266 1319 2298 et
1361 2258 1503 2298 Christi

176 2308 423 2348 substantiam
457 2313 697 2363 corporalem
730 2315 924 2365 probavit3
963 2316 1150 2369 siquidem
1182 2315 1344 2370 proinde
1376 2316 1499 2355 vivifi-

217 2515 223 2522 ·
256 2471 305 2522 θ1)
331 2472 438 2503 Rhcn.
465 2474 616 2513 simili3
657 2476 780 2508 ceteri:
813 2477 982 2510 similis.
1078 2477 1113 2519 2)
1137 2477 1299 2511 Latinius
1331 2478 1420 2510 coni.
1445 2478 1500 2509 ni-

174 2515 307 2557 nuhs,
344 2521 384 2548 et
416 2528 513 2550 vera
538 2521 585 2552 de
606 2530 753 2562 censu,
791 2532 872 2555 non
899 2534 1000 2555 vera
1024 2525 1073 2556 de
1100 2525 1245 2556 simili.
1341 2522 1376 2563 3)
1401 2523 1498 2554 Rom.

175 2561 207 2598 8>
223 2561 254 2590 9
358 2562 393 2602 4)
418 2565 523 2598 Rhen.
551 2576 612 2598 ex.
732 2567 768 2611 5)
795 2569 901 2601 Editt.
927 2578 1066 2603 omnes:
1096 2570 1170 2601 hae
1196 2571 1372 2601 ratione
1391 2569 1498 2601 scri-

175 2615 323 2644 psisse·
420 2608 453 2649 6)
474 2612 490 2640 1
506 2612 582 2643 Cor.
599 2615 653 2653 15,
672 2615 725 2644 50.
822 2614 856 2654 7)
882 2616 977 2647 Rom.
993 2618 1089 2656 8,10.
1186 2614 1219 2656 8)
1245 2616 1289 2647 ib.
1306 2626 1336 2647 v.
1353 2617 1406 2646 11.
