1566 2808
0 2320 40 2808 wwffissnwwwfflmww

342 210 465 242 Anv.
500 209 862 241 MARCIONEM
898 209 1075 241 LIBER
1105 212 1160 242 ΠΙ.
1314 210 1414 246 181.

85 301 192 353 prins
221 307 360 341 auctor
388 308 429 340 et
458 302 602 342 artifex
632 302 727 340 eius.
783 301 885 342 Tuus
916 309 1043 341 autem
1075 301 1190 349 deus,
1227 316 1276 342 eo
1308 302 1411 356 quod

86 371 243 398 earnem
272 359 413 403 ιιιιΙΙιιιιι
446 360 600 400 omnino
622 358 883 411 produxerit,
925 361 1063 399 merito
1093 361 1259 399 fortasse
1290 360 1412 413 phan-

85 423 208 455 tasma
237 415 322 455 eius
350 416 542 471 intulerit,
578 418 684 455 cuius
710 430 792 454 non
823 417 999 456 valuerat
1028 419 1249 457 veritatem.
1299 417 1412 457 Mens

86 480 214 512 autem
239 471 352 520 deus,
386 474 450 525 qui
481 473 584 512 illam
610 473 775 522 delimo
801 482 986 526 sumptam
1017 475 1055 512 in
1081 475 1154 514 hac
1187 476 1414 514 reformavit

87 530 291 583 qualitate,
316 530 483 569 nondum
516 544 565 570 ex
590 533 734 570 semine
768 533 982 583 coniugali,
1015 539 1055 571 et
1079 539 1208 571 tamen
1242 546 1411 579 carnem,

85 600 208 640 aeque
231 586 432 641 potuit'ex
458 602 683 641 quacunque
699 591 871 628 'materia
896 590 1045 641 angelis
1072 603 1222 642 quoque
1260 589 1412 638 adstru-

83 645 188 695 xjsse
213 658 388 692 carnem,
424 647 487 697 qui
520 647 636 684 etiam
663 645 840 685 mundum
866 660 916 686 ex
947 647 1067 685 nihilo
1093 648 1132 685 in
1165 654 1223 686 tot
1248 654 1290 686 et
1319 648 1414 686 talia

85 715 284 758 corpora,
310 709 352 742 et
383 702 535 755 quidem
559 704 686 747 vverbo
718 703 951 742 aedificavit.
1000 703 1052 749 Et
1075 705 1225 755 utique,
1259 705 1294 742 si
1317 703 1412 743 (leus

83 767 171 798 tuus
208 772 338 799 veram
373 760 604 812 quandoque
642 760 893 799 substantiam
930 761 1156 811 angelorum
1192 761 1412 800 hominibus

82 817 310 870 pollicetur,
346 823 463 856 erunt
486 819 614 863 enim,
646 818 787 868 inquit,
819 819 920 856 sicut
944 819 1073 870 angeli
1091 819 1147 865 ¹),
1175 831 1245 857 cur
1269 832 1346 856 non
1363 826 1413 859 et

83 873 180 913 dens
194 887 317 915 meus
345 887 476 914 veram
501 875 750 914 substantiam
783 875 975 914 hominum
1007 876 1156 928 angelis
1187 889 1413 915 accommo-

83 930 210 971 darit?
257 930 368 972 Unde
381 933 419 982 ²)
449 926 661 984 sumptam?
710 932 807 980 Quia
837 946 911 974 nec
943 940 983 972 tu
1020 934 1112 972 mihi
1142 932 1409 985 respondebis,

82 987 185 1029 unde
214 989 282 1028 illa
311 988 412 1042 apud
437 997 476 1028 te
502 991 682 1042 angelica
705 998 893 1038 sumatur,
928 988 1066 1031 sufficit
1090 991 1182 1029 mihi
1207 991 1282 1030 hoc
1316 990 1412 1030 defi-

83 1041 183 1093 nire,
209 1045 311 1100 quod
337 1046 412 1086 deo
439 1049 639 1100 congruit,
671 1050 875 1087 veritatem
901 1049 1054 1088 scilicet
1079 1050 1163 1088 eius
1187 1050 1265 1095 rei,
1301 1063 1411 1101 quam

83 1104 207 1145 uibus
231 1105 393 1144 testibus
419 1106 594 1145 sensibus
621 1106 787 1152 obiecit,
813 1107 930 1152 visui,
958 1107 1092 1153 tactui,
1119 1105 1276 1144 auditui.
1328 1106 1412 1144 Dif-

85 1161 224 1217 ficilius
249 1161 333 1201 deo·
349 1164 518 1210 mentiri,
546 1176 656 1215 quam
684 1164 812 1201 earnis
836 1164 1040 1202 veritatem
1066 1162 1166 1201 unde
1192 1162 1294 1201 unde
1319 1176 1406 1214 pro-

86 1217 254 1266 ducere,
278 1219 373 1258 licet
397 1233 474 1258 non
500 1228 628 1259 natae.
680 1220 861 1259 Ceterum
893 1228 934 1259 et
963 1221 1049 1258 aliis
1080 1220 1309 1266 haereticis,
1344 1219 1410 1259 de-

86 1275 304 1316 finientibus
330 1290 486 1315 earnem
511 1278 614 1316 illam
639 1278 678 1316 in
698 1278 849 1331 angelis
873 1290 924 1316 ex
949 1291 1066 1317 carne
1087 1278 1194 1316 nasci
1217 1276 1409 1323 debuisse,

86 1335 119 1372 si
142 1346 236 1374 vere
260 1335 399 1386 fuisset
422 1335 605 1382 humana,
639 1342 748 1374 certa
772 1337 923 1374 ratione
948 1331 1245 1387 respondemus,
1272 1348 1347 1386 qua
1372 1337 1413 1372 et

86 1391 249 1436 humana¹
271 1404 365 1430 vere
401 1392 521 1430 fuerit
556 1399 598 1431 et
631 1393 782 1430 innata:
820 1393 983 1430 humana
1018 1405 1112 1430 vere
1148 1398 1311 1443 propter
1347 1391 1412 1429 (lei

84 1445 289 1499 natitatem
311 1461 336 1487 a
359 1448 562 1488 mendacio
588 1456 629 1487 et
652 1450 809 1488 fallacia
829 1450 1019 1496 extranei,
1046 1456 1085 1487 et
1105 1462 1128 1500 q
1158 1450 1166 1457 '
1218 1462 1294 1486 non
1318 1462 1410 1500 pos-

83 1501 173 1544 seint
188 1505 404 1545 humanitus
429 1508 591 1545 tractari
614 1506 662 1545 ab
688 1506 916 1552 hominibus,
943 1508 1016 1545 nisi
1040 1507 1080 1544 in
1105 1519 1123 1544 s
1197 1507 1318 1544 tantia
1342 1506 1412 1544 hu-

84 1575 216 1611 mana,
253 1564 384 1602 innata
419 1571 567 1612 antem,
614 1566 701 1616 quia
737 1565 846 1603 solus*
880 1565 1054 1603 Christus
1091 1565 1129 1602 in
1168 1576 1323 1602 carnem
1362 1577 1413 1602 ex

85 1633 204 1666 carne
228 1622 337 1663 nasci
367 1621 554 1669 hahebat,
586 1629 628 1660 ut
652 1623 890 1661 nativitatem
922 1629 1092 1662 nostram
1118 1621 1318 1659 nativitate
1344 1635 1412 1659 sua

77 1676 343 1727 reformaret,
357 1685 472 1732 atque
497 1681 551 1718 ita
577 1681 693 1718 etiam
712 1687 874 1718 mortem
900 1687 1070 1718 nostram
1095 1686 1219 1717 morte
1245 1692 1314 1717 sua
1333 1677 1412 1716 dis-

85 1736 257 1778 solveret
279 1736 520 1787 resurgendo
546 1739 585 1775 in
611 1750 748 1784 carne,
779 1738 819 1775 in
844 1750 919 1788 qna
942 1744 1054 1775 natus
1079 1743 1157 1782 est,
1183 1743 1225 1773 ut
1249 1742 1289 1774 et
1314 1737 1413 1772 mori

89 1799 234 1858 posset.
285 1792 456 1844 Ideoque
489 1801 530 1832 et
558 1795 641 1844 ipse
668 1807 752 1832 eum
783 1794 932 1844 angelis
963 1801 1054 1831 tunc
1086 1791 1186 1844 apud
1216 1792 1412 1830 Abraham

86 1851 127 1888 in
149 1851 314 1889 'veritate
341 1849 493 1902 quidem
521 1851 647 1888 carnis
672 1851 863 1901 apparuit,
883 1849 958 1888 sed
983 1849 1149 1888 nondum
1170 1856 1298 1896 natae,
1325 1850 1414 1901 qnia

89 1906 256 1946 nondum
285 1908 518 1954 moriturae,
551 1906 620 1946 sed
652 1906 837 1961 discentis
868 1909 941 1946 iam
973 1908 1077 1946 inter
1107 1907 1280 1954 homines
1318 1920 1411 1945 con-

87 1966 249 2005 versari.
300 1965 384 2014 Quo
399 1966 521 2017 magis
546 1964 687 2016 angeli,
715 1970 839 2017 neque
865 1964 915 2004 ad
939 1964 1178 2003 moriendum
1203 1977 1274 2016 pro
1299 1964 1411 2002 nobis

87 2021 283 2076 disposifi,
315 2022 483 2069 ,brevem
522 2025 649 2061 carnis
685 2030 936 2061 commeatum
974 2036 1051 2061 non
1089 2021 1308 2061 debuerunt
1342 2035 1411 2060 na·-

89 2079 235 2120 scendo
261 2082 481 2134 sumpsisse,
500 2081 588 2132 quia
613 2093 686 2119 nec
698 2080 900 2119 moriendo
916 2077 1131 2132 deposituri
1144 2093 1229 2118 eam
1242 2080 1409 2125 fuerant,

88 2137 159 2177 sed
181 2137 284 2177 unde
310 2137 411 2177 unde
436 2145 622 2191 sumptam
647 2144 688 2176 et
711 2151 864 2190 quoquo
890 2137 1005 2176 niodo
1031 2138 1186 2176 omnino
1202 2136 1409 2181 dimissam,

89 2193 239 2234 mentiti
257 2209 348 2236 eam
375 2203 500 2241 tamen
529 2209 604 2233 non
629 2202 727 2234 sunt.
777 2194 821 2234 Si
846 2202 1005 2234 creator
1026 2195 1124 2234 facit
1147 2194 1309 2246 angelos
1333 2195 1412 2244 spi-

89 2254 186 2292 ritus
222 2259 264 2292 et
298 2254 540 2310 apparitores
578 2266 668 2291 suos
702 2253 831 2304 ignem
860 2254 1088 2305 flagrantem
1100 2253 1159 2299 ³),
1204 2259 1282 2289 tam
1318 2262 1411 2288 vere

89 2311 245 2363 spiritus
277 2323 387 2362 quam
420 2318 462 2348 et
491 2312 637 2360 ignem,
670 2309 770 2348 idem
801 2310 890 2349 illos
918 2323 1012 2349 vere
1042 2310 1139 2347 fecit
1169 2315 1209 2347 et
1240 2320 1410 2351 carnem,

89 2375 134 2406 ut
163 2381 265 2407 nune
297 2367 552 2414 recordemur
581 2374 621 2406 et
652 2367 861 2407 haereticis
891 2368 1172 2411 renuntiemus,
1210 2366 1294 2403 eins
1325 2376 1411 2402 csse

91 2427 331 2479 promissum,
358 2426 531 2464 homines
556 2425 594 2462 in
618 2425 779 2475 angelos
804 2423 1041 2463 reformandi
1067 2421 1315 2475 quaudoque,
1348 2422 1414 2473 qui

90 2484 253 2535 angelos
277 2484 316 2522 in
342 2483 517 2521 homines
542 2482 719 2520 formarit
742 2481 964 2534 aliquando.

182 2590 220 2629 1)
244 2589 328 2620 Luc.
343 2589 398 2625 2⁰,
416 2589 470 2618 36.
565 2588 601 2627 2)
627 2588 683 2618 Sic
702 2588 810 2618 Rhen.
830 2586 883 2617 ed.
900 2587 945 2627 1.;
971 2584 1152 2617 w'ouweri
1177 2583 1252 2615 cod.
1277 2585 1312 2614 et
1337 2582 1413 2622 mg.

90 2634 439 2673 accommodarit,
466 2633 573 2665 unde
593 2634 701 2665 unde
720 2636 940 2673 sumptam.
990 2632 1026 2671 3)
1042 2631 1097 2663 Pu.
1112 2631 1189 2671 104,
1205 2631 1237 2661 4.
1253 2629 1411 2660 chhxx.

116 2703 178 2758 ,Γ
