1624 2826
375 213 501 246 anv.
535 211 895 243 ΜΛιιοιοΝ-ΕΜ
930 210 1104 242 Lmen
1135 211 1175 243 v.
1333 208 1439 246 250

115 322 229 350 suum
249 306 492 358 evangelium
518 302 731 343 defendere
756 304 961 355 potuisset,
986 309 1030 342 ut
1051 304 1179 355 potius
1203 301 1442 342 demonstra-

114 374 201 413 ret,
238 376 317 404 non
346 370 391 402 ut
419 375 531 401 unum
567 360 857 400 determinaret.
920 359 998 398 Sed
1030 360 1214 406 fortasse,
1251 366 1293 398 ut
1318 360 1443 410 fugias

115 423 220 470 hine,
245 427 287 461 et
309 419 413 466 ideo,
440 419 560 465 dices,
587 418 798 457 subtexuit:
826 418 919 456 licet
944 418 1103 468 angelus
1122 417 1170 456 de
1191 417 1304 456 coelo
1329 416 1444 455 aliter

117 478 462 531 evangelizaverit,
499 476 703 515 anathema
728 476 842 523 sit,¹)
877 476 963 528 quia
989 482 1029 513 et
1053 482 1269 513 creatorem
1295 474 1444 512 sciebat

117 536 480 589 evangelizaturum.
539 533 684 572 Rursus
709 546 804 583 ergo
836 538 874 570 te
900 533 1086 583 implicas.
1136 532 1219 569 Hoc
1245 538 1304 570 cst
1329 532 1442 577 enim,

118 606 194 647 qno
218 591 485 643 adstringeris.
547 589 631 628 Duo
658 591 758 628 enim
789 590 990 640 evangelia
1022 588 1251 627 confirmare
1284 599 1359 626 non
1384 595 1445 626 est

117 652 221 698 eius,
258 650 322 702 qui
346 647 450 687 aliud
474 649 549 686 iam
573 648 739 697 negarit.
798 646 940 684 Tamen
966 647 1072 684 lucet
1096 659 1228 684 sensus
1254 647 1355 692 eius,
1382 646 1443 696 qui

118 721 225 748 snam
249 706 447 759 praemisit
470 717 692 757 personam:
719 702 787 741 sed
814 705 887 741 etsi
912 716 981 741 nos
1006 710 1071 740 aut
1090 703 1249 753 angelus
1268 701 1316 739 de
1332 702 1444 740 coelo

118 766 236 805 aliter
257 763 602 814 evangelizaverit3
640 760 748 798 verbi
779 761 878 798 enim
909 761 1033 810 gratia
1064 758 1207 797 dictum
1238 765 1309 797 est.
1370 758 1445 796 Ce—

118 829 243 862 terum
268 821 302 859 si
326 833 398 858 nec
423 820 505 870 ipse
525 819 646 856 aliter*
656 817 1002 867 evangelizaturus,
1027 817 1159 867 utique
1178 828 1251 854 nec
1264 816 1443 866 angelus3

118 879 176 920 ita
199 877 377 929 angelum
402 875 451 914 ad
475 875 550 914 hoc
577 875 802 921 nominavit,
841 887 914 925 quo
940 874 1058 911 multo
1085 874 1205 924 magis
1229 872 1446 922 hominibus

119 949 199 977 non
228 941 335 974 esset
365 931 618 979 credendum,
636 953 639 956 -
658 930 808 983 quando
840 944 922 969 nec,
943 931 1104 982 angelo,
1142 943 1214 969 nec
1246 930 1445 982 apostolo;

119 1006 199 1033 non
233 992 409 1043 angelum
447 988 497 1028 ad
533 990 772 1040 evangelium
810 989 977 1027 referret
1020 995 1221 1027 creator-s.
1295 986 1446 1025 Exinde

121 1049 335 1090 decurrens
370 1047 543 1086 ordinem
589 1047 851 1085 conversionis
886 1058 985 1083 suae
1029 1044 1077 1083 de
1119 1051 1372 1096 persecutore
1408 1046 1446 1082 in

58 1142 66 1145 ,
119 1107 337 1160 apostolum
354 1106 395 1154 2)
426 1106 655 1156 scripturam
685 1103 998 1154 Apostolicorum
1018 1104 1055 1150 ³)
1091 1103 1309 1148 confirmat,
1348 1099 1447 1152 apud

124 1176 238 1216 quam
259 1164 346 1214 ipsa
375 1163 490 1200 etiam
516 1161 702 1212 epistolae
729 1161 837 1198 istius
862 1160 1023 1197 materia
1049 1161 1363 1209 recognoscitur,
1389 1158 1448 1195 in-

124 1220 353 1259 tei-cessisse
385 1216 587 1269 quosdam,
625 1217 687 1267 qui
719 1215 896 1253 dicerent
927 1215 1150 1254 circumcidi
1189 1221 1372 1266 oportere
1409 1220 1450 1251 et

126 1274 404 1316 observandam
429 1286 514 1312 esse
530 1273 657 1324 Moysi
683 1273 820 1323 legem,
846 1279 936 1310 tunc
963 1272 1160 1323 apostolos
1177 1270 1223 1310 de
1245 1273 1316 1310 ista
1332 1284 1448 1323 quae-

124 1335 251 1373 stione
289 1331 485 1380 consultos
522 1343 572 1368 ex
607 1331 839 1368 auctoritate
876 1329 1032 1380 spiritus
1068 1329 1328 1375 renuntiasse,
1372 1341 1448 1366 non

124 1403 212 1430 esse
246 1387 477 1441 imponenda
515 1400 634 1425 onera
670 1386 908 1432 hominibus,
960 1398 1056 1437 quae
1098 1392 1227 1437 patres
1264 1385 1336 1436 ipsi
1373 1397 1449 1422 non

123 1448 340 1501 potuissent
368 1445 570 1483 sustinere.
580 1445 617 1491 ⁴)
679 1443 824 1490 Quodsi
849 1449 890 1481 et
914 1455 964 1480 ex
987 1443 1062 1480 hoc
1089 1449 1306 1493 congruunt
1329 1441 1448 1479 Paulo

122 1503 398 1557 Apostolorum
420 1500 536 1547 Acta,
563 1514 632 1539 cur
656 1513 702 1538 ea
728 1501 936 1552 respuatiS,
963 1501 1036 1537 iam
1061 1506 1239 1551 apparet,
1270 1505 1314 1537 ut
1338 1497 1447 1537 deum

122 1561 278 1601 scilicet
299 1573 376 1598 non
401 1558 514 1596 alium
539 1557 822 1609 praedicantia,
849 1570 957 1608 quam
984 1564 1213 1603 creatorem,
1240 1569 1312 1595 nee
1338 1556 1449 1594 Chri-

123 1625 224 1659 stum
247 1617 433 1663 alterius,
455 1629 564 1667 quam
592 1616 800 1661 creatoris,
833 1613 984 1666 quando
1011 1627 1083 1652 nec
1109 1614 1312 1665 promissio
1338 1614 1450 1665 spiri-

122 1683 187 1715 tus
209 1675 334 1714 sancti
357 1672 511 1712 aliunde
536 1672 722 1723 probetur
746 1671 936 1718 exhibita,
976 1685 1086 1723 quam
1118 1670 1166 1709 de
1198 1672 1448 1718 instrumento

123 1732 326 1772 Actorum.
370 1730 475 1777 Quae
499 1731 632 1781 utique
656 1730 863 1767 verisimile
890 1742 967 1767 non
992 1736 1063 1774 est,
1090 1741 1140 1766 ex
1163 1734 1272 1778 parte
1299 1726 1449 1778 quidem

68 1793 74 1800 “
126 1788 305 1840 apostolo
343 1787 576 1830 convenire,
626 1799 710 1823 cum
754 1785 925 1822 ordinem
971 1786 1053 1822 eius
1089 1783 1295 1822 secundum
1334 1783 1451 1833 ipsius

125 1843 385 1884 testimonium
412 1839 629 1885 ostendunt,
656 1852 705 1877 ex
730 1847 838 1890 parte
862 1853 956 1877 vero
982 1839 1185 1887 dissidere,
1212 1853 1294 1877 cum
1316 1838 1451 1877 divini-

126 1908 248 1941 tatem
283 1900 323 1938 in
347 1898 502 1936 Christo
540 1896 730 1934 creatoris
765 1894 1008 1942 adnuntiant,
1046 1903 1088 1934 ut
1122 1895 1450 1947 praedicationem

129 1950 280 2011 quidem
306 1955 568 2008 apostolorum
595 1954 747 1990 omnino
762 1954 798 2002 5)
823 1954 873 1990 sit
902 1958 1056 1991 ‘secutus
1087 1952 1243 2000 Paulus,
1282 1954 1345 2005 qui
1369 1953 1450 1991 for-

126 2029 225 2055 mam
250 2013 298 2052 ab
325 2014 381 2051 eis
406 2010 656 2049 dedocendae
682 2009 779 2060 legis
803 2011 967 2061 accepit.

244 2074 285 2113 3.
334 2069 506 2120 Denique
538 2066 585 2105 ad
619 2067 870 2118 patrocinium
899 2067 1005 2105 Petri
1037 2074 1331 2119 ceterorumque
1355 2081 1450 2120 apo-

129 2129 314 2169 stolorum
339 2124 559 2165 ascendisse
576 2123 877 2175 Hierosolymam
903 2131 992 2176 post
1015 2137 1137 2163 annos
1162 2124 1448 2176 quatuordecim

130 2185 284 2231 scribit,
322 2191 364 2221 ut
393 2182 591 2221 conferret
623 2194 716 2219 cum‘
738 2181 814 2219 illis
838 2180 885 2219 de
911 2183 1104 2233 evangelii
1129 2183 1185 2220 sui
1211 2183 1364 2233 regula,
1401 2195 1450 2220 ne

130 2243 169 2282 in
204 2246 461 2281 vacnum·tot
495 2240 603 2276 aunis
640 2239 871 2277 cucurrisset
906 2246 972 2277 aut
1007 2239 1254 2289 curreret,⁶)
1292 2240 1324 2276 si
1361 2237 1450 2289 quid

131 2299 285 2338 seilicet
320 2298 418 2336 citra
447 2297 607 2334 formam
638 2295 788 2334 illorum
819 2297 1123 2348 evangelizaret,
1161 2295 1259 2334 adeo
1291 2295 1339 2333 ab
1376 2295 1451 2333 illis

131 2356 289 2409 probari
314 2361 355 2393 et
385 2353 623 2392 constabiliri
648 2351 907 2401 desiderarat,
933 2367 1028 2405 quos
1039 2355 1078 2403 ⁷)
1105 2354 1136 2391 si
1163 2350 1312 2404 quando
1337 2352 1451 2390 vultis

225 2456 263 2495 1)
288 2456 411 2486 ib.v.8.
506 2453 542 2495 2)
569 2456 611 2487 ib.
626 2457 810 2486 iun—24.
904 2455 940 2498 3)
967 2456 1146 2488 Ed.Fran.
1169 2456 1202 2489 et
1226 2455 1299 2494 Rig.
1325 2454 1450 2486 Acto-

133 2511 227 2533 rum
250 2502 613 2541 Apostolicorum.
720 2503 757 2541 4)
783 2503 857 2533 Act.
882 2501 1000 2540 Apost.
1028 2504 1082 2542 15,
1110 2504 1216 2539 Ssqq.
1330 2501 1365 2540 5)
1392 2501 1450 2532 Sie

134 2547 212 2579 eod.
237 2548 371 2578 Wonw.
398 2551 433 2577 et
458 2548 532 2587 nig.
554 2548 683 2578 Ceteri:
720 2550 856 2586 apost.
875 2557 956 2577 non
978 2548 1044 2577 sit.
1138 2548 1175 2586 6)
1204 2545 1279 2578 Gal.
1304 2547 1336 2586 2,
1363 2549 1394 2578 1.
1418 2548 1450 2578 2.

135 2592 174 2633 Ἰ)
200 2592 306 2624 Editt.
321 2602 453 2624 omnes:
479 2594 603 2632 quod,
630 2594 690 2624 sed
705 2593 859 2624 Latinius
874 2593 962 2623 coni.
982 2601 1097 2631 quos.

1112 2635 1202 2678 17*
