1566 2808
126 181 233 219 150
376 182 502 213 ADV.
538 178 898 211 MARCIONEM
933 179 1110 210 LIBER
1145 180 1201 210 IV.

243 279 280 316 4.
331 273 445 312 Funis
478 286 573 324 ergo
612 270 809 317 ducendus
842 279 901 310 cst
933 273 1210 318 contentionis,
1249 272 1332 324 pari
1364 272 1452 312 hinc

126 333 215 372 inde
254 333 337 370 nisu
374 332 597 370 fluctuante.
629 332 633 341 ’
671 329 756 381 Ego
794 332 918 368 meum
956 328 1044 368 dieo
1081 343 1232 376 verum,
1275 329 1452 368 Marcion

125 404 244 429 suum.
296 389 380 440 Ego
406 388 619 427 Marcionis
644 387 788 426 affirmo
815 386 1083 434 adulteratum,
1110 387 1288 426 Marcion
1314 401 1452 426 meum.

127 448 219 496 Quis
246 448 347 485 inter
379 460 448 484 nos
475 445 766 494 determinabit,
805 445 877 484 nisi
908 446 1093 497 temporis
1120 446 1242 492 ratio,
1278 445 1313 483 ei
1340 454 1453 497 prae-

126 505 300 544 scribens
315 504 600 550 auctoritatem,
629 502 730 555 quod
750 504 947 555 ‚antiquius
978 504 1208 555 reperi-etur,
1237 510 1276 541 et
1290 503 1454 555 eiprae-

125 563 300 602 iudicans
325 563 585 607 vitiationem,
626 560 727 612 quod
753 561 945 612 posterius
971 562 1218 599 revincetur?
1260 560 1302 599 In
1321 569 1453 612 ‘quan-

126 628 204 659 tum
232 621 332 658 enim
365 620 500 657 salsum
535 619 733 670 corruptio
765 625 824 656 est
855 619 956 663 veri,
996 619 1034 656 in
1066 625 1210 656 tantum
1242 612 1456 670 praecedat

127 691 289 717 necesse
317 684 378 715 est
402 678 546 715 veritas
583 677 739 725 falsu1n3
779 676 888 728 prior
913 676 989 714 erit
1013 689 1077 714 res
1102 677 1282 728 passione
1310 683 1350 714 et
1374 690 1455 715 ma-

129 736 229 774 teria
267 734 541 773 aemulatione.
602 733 785 785 Alioquin
825 747 933 784 quam
973 730 1197 780 absurdum,
1235 740 1288 780 ut',
1327 735 1359 772 si
1385 748 1455 772 no—

128 800 246 831 strum
273 792 465 844 antiquius
491 791 800 843 probaverimus,
826 790 1038 830 Marcionis
1062 804 1157 829 vero
1184 792 1388 843 posterius,
1416 799 1456 830 et

129 857 301 888 nostrum
333 857 422 888 ante
454 848 633 887 videatur
662 849 817 895 falsum,
857 862 966 900 quam
1000 848 1178 887 habuerit
1209 847 1256 887 de
1288 848 1453 888 veritate

127 908 348 954 materiam,
399 914 438 945 et
474 906 684 945 Marcionis
734 913 822 945 ante
868 905 1051 945 credatur
1093 904 1400 945 aemulationem*
1433 920 1455 945 a

129 973 261 1003 nostro
295 972 520 1016 expertum,
561 978 669 1015 quam
704 972 743 1003 ct
769 963 929 1011 editum,
969 971 1009 1002 et
1032 972 1229 1016 postremo
1262 963 1300 1002 id
1316 960 1455 1018 'verius

129 1024 388 1069 existimetur,
429 1021 530 1074 quod
557 1029 616 1060 est
647 1023 788 1069 serius,
828 1029 916 1074 post
946 1029 1005 1060 tot
1030 1036 1075 1060 ae
1103 1028 1208 1060 tanta
1234 1023 1307 1060 iam
1335 1021 1455 1075 opera

129 1087 242 1131 atque
271 1079 501 1118 documenta
529 1079 771 1120 Christianae
802 1080 1003 1129 religionis
1029 1080 1161 1131 seculo
1189 1079 1311 1127 edita,
1357 1093 1455 1132 quae

130 1136 193 1175 edi
230 1138 360 1188 utique
398 1150 474 1174 non
511 1137 733 1187 potuissent
762 1137 844 1174 sine
883 1137 1074 1187 evangelii
1100 1137 1282 1185 veritate,
1321 1136 1360 1175 id
1397 1145 1456 1177 est

130 1201 219 1232 ante
253 1195 446 1244 evangelii
471 1194 688 1232 veritatem.
752 1192 862 1242 Quod
889 1207 985 1245 ergo
1011 1190 1182 1246 pertinet
1212 1193 1261 1233 ad
1287 1192 1456 1247 evange-

129 1253 218 1291 lium
245 1253 398 1290 interim
431 1251 581 1299 Lucae,
617 1255 802 1303 quatenus
836 1253 1057 1290 communio
1085 1253 1167 1291 elus
1192 1253 1295 1303 inter
1320 1267 1389 1292 nos
1415 1261 1475 1292 et'

128 1309 370 1356 Marcionem
398 1309 444 1348 de
472 1310 636 1348 veritate
664 1309 873 1362 disceptat,
911 1309 1011 1348 adeo
1038 1310 1228 1362 antiquius
1252 1311 1455 1358 Marcione

130 1374 208 1412 est,
249 1367 349 1418 quod
388 1374 447 1405 est
484 1366 691 1406 secundum
718 1382 806 1414 nos,
847 1375 887 1406 ut
912 1375 952 1406 et
988 1367 1077 1419 ipse¹
1096 1369 1151 1406 illi
1175 1367 1352 1418 Marcion
1385 1370 1456 1407 ali-

132 1423 283 1475 quando
312 1423 540 1470 crediderit,
577 1439 658 1463 cum
683 1417 726 1463 et
751 1426 952 1476 pecuniam
979 1426 1017 1463 in
1042 1426 1165 1476 primo
1181 1472 1184 1473 ⁷
1200 1427 1346 1465 calore.
1363 1426 1455 1465 fidei

132 1482 349 1524 catholicae
365 1482 557 1519 ecclesiae
574 1482 747 1528 contulit,
758 1483 969 1533 proiectam
986 1496 1074 1521 mox
1089 1481 1285 1535 cumipse,
1299 1489 1455 1536 postea÷

131 1553 241 1591 quam
273 1541 311 1578 in
344 1539 523 1577 haeresin
555 1553 659 1577 suam
691 1553 711 1577 a
746 1547 877 1578 nostra
907 1540 1075 1586 veritate,
1104 1539 1282 1580 descivit.
1356 1541 1455 1590 Quid

129 1611 249 1644 nunc,
289 1598 320 1635 si
357 1597 585 1651 negaverint
614 1597 870 1636 Marcionitae
912 1598 1070 1649 primam
1108 1597 1208 1650 apud
1246 1612 1316 1638 nos
1340 1599 1458 1638 fidem

130 1657 213 1693 eius
239 1653 422 1693 adversus
449 1655 649 1706 epistolam
677 1668 826 1706 quoque
853 1656 995 1706 ipsius?
1055 1655 1173 1703 Quid,
1215 1656 1247 1694 si
1273 1670 1345 1696 nec
1371 1657 1454 1710 epi-

130 1712 267 1750 stolam
301 1714 557 1763 agnoverint?
612 1711 728 1751 Certe
758 1712 985 1753 Antitheses
1017 1726 1099 1750 ‘non
1138 1712 1252 1751 modo
1284 1714 1462 1753 fatentur·

128 1769 361 1816 Marcionis,
400 1769 468 1808 sed
507 1777 547 1808 et
571 1771 807 1822 praeferunt.
843 1769 918 1818 ,Ex
948 1770 1006 1808 his
1032 1771 1123 1809 mihi
1148 1771 1331 1823 probatio
1355 1772 1467 1811 suffi?

130 1828 197 1865 cit.
250 1826 291 1865 Si
330 1828 429 1870 enim
468 1826 507 1865 id
545 1829 804 1879 evangelium,
844 1826 1102 1879 quodfflucae
1139 1829 1311 1868 refertur
1333 1843 1454 1883 penes

128 1897 218 1930 nOS,
253 1883 491 1933 (viderimus,
520 1899 567 1923 an
594 1892 778 1938 etpenes
803 1885 1071 1939 Marcionem,)
1101 1887 1220 1938 ipsum
1247 1894 1323 1934 est,
1351 1887 1454 1940 quod

127 1941 305 1979 Marcion
331 1955 402 1993 per
420 1941 644 1982 Antitheses
671 1957 757 1986 suas
783 1944 924 1995 arguit,
951 1950 992 1981 ut
1018 1945 1293 1996 interpolatum
1315 1958 1338 1983 a
1362 1958 1453 1997 pro-

128 1999 343 2037 tectoribus
376 1999 556 2038 Iudaismi
589 2001 635 2039 ad
664 2002 1054 2053 concorporationem
1087 2002 1183 2053 legis
1216 2010 1257 2041 et
1286 2003 1461 2055 prophe-'

127 2063 271 2102 tarum,
314 2070 387 2108 qua
418 2058 532 2097 etiam
562 2058 751 2097 Christum
778 2059 867 2097 inde
895 2059 1181 2110 confingerent:
1219 2061 1350 2111 utique
1376 2073 1461 2111 non

128 2114 322 2165 potuisset
346 2127 526 2164 arguere,
554 2116 626 2154 nisi
648 2116 756 2167 ,quod
784 2117 998 2155 invenerat.
1055 2116 1186 2155 'Nemo
1211 2123 1300 2169 pp'st
1324 2118 1452 2157 futura

126 2170 398 2223 reprehendit,
439 2185 535 2223 quae
573 2174 730 2223 ignorat
753 2174 900 2226 futura,
941 2173 1159 2212 emendatio
1199 2175 1349 2227 culpam
1374 2176 1451 2214 non

127 2227 339 2267 antecedit.
400 2228 640 2268 Emendator
676 2243 767 2268 sane
800 2231 992 2281 evangelii
1030 2244 1052 2269 a
1076 2231 1303 2271 Tiberianis·
1333 2247 1451 2286 usque

126 2285 176 2324 ad
199 2285 423 2329 Antoniana
451 2294 624 2340 tempora
650 2289 776 2329 eversi
801 2288 978 2327 Marcion
1011 2289 1128 2328 solus·
1148 2297 1188 2328 et
1211 2291 1355 2342 primus
1369 2291 1451 2329 ·ob-

125 2345 249 2391 venit,
278 2352 526 2396 exspectatus
551 2353 630 2384 tam
655 2345 719 2384 diu
746 2359 767 2384 a
792 2346 949 2389 Christo
970 2347 1202 2398 poenitente
1228 2349 1320 2395 iam,
1348 2348 1449 2400 quod

127 2402 325 2452 apostolos
351 2403 595 2453 praemisisse
621 2411 878 2455 properasset·
896 2405 977 2442 sine
1003 2404 1205 2457 praesidio·
1223 2405 1448 2460 Marcionis,

127 2539 233 2568 ceteri
258 2540 353 2570 editt.
376 2542 416 2571 ad
437 2544 542 2581 caput
562 2543 651 2582 quod
673 2543 832 2582 sequitur
851 2528 1100 2583 adiunxerant,
1124 2532 1300 2577 Wou'wer.
1320 2546 1355 2576 et
1374 2545 1450 2586 mg.

127 2592 203 2613 cum
231 2587 467 2624 superioribus
491 2592 585 2620 recte
609 2590 877 2621 coniunxerunt.
