1624 2826
179 198 286 236 261
431 199 555 231 ADv.
591 200 952 231 MARCIONEM
992 201 1170 232 LIBER
1206 201 1246 233 V.

181 307 284 332 suum
312 293 348 330 in
375 291 493 331 corda
520 299 668 340 nostra,
697 292 948 332 clamantem:
981 292 1110 340 Abba,
1139 293 1308 345 pater.¹)
1371 291 1412 331 In
1439 305 1508 331 no-

179 352 341 389 vissimis
374 351 498 397 enim,
537 351 680 402 inquit,
721 349 856 389 diebus
889 350 1078 390 effundam
1113 350 1159 389 de
1193 363 1277 389 meo
1310 350 1444 402 spiritu
1470 351 1508 388 in

182 422 329 447 omnem
370 410 582 456 carnem-2)
645 407 760 446 Cuius
799 409 942 459 gratia,
982 410 1053 447 nisi
1092 410 1198 447 cuius
1231 415 1271 447 et
1306 408 1509 459 promissio

182 467 362 517 gratiae?
411 465 501 513 Quis
533 472 660 517 pater,
700 466 771 503 nisi
805 467 866 517 qui
899 473 938 504 et
969 467 1121 505 factor?
1170 466 1261 505 Post
1285 465 1354 503 has
1382 466 1510 517 itaque

183 524 335 562 divitias
372 537 446 561 non
481 530 565 561 erat
595 522 864 562 revertendum
897 523 945 562 ad
983 525 1130 563 infirma
1158 530 1198 562 et
1227 522 1404 561 mendica
1430 523 1511 562 ele-

182 588 322 620 menta.
343 581 380 628 ³)
442 580 641 618 Elementa
674 588 799 619 autem
837 581 935 633 apud
975 580 1168 620 Romanos
1207 593 1356 633 quoque
1396 581 1510 619 etiam

183 641 327 691 primae
373 638 507 676 literae
552 639 677 676 solent
721 637 811 677 dici.
878 638 966 678 Non
1011 652 1106 691 ergo
1152 651 1222 691 per
1265 637 1510 677 mundialium

184 697 456 735 elementorum
485 694 775 746 derogationem
802 710 823 734 a
850 696 924 735 deo
952 704 1087 736 eorum
1111 704 1290 735 avertere
1318 695 1511 749 cupiebat,

185 755 256 792 etsi
295 751 459 791 dicendo
498 766 629 804 supra:
670 754 701 790 si
728 767 821 803 crgo
848 753 924 800 his,
965 755 1027 805 qui
1059 767 1134 792 non
1161 761 1296 792 natura
1322 760 1408 792 sunt
1434 752 1511 800 dei,

184 809 394 857 servitis,4)
458 810 658 861 physicae,
698 810 735 847 id
769 817 845 856 est,
879 812 1082 857 naturalis,
1122 811 1406 862 superstitionis
1432 810 1521 849 ele-'

185 875 310 907 menta
343 881 412 919 pro
446 867 519 905 deo
553 867 730 905 habentis
759 868 938 918 suggillat
972 881 1164 915 errorem,
1203 881 1276 906 nee
1302 869 1357 906 sie
1384 875 1513 906 tamen

185 927 460 964 elementorum
499 924 609 963 deum
648 932 794 963 taxans.
857 924 934 963 Sed
974 939 1070 977 quae
1110 925 1199 964 velit
1238 925 1399 976 intelligi
1433 926 1514 964 ele-

184 990 329 1030 menta,
369 984 508 1034 primas
546 983 697 1020 scilicet
734 983 865 1020 literas
898 982 1014 1033 legis,
1053 984 1132 1034 ipse
1172 982 1357 1021 declarat.
1420 982 1514 1021 Dies

186 1041 398 1079 observatis
425 1047 463 1078 et
488 1053 637 1078 menses
664 1045 703 1078 et
734 1047 907 1091 tempora
934 1047 972 1078 et
998 1054 1117 1078 annos
1131 1041 1167 1088 5)
1196 1046 1236 1078 et
1260 1039 1439 1088 sabbata,
1473 1045 1516 1079 ut

186 1099 334 1150 opinor,
363 1105 568 1142 etjcoenas
593 1110 707 1149 puras
733 1104 772 1135 et
797 1098 938 1136 ieiunia
965 1105 1003 1135 et
1029 1097 1110 1136 dies
1137 1111 1308 1149 magnos.
1349 1097 1513 1137 Cessare
1547 1100 1549 1106 '

185 1157 283 1194 enim
310 1155 356 1193 ab
389 1155 446 1192 his
474 1168 640 1206 quoque,
680 1155 780 1192 sicut
811 1162 849 1193 et
876 1156 1187 1202 circumcisione,
1227 1155 1435 1208 oportebttt
1465 1167 1515 1194 ex

185 1212 353 1252 decretis
380 1213 594 1258 creatoris,
634 1213 697 1264 qui
724 1219 762 1250 et
793 1225 863 1263 per
893 1211 1066 1251 Esaiam:
1111 1214 1334 1252 neomenias
1367 1212 1514 1252 vestras

186 1278 225 1308 et
262 1270 420 1308 sabbata
458 1277 497 1308 ct
533 1268 632 1307 diem
670 1283 845 1320 magnum
885 1284 959 1308 non
999 1270 1215 1318 sustinebo,
1255 1271 1434 1310 ieiunium
1474 1277 1514 1310 et

186 1328 302 1365 ferias
341 1334 379 1365 et
418 1328 647 1365 cerimonias
684 1327 833 1365 vestras
872 1327 953 1365 odit
992 1330 1117 1367 anima
1150 1329 1293 1378 meass)
1355 1328 1405 1367 Et
1443 1333 1516 1381 per

186 1385 324 1422 Amos:
364 1382 446 1429 odi,
486 1384 607 1421 reieci
635 1385 863 1422 cerimonias
888 1393 1054 1433 vestras,
1088 1393 1127 1424 et
1153 1400 1227 1424 non
1255 1385 1452 1425 adorabor
1474 1387 1514 1426 iu

187 1441 413 1491 frequentiis
448 1441 645 1488 vest1·is.⁷)
709 1441 803 1478 Item
841 1454 912 1492 per
950 1442 1068 1481 Osee:
1108 1451 1277 1483 avertam
1315 1445 1514 1485 universas

189 1497 445 1536 iucunditates
472 1498 553 1534 eius
579 1504 618 1534 et
644 1498 873 1535 cerimonias
906 1500 987 1537 eius
1019 1507 1058 1538 et
1095 1500 1256 1539 sabbata
1288 1509 1326 1540 et
1356 1515 1514 1542 neome-

190 1557 271 1593 nias
298 1555 377 1593 eius
393 1561 431 1592 et
446 1567 576 1592 omnes
590 1555 825 1606 frequentias
841 1556 981 1605 eius.8)
1029 1558 1133 1604 Quae
1149 1559 1229 1609 ipse
1246 1561 1513 1606 constituerat,

188 1613 330 1664 inquis,
371 1613 513 1650 erasit?
547 1611 690 1663 MagiS,
731 1626 838 1664 quam
871 1614 986 1661 alius;
1026 1621 1090 1653 aut
1115 1616 1146 1652 si
1173 1616 1287 1662 alius,
1326 1629 1422 1668 ergo
1448 1618 1514 1657 ille

189 1669 334 1708 adiuvit
359 1670 587 1707 sententiam
616 1671 816 1717 creatoris,
845 1671 1043 1719 auferens,
1073 1685 1170 1724 quae
1203 1681 1242 1712 et
1267 1674 1332 1713 ille
1359 1673 1516 1714 damna-

187 1734 308 1766 verat.
349 1726 426 1765 Sed
453 1741 527 1765 non
554 1728 663 1765 huius
690 1727 765 1765 loci
794 1730 980 1779 quaestio,
1010 1743 1079 1768 cnr
1106 1730 1212 1781 leges
1244 1744 1332 1770 suas
1359 1739 1517 1772 creator

187 1785 402 1835 infregerit.
466 1783 630 1831 Sufficit,
661 1784 760 1836 quod
787 1786 1036 1826 infracturum
1063 1783 1326 1839 probavimus,
1353 1796 1396 1828 ut
1421 1803 1516 1830 eon-

189 1844 376 1888 firmetur,
411 1842 501 1880 nihil
528 1843 741 1894 apostolum
768 1842 950 1882 adversus
978 1852 1193 1884 creatorem
1222 1845 1514 1896 determinasse,

189 1913 271 1937 cum
299 1907 337 1937 et
363 1901 444 1951 ipsa
475 1901 646 1938 amolitio
679 1901 776 1950 legis
808 1915 829 1938 a
863 1909 1040 1941 creatore
1073 1904 1134 1941 sit.
1198 1902 1277 1942 Sed
1302 1911 1344 1943 ut
1367 1905 1515 1944 furibus

190 1957 289 1994 solet
314 1956 456 2007 aliquid
483 1957 665 1995 excidere
693 1957 740 1995 de
767 1958 911 2009 praeda
938 1961 975 1997 in
1002 1959 1202 2008 indicium,
1236 1962 1290 2000 ita
1323 1962 1442 2002 eredo
1475 1971 1516 2002 et

187 2013 424 2052 Marcionem
469 2015 707 2053 novissimam
750 2015 930 2055 Abrahae
969 2020 1202 2058 mentionem
1246 2012 1512 2074 dereliquisse,

188 2071 327 2109 nullam
366 2072 485 2120 magis
523 2071 793 2120 auferendam,
845 2076 915 2112 etsi
954 2089 1002 2114 ex
1039 2084 1150 2128 parte
1189 2079 1396 2117 convertit.
1471 2077 1514 2118 Si

189 2129 287 2166 enim
319 2127 516 2166 Abraham
544 2128 638 2167 duos
675 2130 817 2169 liberos
849 2132 1002 2180 habuit,
1022 2127 1160 2175 ‘unum
1186 2147 1236 2173 ex
1270 2135 1436 2187 ancilla,
1475 2143 1515 2176 et

187 2186 301 2224 alium
335 2199 383 2224 ex
414 2186 561 2234 libera3
599 2186 667 2226 sed
700 2189 761 2239 qui
794 2202 842 2227 ex
873 2192 1030 2240 aneilla,
1070 2192 1280 2232 carnaliter
1304 2200 1414 2232 natus
1441 2199 1513 2241 εει,

188 2245 250 2295 qui
275 2256 368 2281 vero
384 2244 579 2291 exlibcra,
606 2258 677 2297 per
694 2248 1047 2298 repromissionem3
1075 2263 1171 2303 quae
1187 2257 1272 2289 suut
1284 2251 1512 2303 allgeorica,

186 2300 225 2339 id
252 2308 322 2347 est,
355 2300 457 2340 aliud
483 2302 772 2353 portendentia,
806 2305 902 2344 haec
928 2315 1014 2345 sunt
1040 2309 1139 2346 enim
1167 2301 1242 2346 duo
1270 2313 1513 2356 testamenta,

186 2359 266 2396 sive
293 2356 389 2397 duae
417 2361 674 2407 ostensiones,
702 2362 800 2400 sicut
824 2363 1035 2404 invenimus
1059 2359 1512 2418 interp1·etatnm'';'unu·m

188 2429 210 2453 a
242 2423 368 2454 monte
402 2414 506 2468 Syna
544 2417 581 2455 in
618 2431 853 2471 synagogam
887 2421 1115 2462 Iudaeorum
1148 2421 1354 2462 secundum
1386 2422 1511 2475 legem
1547 2459 1550 2462 ,

279 2555 314 2592 1)
341 2555 415 2586 Gal.
437 2557 468 2597 4,
490 2557 520 2587 σ.
630 2555 665 2598 2)
692 2559 761 2589 10e1
783 2561 814 2600 3,
838 2564 870 2593 1.
968 2562 1004 2601 3)
1031 2562 1151 2603 Gat.4,
1173 2564 1205 2594 o.
1306 2559 1344 2601 4)
1370 2562 1413 2593 ib.
1428 2571 1460 2594 v.
1480 2563 1512 2594 8.

188 2598 224 2636 5)
250 2598 290 2629 ib.
306 2609 334 2630 r.
349 2602 379 2631 9.
476 2602 508 2641 o)
534 2604 597 2634 les.
615 2605 713 2644 1,14.
809 2607 845 2646 7)
870 2606 975 2639 Amos
991 2611 1022 2648 5,
1039 2609 1093 2638 21.
1197 2607 1233 2648 8)
1258 2609 1341 2640 Hos.
1358 2610 1390 2649 2,
1407 2609 1466 2640 11.“
1503 2607 1507 2612 “
