1624 2826
377 224 502 256 ADv.
538 223 902 254 MARCIONEM
941 223 1116 254 LIBER
1149 224 1186 253 Υ.
1352 221 1458 258 29³

132 315 394 369 praedicatam
418 316 572 355 scilicet
595 322 637 355 et
659 317 928 368 repromissam
955 316 994 353 in
1009 315 1203 365 Christum
1229 313 1329 367 apud
1351 327 1461 354 crea-

88 407 92 410 .
132 382 290 421 torem,
303 381 491 426 quatenus
515 381 556 412 ct
580 374 662 425 ipsa
689 374 854 425 epistola
868 374 904 421 1)
932 374 1057 425 legem
1084 374 1284 426 plurimum
1309 367 1463 411 videtur

132 430 357 471 excludere.
418 429 499 470 Sed
529 438 569 470 et
601 430 765 470 iudicem
799 430 909 469 deum
943 431 990 469 ah
1016 431 1194 483 apostoio
1221 431 1465 469 circumferri

132 502 250 541 saepe
275 490 349 529 iam
374 487 611 528 ostendimus
636 495 676 527 et
700 490 738 527 in
765 487 894 527 iudice
919 489 1083 527 ultorem
1109 496 1149 527 et
1180 495 1399 527 creatorem
1425 489 1464 525 in

133 547 277 586 ultore.
336 546 469 599 Itaque
507 553 548 586 et
583 546 671 594 hic,
710 560 795 585 cnm
833 545 946 585 dicit:
991 547 1212 585 nonenim
1249 558 1309 584 me
1346 544 1466 597 pudet

134 605 348 657 evangelii,
383 605 506 643 virtus
542 604 644 642 enim
675 603 739 642 dci
771 611 832 642 est
863 605 901 642 in
933 604 1094 642 salutem
1131 604 1234 642 omni
1272 602 1463 649 credenti,

135 661 279 701 ludaeo
303 669 345 701 et
369 660 544 708 Graeco,
583 662 672 713 quia
696 663 842 700 iustitia
866 660 930 700 dei
956 663 1069 712 ineo
1094 662 1291 700 revelatur
1314 673 1364 699 ex
1390 659 1465 698 fide

134 721 174 758 in
199 718 384 767 fidem22)
415 721 499 758 sine
531 717 647 757 dubio
674 726 715 757 et
745 719 986 769 evangelium
1011 726 1052 757 et
1076 719 1237 757 salutem
1262 719 1364 756 iusto
1389 717 1464 756 deo

135 775 313 830 deputat,
351 774 574 821 non‘hono‚
606 783 649 813 ut
673 777 726 818 ita
751 775 914 814 dixerim
946 774 1155 814 seeundum
1189 775 1376 813 haeretici
1408 773 1467 812 di-

115 835 399 880 stinctionem,
433 834 683 871 transferenti
715 846 765 871 cx
797 831 872 870 fide
906 833 1004 883 legis
1040 833 1078 870 in
1114 831 1225 870 fidem
1258 832 1464 883 evangelii,

133 892 227 931 suae
251 892 383 943 utique
409 891 507 942 legis
531 897 574 929 et
602 891 660 928 sui
691 890 897 941 evangelii.
960 889 1146 938 Quoniam
1180 897 1220 928 et
1250 891 1346 928 iram
1372 888 1469 928 dicit

134 948 303 988 revelari
327 947 376 987 de
402 948 516 987 coelo
541 961 659 1000 super
682 948 917 1000 impietatem
943 954 984 985 et
1008 948 1234 986 iniustitiam
1260 948 1465 991 hominum,

133 1007 199 1059 qui
234 1006 451 1045 veritatem.
477 1006 517 1044 in
554 1006 740 1044 iniustitia
784 1004 996 1044 detineam.
1017 1005 1055 1052 ³)
1129 1005 1247 1043 Cuius
1284 1004 1347 1043 dei
1386 1006 1469 1042 ira?

135 1062 276 1116 Utique
308 1064 513 1103 creatoris.
576 1063 683 1114 Ergo
714 1070 755 1102 ct
777 1065 923 1101 veritas
948 1064 1031 1101 eius
1063 1063 1158 1107 erit,
1198 1063 1306 1100 cuins
1331 1069 1372 1101 et
1396 1063 1466 1107 ira,

135 1133 235 1175 qma
265 1121 432 1160 revelari
457 1121 575 1159 habet
599 1122 638 1159 in
664 1121 854 1159 ultionem
872 1121 1061 1158 veritatis.
1103 1120 1233 1158 Etiam
1259 1119 1466 1158 adiicicns:

136 1179 279 1223 scimus
301 1186 428 1217 autem
454 1177 636 1216 indicium
667 1177 731 1216 dci
761 1177 970 1216 secundum
1001 1178 1204 1215 veritatem
1236 1177 1392 1222 esse‚4)
1429 1183 1470 1212 et

138 1237 235 1274 iram
260 1236 381 1287 ipsam
406 1235 596 1286 probavit,
623 1247 765 1286 exrqua
789 1235 897 1279 venit.
921 1233 1100 1271 iudicium
1126 1246 1198 1284 pro
1223 1235 1403 1279 veritate,
1430 1239 1477 1270 et-

137 1293 341 1332 veritatem
366 1305 498 1330 rursus
522 1290 694 1330 eiusdem
721 1291 783 1330 dei
810 1291 1070 1337 confirmavit,
1110 1291 1219 1328 cuius
1250 1292 1344 1329 iram
1378 1302 1470 1342 pro-

136 1350 245 1390 bavit
268 1348 469 1402 probando
500 1348 693 1389 iudicium.
754 1348 871 1387 Aliud
897 1356 968 1395 est,
996 1349 1028 1386 si
1052 1349 1264 1388 veritatem
1281 1347 1345 1386 dci
1371 1348 1470 1385 altc-

137 1409 219 1447 rius
242 1408 283 1446 iu
306 1407 491 1454 iniustitia
517 1405 711 1445 detentam
739 1413 897 1445 creator
914 1407 1035 1444 iratus
1054 1406 1266 1443 ulciscitur.
1301 1405 1469 1452 Quantas

137 1472 268 1504 autem
297 1465 430 1503 foveas
462 1465 501 1502 in
532 1465 604 1502 ista
636 1464 696 1502 vel
729 1464 891 1501 maxime
923 1463 1088 1515 epistola
1113 1461 1290 1501 Marcion
1316 1463 1468 1507 fecerit,

138 1521 372 1568 auferendo,
411 1534 508 1573 quae
546 1521 687 1568 voluit,
726 1519 775 1559 de
808 1521 929 1559 nostri
962 1521 1205 1558 instrumenti
1241 1521 1468 1571 integritate

135 1579 303 1633 parebit.
364 1578 460 1618 Mihi
491 1578 648 1626 suffieit,
692 1591 790 1630 quae
823 1577 986 1630 proinde
1025 1577 1222 1616 eradenda
1254 1591 1329 1616 non
1359 1576 1468 1620 vidit,

138 1639 247 1691 quasi
277 1637 542 1689 negligentias
578 1644 619 1675 et
654 1637 867 1675 caecitates
910 1637 993 1675 eius
1029 1636 1226 1687 accipere.
1277 1634 1331 1673 ‘Si
1370 1635 1470 1673 enim

137 1694 327 1735 iudicabit
362 1693 458 1734 deus
491 1695 646 1733 occulta
679 1694 889 1740 hominum,
929 1700 1006 1732 tam
1038 1706 1190 1740 eorum,
1230 1694 1356 1744 quiin
1383 1693 1470 1742 lege

140 1751 402 1803 deliquerunt,
441 1764 552 1803 quam
578 1764 729 1798 eorum,
751 1752 833 1802 -qui
858 1752 941 1789 sine
968 1751 1076 1801 lege,
1103 1752 1190 1801 quia
1215 1757 1256 1788 et
1280 1750 1319 1787 hi
1346 1749 1470 1799 legem

140 1810 324 1860 ignorant
347 1815 388 1846 ct
411 1815 549 1845 natura
573 1809 739 1853 faciunt,
777 1821 875 1858 qnae
901 1814 988 1844 sunt
1013 1807 1130 1857 legis:
1162 1808 1293 1860 utique
1320 1807 1352 1843 is
1377 1806 1471 1844 dens

80 1880 84 1883 ·
140 1864 348 1911 iudicabit,
387 1865 497 1902 cuius
526 1867 614 1902 sunt
643 1870 684 1901 et
708 1864 773 1901 lex
797 1871 837 1901 et
861 1865 944 1915 ipsa
970 1870 1125 1909 natura,
1164 1875 1262 1915 qnae
1288 1863 1386 1914 legis
1412 1870 1472 1901 est

142 1925 264 1962 instar
287 1921 554 1973 ignorantibus
581 1921 719 1971 legem.
780 1920 972 1959 Iudicabit
995 1927 1136 1968 autem,
1163 1919 1382 1978 quomodo?
1410 1933 1472 1958 se-

142 1979 307 2020 cundum
344 1979 611 2030 evangelium,
662 1979 807 2029 inquit,
857 1991 928 2029 per
965 1977 1170 2017 Christum.
1189 1977 1229 2030 ⁵)
1289 1978 1397 2029 Ergo
1433 1985 1473 2016 et

142 2037 386 2090 evangelium
411 2043 452 2075 et
477 2036 653 2074 Christus
676 2035 778 2073 illius
801 2042 914 2082 sunt,
953 2037 1061 2074 cuius
1091 2043 1132 2074 et
1162 2036 1227 2074 lex
1256 2042 1298 2074 et
1321 2043 1471 2078 natura

142 2108 241 2148 quae
275 2108 345 2147 per
374 2094 616 2145 evangelium
648 2099 689 2131 et
719 2092 909 2132 Christum
940 2092 1238 2132 vindicabuntur
1266 2092 1367 2133 adeo
1405 2094 1472 2131 isso

143 2151 290 2192 iudicio
321 2150 413 2198 dei,
450 2150 556 2203 quod
585 2157 625 2188 et
655 2163 771 2202 supra
800 2150 1008 2190 secundum
1037 2152 1256 2190 veritatem.
1264 2151 1306 2203 ⁶)
1355 2151 1472 2201 Ergo

144 2223 220 2264 qua
255 2208 500 2255 defendenda
537 2208 734 2247 reveletur
767 2207 817 2248 de
855 2210 969 2248 coelo
1007 2209 1091 2256 ira,
1130 2222 1206 2246 non
1238 2209 1313 2246 nisi
1342 2221 1366 2246 a
1397 2207 1472 2246 deo

143 2266 287 2317 irae‚⁷)
314 2269 368 2306 ita
393 2275 433 2306 et
458 2269 520 2306 hic
546 2278 680 2305 sensus
704 2267 867 2318 pristino
892 2266 1121 2315 cohaerens,
1147 2267 1185 2304 in
1201 2279 1275 2317 qno
1291 2264 1475 2303 iudicium

146 2326 337 2365 creatoris
362 2324 547 2371 edicitur,
587 2337 663 2363 non
693 2331 824 2375 potest
853 2325 892 2362 in
923 2325 1038 2362 alium
1071 2323 1183 2362 deum
1211 2323 1371 2368 referri,
1411 2323 1474 2373 qui

144 2397 218 2423 nec
254 2382 402 2422 iudicat
438 2395 510 2422 nec
542 2383 743 2428 irascitur,
781 2380 849 2422 scd
881 2382 920 2419 in
949 2382 1073 2430 illum,
1113 2381 1220 2421 cuius
1257 2378 1345 2417 dum
1378 2379 1474 2417 haec

238 2534 277 2570 1)
310 2533 375 2566 Ed.
400 2534 502 2565 Fran.
527 2536 562 2564 et
599 2534 673 2574 Rig.
710 2535 754 2565 et
789 2533 883 2572 ipae
918 2533 1164 2572 apostolus.
1260 2532 1298 2569 2)
1321 2530 1419 2562 Rom.
1445 2531 1476 2567 ἱ,

137 2582 203 2613 16.
228 2582 284 2612 Π.
381 2578 420 2624 3)
458 2582 502 2612 ib.
527 2589 557 2610 r.
584 2581 638 2612 18.
732 2581 772 2612 4³
798 2581 893 2610 Rom.
921 2581 953 2620 2,
976 2581 1010 2612 2.
1117 2576 1155 2620 5)
1180 2578 1224 2609 ib.
1250 2587 1281 2609 ν,
1306 2579 1476 2608 12-16.

146 2624 187 2668 (ἰ)
210 2626 255 2658 ib.
281 2635 310 2657 v.
330 2627 361 2658 2.
457 2625 494 2666 Ἰ)
521 2628 656 2668 ΒοιιιΛ,
671 2628 725 2659 18.

1127 2722 1164 2769 ,δ
