<?xml version="1.0" encoding="UTF-8"?>
<!DOCTYPE html PUBLIC "-//W3C//DTD XHTML 1.0 Transitional//EN"
    "http://www.w3.org/TR/xhtml1/DTD/xhtml1-transitional.dtd">
<html xmlns="http://www.w3.org/1999/xhtml" xml:lang="en" lang="en">
 <head>
  <title>
</title>
<meta http-equiv="Content-Type" content="text/html;charset=utf-8" />
  <meta name='ocr-system' content='tesseract 3.04.00' />
  <meta name='ocr-capabilities' content='ocr_page ocr_carea ocr_par ocr_line ocrx_word'/>
</head>
<body>
  <div class='ocr_page' id='page_1' title='image "./operatert34tertuoft_0637.png"; bbox 0 0 1604 2800; ppageno 0'>
   <div class='ocr_carea' id='block_1_1' title="bbox 563 173 1444 217">
    <p class='ocr_par' dir='ltr' id='par_1_1' title="bbox 563 173 1444 217">
     <span class='ocr_line' id='line_1_1' title="bbox 563 173 1444 217; baseline 0.007 -13"><span class='ocrx_word' id='word_1_1' title='bbox 563 174 688 207; x_wconf 75' lang='lat' dir='ltr'><strong>ADV.</strong></span> <span class='ocrx_word' id='word_1_2' title='bbox 723 173 997 208; x_wconf 76' lang='lat' dir='ltr'><strong>1UDAEos.</strong></span> <span class='ocrx_word' id='word_1_3' title='bbox 1336 176 1444 217; x_wconf 65' lang='lat'><strong>805</strong></span> 
     </span>
    </p>
   </div>
   <div class='ocr_carea' id='block_1_2' title="bbox 68 261 1446 2337">
    <p class='ocr_par' dir='ltr' id='par_1_2' title="bbox 68 261 1446 2337">
     <span class='ocr_line' id='line_1_2' title="bbox 131 261 1444 317; baseline 0.008 -17"><span class='ocrx_word' id='word_1_4' title='bbox 131 273 290 313; x_wconf 82' lang='lat' dir='ltr'><strong>regnum</strong></span> <span class='ocrx_word' id='word_1_5' title='bbox 315 261 612 311; x_wconf 71' lang='lat' dir='ltr'>Chaldaeorum,</span> <span class='ocrx_word' id='word_1_6' title='bbox 644 278 718 317; x_wconf 87' lang='lat' dir='ltr'><strong>ego</strong></span> <span class='ocrx_word' id='word_1_7' title='bbox 743 266 878 305; x_wconf 85' lang='lat' dir='ltr'><strong>Daniel</strong></span> <span class='ocrx_word' id='word_1_8' title='bbox 909 267 1080 307; x_wconf 82' lang='lat' dir='ltr'><strong>intellexi</strong></span> <span class='ocrx_word' id='word_1_9' title='bbox 1109 268 1147 306; x_wconf 90' lang='lat' dir='ltr'><strong>in</strong></span> <span class='ocrx_word' id='word_1_10' title='bbox 1178 267 1284 308; x_wconf 85' lang='lat' dir='ltr'><strong>libris</strong></span> <span class='ocrx_word' id='word_1_11' title='bbox 1313 264 1444 311; x_wconf 82' lang='lat' dir='ltr'><strong>nume-</strong></span> 
     </span>
     <span class='ocr_line' id='line_1_3' title="bbox 131 320 1444 375; baseline 0.008 -18"><span class='ocrx_word' id='word_1_12' title='bbox 131 331 213 357; x_wconf 86' lang='lat' dir='ltr'><strong>rum</strong></span> <span class='ocrx_word' id='word_1_13' title='bbox 249 332 446 359; x_wconf 88' lang='lat' dir='ltr'><strong>annorum.</strong></span> <span class='ocrx_word' id='word_1_14' title='bbox 469 347 478 356; x_wconf 83' lang='lat'><strong>.</strong></span> <span class='ocrx_word' id='word_1_15' title='bbox 516 320 566 359; x_wconf 90' lang='lat' dir='ltr'><strong>Et</strong></span> <span class='ocrx_word' id='word_1_16' title='bbox 596 321 719 360; x_wconf 89' lang='lat' dir='ltr'><strong>adhue</strong></span> <span class='ocrx_word' id='word_1_17' title='bbox 750 336 808 361; x_wconf 91' lang='lat' dir='ltr'><strong>me</strong></span> <span class='ocrx_word' id='word_1_18' title='bbox 840 324 1017 375; x_wconf 84' lang='lat' dir='ltr'><strong>loquente</strong></span> <span class='ocrx_word' id='word_1_19' title='bbox 1048 325 1086 362; x_wconf 93' lang='lat' dir='ltr'><strong>in</strong></span> <span class='ocrx_word' id='word_1_20' title='bbox 1118 327 1310 373; x_wconf 88' lang='lat' dir='ltr'><strong>oratione,</strong></span> <span class='ocrx_word' id='word_1_21' title='bbox 1347 341 1444 368; x_wconf 88' lang='lat' dir='ltr'><strong>eece</strong></span> 
     </span>
     <span class='ocr_line' id='line_1_4' title="bbox 130 373 1444 433; baseline 0.007 -19"><span class='ocrx_word' id='word_1_22' title='bbox 130 377 190 414; x_wconf 90' lang='lat' dir='ltr'><strong>vir</strong></span> <span class='ocrx_word' id='word_1_23' title='bbox 215 373 391 424; x_wconf 88' lang='lat' dir='ltr'><strong>Gabriel,</strong></span> <span class='ocrx_word' id='word_1_24' title='bbox 429 391 537 429; x_wconf 87' lang='lat' dir='ltr'><strong>quem</strong></span> <span class='ocrx_word' id='word_1_25' title='bbox 574 377 651 417; x_wconf 90' lang='lat' dir='ltr'><strong>vidi</strong></span> <span class='ocrx_word' id='word_1_26' title='bbox 682 380 718 417; x_wconf 93' lang='lat' dir='ltr'><strong>in</strong></span> <span class='ocrx_word' id='word_1_27' title='bbox 743 380 888 418; x_wconf 83' lang='lat' dir='ltr'>visione</span> <span class='ocrx_word' id='word_1_28' title='bbox 914 381 951 418; x_wconf 92' lang='lat' dir='ltr'><strong>iu</strong></span> <span class='ocrx_word' id='word_1_29' title='bbox 975 382 1184 433; x_wconf 91' lang='lat' dir='ltr'><strong>principio,</strong></span> <span class='ocrx_word' id='word_1_30' title='bbox 1219 383 1371 431; x_wconf 87' lang='lat' dir='ltr'><strong>volans,</strong></span> <span class='ocrx_word' id='word_1_31' title='bbox 1403 391 1444 423; x_wconf 89' lang='lat' dir='ltr'><strong>et</strong></span> 
     </span>
     <span class='ocr_line' id='line_1_5' title="bbox 129 432 1444 490; baseline 0.007 -20"><span class='ocrx_word' id='word_1_32' title='bbox 129 432 258 484; x_wconf 83' lang='lat' dir='ltr'><strong>tetigit</strong></span> <span class='ocrx_word' id='word_1_33' title='bbox 274 446 348 480; x_wconf 88' lang='lat' dir='ltr'><strong>me,</strong></span> <span class='ocrx_word' id='word_1_34' title='bbox 374 436 479 485; x_wconf 85' lang='lat' dir='ltr'><strong>quasi</strong></span> <span class='ocrx_word' id='word_1_35' title='bbox 499 435 595 473; x_wconf 88' lang='lat' dir='ltr'><strong>hora</strong></span> <span class='ocrx_word' id='word_1_36' title='bbox 612 436 791 474; x_wconf 86' lang='lat' dir='ltr'><strong>sacrificii</strong></span> <span class='ocrx_word' id='word_1_37' title='bbox 810 439 1028 487; x_wconf 85' lang='lat' dir='ltr'><strong>vespertini,</strong></span> <span class='ocrx_word' id='word_1_38' title='bbox 1055 445 1095 476; x_wconf 93' lang='lat' dir='ltr'><strong>et</strong></span> <span class='ocrx_word' id='word_1_39' title='bbox 1112 439 1327 490; x_wconf 86' lang='lat' dir='ltr'><strong>intelligere</strong></span> <span class='ocrx_word' id='word_1_40' title='bbox 1347 440 1444 480; x_wconf 80' lang='lat' dir='ltr'><strong>fecit</strong></span> 
     </span>
     <span class='ocr_line' id='line_1_6' title="bbox 129 490 1443 541; baseline 0.006 -14"><span class='ocrx_word' id='word_1_41' title='bbox 129 501 203 535; x_wconf 85' lang='lat' dir='ltr'><strong>me,</strong></span> <span class='ocrx_word' id='word_1_42' title='bbox 229 496 270 528; x_wconf 87' lang='lat' dir='ltr'><strong>et</strong></span> <span class='ocrx_word' id='word_1_43' title='bbox 293 490 444 529; x_wconf 82' lang='lat' dir='ltr'><strong>locutus</strong></span> <span class='ocrx_word' id='word_1_44' title='bbox 468 499 528 529; x_wconf 86' lang='lat' dir='ltr'><strong>est</strong></span> <span class='ocrx_word' id='word_1_45' title='bbox 551 505 711 539; x_wconf 91' lang='lat' dir='ltr'><strong>mecum,</strong></span> <span class='ocrx_word' id='word_1_46' title='bbox 738 500 777 530; x_wconf 91' lang='lat' dir='ltr'><strong>et</strong></span> <span class='ocrx_word' id='word_1_47' title='bbox 801 492 912 531; x_wconf 84' lang='lat' dir='ltr'>dixit:</span> <span class='ocrx_word' id='word_1_48' title='bbox 945 493 1093 541; x_wconf 81' lang='lat' dir='ltr'><strong>Daniel,</strong></span> <span class='ocrx_word' id='word_1_49' title='bbox 1125 508 1223 534; x_wconf 93' lang='lat' dir='ltr'><strong>nnnc</strong></span> <span class='ocrx_word' id='word_1_50' title='bbox 1249 497 1349 534; x_wconf 85' lang='lat' dir='ltr'><strong>exivi</strong></span> <span class='ocrx_word' id='word_1_51' title='bbox 1373 498 1443 535; x_wconf 90' lang='lat' dir='ltr'><strong>im-</strong></span> 
     </span>
     <span class='ocr_line' id='line_1_7' title="bbox 128 544 1444 601; baseline 0.007 -18"><span class='ocrx_word' id='word_1_52' title='bbox 128 544 248 584; x_wconf 88' lang='lat' dir='ltr'><strong>buere</strong></span> <span class='ocrx_word' id='word_1_53' title='bbox 272 553 312 585; x_wconf 90' lang='lat' dir='ltr'><strong>te</strong></span> <span class='ocrx_word' id='word_1_54' title='bbox 337 548 602 598; x_wconf 80' lang='lat' dir='ltr'><strong>intelligentia,</strong></span> <span class='ocrx_word' id='word_1_55' title='bbox 634 550 672 586; x_wconf 92' lang='lat' dir='ltr'><strong>in</strong></span> <span class='ocrx_word' id='word_1_56' title='bbox 696 550 884 601; x_wconf 85' lang='lat' dir='ltr'><strong>principio</strong></span> <span class='ocrx_word' id='word_1_57' title='bbox 911 550 1188 590; x_wconf 80' lang='lat' dir='ltr'><strong>obsecrationis</strong></span> <span class='ocrx_word' id='word_1_58' title='bbox 1212 559 1299 591; x_wconf 90' lang='lat' dir='ltr'><strong>tuae</strong></span> <span class='ocrx_word' id='word_1_59' title='bbox 1325 554 1444 592; x_wconf 77' lang='lat' dir='ltr'><strong>exivit</strong></span> 
     </span>
     <span class='ocr_line' id='line_1_8' title="bbox 128 602 1443 659; baseline 0.006 -19"><span class='ocrx_word' id='word_1_60' title='bbox 128 614 268 643; x_wconf 86' lang='lat' dir='ltr'><strong>sermo.</strong></span> <span class='ocrx_word' id='word_1_61' title='bbox 326 602 378 641; x_wconf 88' lang='lat' dir='ltr'><strong>Et</strong></span> <span class='ocrx_word' id='word_1_62' title='bbox 402 616 476 656; x_wconf 87' lang='lat' dir='ltr'><strong>ego</strong></span> <span class='ocrx_word' id='word_1_63' title='bbox 500 606 607 652; x_wconf 91' lang='lat' dir='ltr'><strong>veni,</strong></span> <span class='ocrx_word' id='word_1_64' title='bbox 645 612 685 643; x_wconf 92' lang='lat' dir='ltr'><strong>ut</strong></span> <span class='ocrx_word' id='word_1_65' title='bbox 709 605 925 644; x_wconf 78' lang='lat' dir='ltr'><strong>adnuntiem</strong></span> <span class='ocrx_word' id='word_1_66' title='bbox 950 608 1037 654; x_wconf 88' lang='lat' dir='ltr'><strong>tibi,</strong></span> <span class='ocrx_word' id='word_1_67' title='bbox 1076 609 1163 659; x_wconf 88' lang='lat' dir='ltr'><strong>quia</strong></span> <span class='ocrx_word' id='word_1_68' title='bbox 1196 610 1256 646; x_wconf 90' lang='lat' dir='ltr'><strong>vir</strong></span> <span class='ocrx_word' id='word_1_69' title='bbox 1291 608 1443 648; x_wconf 88' lang='lat' dir='ltr'><strong>deside-</strong></span> 
     </span>
     <span class='ocr_line' id='line_1_9' title="bbox 128 659 1442 715; baseline 0.005 -18"><span class='ocrx_word' id='word_1_70' title='bbox 128 659 270 698; x_wconf 82' lang='lat' dir='ltr'><strong>riorum</strong></span> <span class='ocrx_word' id='word_1_71' title='bbox 306 666 347 698; x_wconf 89' lang='lat' dir='ltr'><strong>tu</strong></span> <span class='ocrx_word' id='word_1_72' title='bbox 382 673 437 707; x_wconf 92' lang='lat' dir='ltr'><strong>es,</strong></span> <span class='ocrx_word' id='word_1_73' title='bbox 475 668 515 699; x_wconf 90' lang='lat' dir='ltr'><strong>et</strong></span> <span class='ocrx_word' id='word_1_74' title='bbox 552 663 682 712; x_wconf 84' lang='lat' dir='ltr'><strong>cogita</strong></span> <span class='ocrx_word' id='word_1_75' title='bbox 717 664 755 700; x_wconf 91' lang='lat' dir='ltr'><strong>in</strong></span> <span class='ocrx_word' id='word_1_76' title='bbox 792 663 909 701; x_wconf 90' lang='lat' dir='ltr'><strong>verbo</strong></span> <span class='ocrx_word' id='word_1_77' title='bbox 941 671 981 702; x_wconf 89' lang='lat' dir='ltr'><strong>et</strong></span> <span class='ocrx_word' id='word_1_78' title='bbox 1010 665 1181 715; x_wconf 87' lang='lat' dir='ltr'><strong>intellige</strong></span> <span class='ocrx_word' id='word_1_79' title='bbox 1211 666 1250 703; x_wconf 93' lang='lat' dir='ltr'><strong>in</strong></span> <span class='ocrx_word' id='word_1_80' title='bbox 1280 666 1442 704; x_wconf 84' lang='lat' dir='ltr'><strong>visione.</strong></span> 
     </span>
     <span class='ocr_line' id='line_1_10' title="bbox 127 713 1443 771; baseline 0.005 -17"><span class='ocrx_word' id='word_1_81' title='bbox 127 713 236 754; x_wconf 85' lang='lat' dir='ltr'><strong>LXX</strong></span> <span class='ocrx_word' id='word_1_82' title='bbox 259 715 519 756; x_wconf 80' lang='lat' dir='ltr'><strong>hebdomadae</strong></span> <span class='ocrx_word' id='word_1_83' title='bbox 544 718 740 757; x_wconf 83' lang='lat' dir='ltr'><strong>breviatae</strong></span> <span class='ocrx_word' id='word_1_84' title='bbox 771 727 856 756; x_wconf 91' lang='lat' dir='ltr'><strong>sunt</strong></span> <span class='ocrx_word' id='word_1_85' title='bbox 880 733 995 770; x_wconf 89' lang='lat' dir='ltr'><strong>super</strong></span> <span class='ocrx_word' id='word_1_86' title='bbox 1017 721 1167 771; x_wconf 86' lang='lat' dir='ltr'><strong>plebem</strong></span> <span class='ocrx_word' id='word_1_87' title='bbox 1192 728 1291 759; x_wconf 85' lang='lat' dir='ltr'><strong>tuam</strong></span> <span class='ocrx_word' id='word_1_88' title='bbox 1318 729 1358 760; x_wconf 89' lang='lat' dir='ltr'><strong>et</strong></span> <span class='ocrx_word' id='word_1_89' title='bbox 1381 735 1443 760; x_wconf 90' lang='lat' dir='ltr'><strong>su·</strong></span> 
     </span>
     <span class='ocr_line' id='line_1_11' title="bbox 125 772 1445 825; baseline 0.005 -15"><span class='ocrx_word' id='word_1_90' title='bbox 125 783 199 823; x_wconf 84' lang='lat' dir='ltr'><strong>per</strong></span> <span class='ocrx_word' id='word_1_91' title='bbox 216 772 407 811; x_wconf 83' lang='lat' dir='ltr'><strong>civitatem</strong></span> <span class='ocrx_word' id='word_1_92' title='bbox 426 781 609 820; x_wconf 85' lang='lat' dir='ltr'><strong>sanctam,</strong></span> <span class='ocrx_word' id='word_1_93' title='bbox 635 773 760 825; x_wconf 90' lang='lat' dir='ltr'><strong>quoad</strong></span> <span class='ocrx_word' id='word_1_94' title='bbox 784 787 901 825; x_wconf 86' lang='lat' dir='ltr'><strong>usque</strong></span> <span class='ocrx_word' id='word_1_95' title='bbox 926 776 1162 814; x_wconf 85' lang='lat' dir='ltr'><strong>inveteretur</strong></span> <span class='ocrx_word' id='word_1_96' title='bbox 1186 776 1378 823; x_wconf 85' lang='lat' dir='ltr'><strong>delictum,</strong></span> <span class='ocrx_word' id='word_1_97' title='bbox 1404 784 1445 816; x_wconf 86' lang='lat' dir='ltr'><strong>et</strong></span> 
     </span>
     <span class='ocr_line' id='line_1_12' title="bbox 125 828 1443 880; baseline 0.003 -14"><span class='ocrx_word' id='word_1_98' title='bbox 125 828 327 879; x_wconf 80' lang='lat' dir='ltr'><strong>signentur</strong></span> <span class='ocrx_word' id='word_1_99' title='bbox 336 836 511 880; x_wconf 84' lang='lat' dir='ltr'><strong>peccata,</strong></span> <span class='ocrx_word' id='word_1_100' title='bbox 538 836 579 867; x_wconf 89' lang='lat' dir='ltr'><strong>et</strong></span> <span class='ocrx_word' id='word_1_101' title='bbox 598 837 806 867; x_wconf 87' lang='lat' dir='ltr'><strong>exorentur</strong></span> <span class='ocrx_word' id='word_1_102' title='bbox 823 831 1003 876; x_wconf 87' lang='lat' dir='ltr'><strong>iustitiae,</strong></span> <span class='ocrx_word' id='word_1_103' title='bbox 1030 839 1070 869; x_wconf 93' lang='lat' dir='ltr'><strong>et</strong></span> <span class='ocrx_word' id='word_1_104' title='bbox 1087 831 1290 870; x_wconf 90' lang='lat' dir='ltr'><strong>inducatur</strong></span> <span class='ocrx_word' id='word_1_105' title='bbox 1301 834 1443 870; x_wconf 87' lang='lat' dir='ltr'><strong>iustitia</strong></span> 
     </span>
     <span class='ocr_line' id='line_1_13' title="bbox 125 886 1446 939; baseline 0.005 -18"><span class='ocrx_word' id='word_1_106' title='bbox 125 890 305 930; x_wconf 84' lang='lat' dir='ltr'><strong>aeterna,</strong></span> <span class='ocrx_word' id='word_1_107' title='bbox 342 891 382 922; x_wconf 90' lang='lat' dir='ltr'><strong>et</strong></span> <span class='ocrx_word' id='word_1_108' title='bbox 410 892 452 922; x_wconf 88' lang='lat' dir='ltr'><strong>ut</strong></span> <span class='ocrx_word' id='word_1_109' title='bbox 481 886 654 935; x_wconf 85' lang='lat' dir='ltr'><strong>signetur</strong></span> <span class='ocrx_word' id='word_1_110' title='bbox 682 886 778 923; x_wconf 89' lang='lat' dir='ltr'><strong>visio</strong></span> <span class='ocrx_word' id='word_1_111' title='bbox 808 892 849 923; x_wconf 89' lang='lat' dir='ltr'><strong>et</strong></span> <span class='ocrx_word' id='word_1_112' title='bbox 878 886 1105 937; x_wconf 87' lang='lat' dir='ltr'><strong>prophetes,</strong></span> <span class='ocrx_word' id='word_1_113' title='bbox 1144 894 1184 925; x_wconf 91' lang='lat' dir='ltr'><strong>et</strong></span> <span class='ocrx_word' id='word_1_114' title='bbox 1211 895 1253 926; x_wconf 88' lang='lat' dir='ltr'><strong>ut</strong></span> <span class='ocrx_word' id='word_1_115' title='bbox 1281 895 1446 939; x_wconf 90' lang='lat' dir='ltr'><strong>ungatur</strong></span> 
     </span>
     <span class='ocr_line' id='line_1_14' title="bbox 125 941 1444 995; baseline 0.003 -17"><span class='ocrx_word' id='word_1_116' title='bbox 125 946 280 978; x_wconf 80' lang='lat' dir='ltr'><strong>sanctus</strong></span> <span class='ocrx_word' id='word_1_117' title='bbox 309 947 540 979; x_wconf 88' lang='lat' dir='ltr'><strong>sanctornm.</strong></span> <span class='ocrx_word' id='word_1_118' title='bbox 612 941 664 978; x_wconf 89' lang='lat' dir='ltr'><strong>Et</strong></span> <span class='ocrx_word' id='word_1_119' title='bbox 698 942 798 979; x_wconf 91' lang='lat' dir='ltr'><strong>scies</strong></span> <span class='ocrx_word' id='word_1_120' title='bbox 835 948 874 979; x_wconf 91' lang='lat' dir='ltr'><strong>et</strong></span> <span class='ocrx_word' id='word_1_121' title='bbox 907 944 1117 994; x_wconf 85' lang='lat' dir='ltr'><strong>perspicies</strong></span> <span class='ocrx_word' id='word_1_122' title='bbox 1142 951 1182 981; x_wconf 91' lang='lat' dir='ltr'><strong>et</strong></span> <span class='ocrx_word' id='word_1_123' title='bbox 1205 945 1396 995; x_wconf 85' lang='lat' dir='ltr'><strong>intelliges</strong></span> <span class='ocrx_word' id='word_1_124' title='bbox 1420 958 1444 982; x_wconf 85' lang='lat' dir='ltr'><strong>a</strong></span> 
     </span>
     <span class='ocr_line' id='line_1_15' title="bbox 123 996 1441 1048; baseline 0.003 -14"><span class='ocrx_word' id='word_1_125' title='bbox 123 996 367 1047; x_wconf 78' lang='lat' dir='ltr'><strong>profectione</strong></span> <span class='ocrx_word' id='word_1_126' title='bbox 381 998 574 1035; x_wconf 84' lang='lat' dir='ltr'><strong>sermonis</strong></span> <span class='ocrx_word' id='word_1_127' title='bbox 594 996 821 1048; x_wconf 84' lang='lat' dir='ltr'><strong>integrando</strong></span> <span class='ocrx_word' id='word_1_128' title='bbox 842 1004 882 1035; x_wconf 90' lang='lat' dir='ltr'><strong>et</strong></span> <span class='ocrx_word' id='word_1_129' title='bbox 898 997 1184 1036; x_wconf 81' lang='lat' dir='ltr'><strong>reaedificando</strong></span> <span class='ocrx_word' id='word_1_130' title='bbox 1206 999 1441 1038; x_wconf 83' lang='lat' dir='ltr'><strong>Hierusalem</strong></span> 
     </span>
     <span class='ocr_line' id='line_1_16' title="bbox 124 1051 1442 1108; baseline 0.003 -18"><span class='ocrx_word' id='word_1_131' title='bbox 124 1064 244 1103; x_wconf 82' lang='lat' dir='ltr'><strong>usque</strong></span> <span class='ocrx_word' id='word_1_132' title='bbox 269 1051 318 1090; x_wconf 88' lang='lat' dir='ltr'><strong>ad</strong></span> <span class='ocrx_word' id='word_1_133' title='bbox 343 1052 532 1091; x_wconf 89' lang='lat' dir='ltr'><strong>Christum</strong></span> <span class='ocrx_word' id='word_1_134' title='bbox 565 1052 700 1091; x_wconf 92' lang='lat' dir='ltr'><strong>ducem</strong></span> <span class='ocrx_word' id='word_1_135' title='bbox 731 1052 988 1091; x_wconf 88' lang='lat' dir='ltr'><strong>hebdomadas</strong></span> <span class='ocrx_word' id='word_1_136' title='bbox 1017 1061 1161 1105; x_wconf 84' lang='lat' dir='ltr'><strong>septem</strong></span> <span class='ocrx_word' id='word_1_137' title='bbox 1187 1062 1225 1093; x_wconf 90' lang='lat' dir='ltr'><strong>et</strong></span> <span class='ocrx_word' id='word_1_138' title='bbox 1250 1051 1442 1108; x_wconf 84' lang='lat' dir='ltr'><strong>dimidiam</strong></span> 
     </span>
     <span class='ocr_line' id='line_1_17' title="bbox 125 1107 1442 1158; baseline 0.002 -12"><span class='ocrx_word' id='word_1_139' title='bbox 125 1115 166 1147; x_wconf 91' lang='lat' dir='ltr'><strong>et</strong></span> <span class='ocrx_word' id='word_1_140' title='bbox 184 1107 292 1147; x_wconf 87' lang='lat' dir='ltr'>LXII</span> <span class='ocrx_word' id='word_1_141' title='bbox 312 1115 353 1147; x_wconf 89' lang='lat' dir='ltr'><strong>et</strong></span> <span class='ocrx_word' id='word_1_142' title='bbox 371 1107 636 1158; x_wconf 81' lang='lat' dir='ltr'><strong>dimidiam31)</strong></span> <span class='ocrx_word' id='word_1_143' title='bbox 662 1116 703 1147; x_wconf 91' lang='lat' dir='ltr'><strong>et</strong></span> <span class='ocrx_word' id='word_1_144' title='bbox 727 1116 928 1147; x_wconf 88' lang='lat' dir='ltr'><strong>convertet</strong></span> <span class='ocrx_word' id='word_1_145' title='bbox 952 1117 992 1147; x_wconf 90' lang='lat' dir='ltr'><strong>et</strong></span> <span class='ocrx_word' id='word_1_146' title='bbox 1015 1109 1280 1149; x_wconf 88' lang='lat' dir='ltr'><strong>aedificabitur</strong></span> <span class='ocrx_word' id='word_1_147' title='bbox 1303 1112 1341 1149; x_wconf 90' lang='lat' dir='ltr'><strong>in</strong></span> <span class='ocrx_word' id='word_1_148' title='bbox 1362 1112 1442 1150; x_wconf 89' lang='lat' dir='ltr'><strong>lae-</strong></span> 
     </span>
     <span class='ocr_line' id='line_1_18' title="bbox 125 1164 1442 1220; baseline 0.003 -18"><span class='ocrx_word' id='word_1_149' title='bbox 125 1164 245 1203; x_wconf 85' lang='lat' dir='ltr'><strong>titiam</strong></span> <span class='ocrx_word' id='word_1_150' title='bbox 270 1171 311 1203; x_wconf 89' lang='lat' dir='ltr'><strong>et</strong></span> <span class='ocrx_word' id='word_1_151' title='bbox 334 1166 672 1211; x_wconf 87' lang='lat' dir='ltr'><strong>convallationem,</strong></span> <span class='ocrx_word' id='word_1_152' title='bbox 705 1172 745 1203; x_wconf 89' lang='lat' dir='ltr'><strong>et</strong></span> <span class='ocrx_word' id='word_1_153' title='bbox 769 1166 1048 1204; x_wconf 84' lang='lat' dir='ltr'><strong>innovabuntur</strong></span> <span class='ocrx_word' id='word_1_154' title='bbox 1070 1174 1260 1218; x_wconf 70' lang='lat' dir='ltr'><strong>tempora,</strong></span> <span class='ocrx_word' id='word_1_155' title='bbox 1292 1174 1331 1205; x_wconf 92' lang='lat' dir='ltr'><strong>et</strong></span> <span class='ocrx_word' id='word_1_156' title='bbox 1354 1175 1442 1220; x_wconf 85' lang='lat' dir='ltr'><strong>post</strong></span> 
     </span>
     <span class='ocr_line' id='line_1_19' title="bbox 123 1220 1440 1272; baseline 0.002 -13"><span class='ocrx_word' id='word_1_157' title='bbox 123 1220 384 1259; x_wconf 80' lang='lat' dir='ltr'><strong>hebdomadas</strong></span> <span class='ocrx_word' id='word_1_158' title='bbox 408 1221 476 1259; x_wconf 91' lang='lat' dir='ltr'><strong>has</strong></span> <span class='ocrx_word' id='word_1_159' title='bbox 495 1220 706 1272; x_wconf 71' lang='lat' dir='ltr'><strong>LXX1L2)</strong></span> <span class='ocrx_word' id='word_1_160' title='bbox 730 1228 770 1259; x_wconf 89' lang='lat' dir='ltr'><strong>et</strong></span> <span class='ocrx_word' id='word_1_161' title='bbox 793 1223 1109 1261; x_wconf 84' lang='lat' dir='ltr'><strong>exterminabitur</strong></span> <span class='ocrx_word' id='word_1_162' title='bbox 1133 1224 1274 1270; x_wconf 89' lang='lat' dir='ltr'><strong>unctio,</strong></span> <span class='ocrx_word' id='word_1_163' title='bbox 1301 1231 1341 1262; x_wconf 90' lang='lat' dir='ltr'><strong>et</strong></span> <span class='ocrx_word' id='word_1_164' title='bbox 1364 1237 1440 1262; x_wconf 91' lang='lat' dir='ltr'><strong>non</strong></span> 
     </span>
     <span class='ocr_line' id='line_1_20' title="bbox 123 1278 1441 1327; baseline 0.002 -11"><span class='ocrx_word' id='word_1_165' title='bbox 123 1278 217 1325; x_wconf 81' lang='lat' dir='ltr'><strong>erit3</strong></span> <span class='ocrx_word' id='word_1_166' title='bbox 243 1284 284 1316; x_wconf 90' lang='lat' dir='ltr'><strong>et</strong></span> <span class='ocrx_word' id='word_1_167' title='bbox 307 1279 499 1316; x_wconf 84' lang='lat' dir='ltr'><strong>civitatem</strong></span> <span class='ocrx_word' id='word_1_168' title='bbox 525 1284 566 1316; x_wconf 87' lang='lat' dir='ltr'><strong>et</strong></span> <span class='ocrx_word' id='word_1_169' title='bbox 588 1284 758 1315; x_wconf 92' lang='lat' dir='ltr'><strong>sanctum</strong></span> <span class='ocrx_word' id='word_1_170' title='bbox 773 1279 810 1327; x_wconf 80' lang='lat'><strong>³)</strong></span> <span class='ocrx_word' id='word_1_171' title='bbox 844 1279 1113 1318; x_wconf 84' lang='lat' dir='ltr'><strong>exterminabit</strong></span> <span class='ocrx_word' id='word_1_172' title='bbox 1142 1293 1226 1318; x_wconf 93' lang='lat' dir='ltr'><strong>cum</strong></span> <span class='ocrx_word' id='word_1_173' title='bbox 1250 1279 1347 1318; x_wconf 90' lang='lat' dir='ltr'><strong>duce</strong></span> <span class='ocrx_word' id='word_1_174' title='bbox 1372 1279 1441 1319; x_wconf 88' lang='lat' dir='ltr'><strong>ad-</strong></span> 
     </span>
     <span class='ocr_line' id='line_1_21' title="bbox 123 1333 1442 1388; baseline 0.002 -16"><span class='ocrx_word' id='word_1_175' title='bbox 123 1335 316 1380; x_wconf 85' lang='lat' dir='ltr'><strong>veniente,</strong></span> <span class='ocrx_word' id='word_1_176' title='bbox 348 1341 388 1373; x_wconf 92' lang='lat' dir='ltr'><strong>et</strong></span> <span class='ocrx_word' id='word_1_177' title='bbox 412 1333 676 1380; x_wconf 90' lang='lat' dir='ltr'><strong>concidentur,</strong></span> <span class='ocrx_word' id='word_1_178' title='bbox 709 1333 899 1385; x_wconf 91' lang='lat' dir='ltr'><strong>quomodo</strong></span> <span class='ocrx_word' id='word_1_179' title='bbox 926 1336 964 1373; x_wconf 91' lang='lat' dir='ltr'><strong>in</strong></span> <span class='ocrx_word' id='word_1_180' title='bbox 990 1336 1224 1387; x_wconf 83' lang='lat' dir='ltr'><strong>cataclysmo</strong></span> <span class='ocrx_word' id='word_1_181' title='bbox 1248 1349 1366 1388; x_wconf 87' lang='lat' dir='ltr'><strong>nsque</strong></span> <span class='ocrx_word' id='word_1_182' title='bbox 1392 1335 1442 1375; x_wconf 87' lang='lat' dir='ltr'><strong>ad</strong></span> 
     </span>
     <span class='ocr_line' id='line_1_22' title="bbox 125 1390 1442 1442; baseline 0.002 -13"><span class='ocrx_word' id='word_1_183' title='bbox 125 1390 238 1429; x_wconf 82' lang='lat' dir='ltr'><strong>linem</strong></span> <span class='ocrx_word' id='word_1_184' title='bbox 261 1391 365 1438; x_wconf 91' lang='lat' dir='ltr'><strong>belli,</strong></span> <span class='ocrx_word' id='word_1_185' title='bbox 398 1390 500 1442; x_wconf 87' lang='lat' dir='ltr'><strong>quod</strong></span> <span class='ocrx_word' id='word_1_186' title='bbox 525 1390 753 1429; x_wconf 87' lang='lat' dir='ltr'><strong>concidetur</strong></span> <span class='ocrx_word' id='word_1_187' title='bbox 775 1404 894 1442; x_wconf 90' lang='lat' dir='ltr'><strong>usque</strong></span> <span class='ocrx_word' id='word_1_188' title='bbox 918 1390 968 1429; x_wconf 88' lang='lat' dir='ltr'><strong>ad</strong></span> <span class='ocrx_word' id='word_1_189' title='bbox 992 1393 1203 1439; x_wconf 71' lang='lat' dir='ltr'><strong>interitum,</strong></span> <span class='ocrx_word' id='word_1_190' title='bbox 1236 1400 1276 1430; x_wconf 88' lang='lat' dir='ltr'><strong>et</strong></span> <span class='ocrx_word' id='word_1_191' title='bbox 1300 1393 1442 1431; x_wconf 87' lang='lat' dir='ltr'><strong>confir-</strong></span> 
     </span>
     <span class='ocr_line' id='line_1_23' title="bbox 123 1446 1443 1488; baseline 0.002 -4"><span class='ocrx_word' id='word_1_192' title='bbox 123 1446 241 1485; x_wconf 88' lang='lat' dir='ltr'><strong>mabit</strong></span> <span class='ocrx_word' id='word_1_193' title='bbox 269 1454 536 1488; x_wconf 84' lang='lat' dir='ltr'><strong>testamentum</strong></span> <span class='ocrx_word' id='word_1_194' title='bbox 567 1449 605 1485; x_wconf 91' lang='lat' dir='ltr'><strong>in</strong></span> <span class='ocrx_word' id='word_1_195' title='bbox 635 1447 773 1485; x_wconf 88' lang='lat' dir='ltr'><strong>multis.</strong></span> <span class='ocrx_word' id='word_1_196' title='bbox 846 1447 1094 1486; x_wconf 89' lang='lat' dir='ltr'><strong>Hebdomada</strong></span> <span class='ocrx_word' id='word_1_197' title='bbox 1123 1461 1198 1485; x_wconf 88' lang='lat' dir='ltr'><strong>una</strong></span> <span class='ocrx_word' id='word_1_198' title='bbox 1222 1455 1262 1486; x_wconf 89' lang='lat' dir='ltr'><strong>et</strong></span> <span class='ocrx_word' id='word_1_199' title='bbox 1285 1447 1443 1487; x_wconf 85' lang='lat' dir='ltr'><strong>dimidia</strong></span> 
     </span>
     <span class='ocr_line' id='line_1_24' title="bbox 121 1502 1441 1551; baseline 0.001 -9"><span class='ocrx_word' id='word_1_200' title='bbox 121 1502 372 1542; x_wconf 82' lang='lat' dir='ltr'><strong>hebdomadis</strong></span> <span class='ocrx_word' id='word_1_201' title='bbox 406 1505 605 1542; x_wconf 83' lang='lat' dir='ltr'><strong>auferetur</strong></span> <span class='ocrx_word' id='word_1_202' title='bbox 637 1516 760 1542; x_wconf 91' lang='lat' dir='ltr'><strong>meum</strong></span> <span class='ocrx_word' id='word_1_203' title='bbox 796 1504 1024 1542; x_wconf 88' lang='lat' dir='ltr'><strong>sacrificium</strong></span> <span class='ocrx_word' id='word_1_204' title='bbox 1061 1511 1102 1542; x_wconf 90' lang='lat' dir='ltr'><strong>et</strong></span> <span class='ocrx_word' id='word_1_205' title='bbox 1138 1504 1289 1551; x_wconf 84' lang='lat' dir='ltr'><strong>libatio,</strong></span> <span class='ocrx_word' id='word_1_206' title='bbox 1328 1512 1368 1543; x_wconf 89' lang='lat' dir='ltr'><strong>et</strong></span> <span class='ocrx_word' id='word_1_207' title='bbox 1402 1506 1441 1543; x_wconf 92' lang='lat' dir='ltr'><strong>in</strong></span> 
     </span>
     <span class='ocr_line' id='line_1_25' title="bbox 121 1559 1441 1611; baseline 0.001 -13"><span class='ocrx_word' id='word_1_208' title='bbox 121 1566 257 1598; x_wconf 82' lang='lat' dir='ltr'><strong>sancto</strong></span> <span class='ocrx_word' id='word_1_209' title='bbox 289 1561 508 1598; x_wconf 84' lang='lat' dir='ltr'><strong>exsecratio</strong></span> <span class='ocrx_word' id='word_1_210' title='bbox 538 1561 782 1606; x_wconf 77' lang='lat' dir='ltr'><strong>vastationis,</strong></span> <span class='ocrx_word' id='word_1_211' title='bbox 819 1566 860 1598; x_wconf 90' lang='lat' dir='ltr'><strong>et</strong></span> <span class='ocrx_word' id='word_1_212' title='bbox 888 1572 1007 1610; x_wconf 89' lang='lat' dir='ltr'><strong>usque</strong></span> <span class='ocrx_word' id='word_1_213' title='bbox 1038 1559 1086 1598; x_wconf 89' lang='lat' dir='ltr'><strong>ad</strong></span> <span class='ocrx_word' id='word_1_214' title='bbox 1117 1560 1227 1598; x_wconf 86' lang='lat' dir='ltr'><strong>finem</strong></span> <span class='ocrx_word' id='word_1_215' title='bbox 1258 1563 1441 1611; x_wconf 84' lang='lat' dir='ltr'><strong>temporis</strong></span> 
     </span>
     <span class='ocr_line' id='line_1_26' title="bbox 120 1614 1441 1666; baseline -0.001 -12"><span class='ocrx_word' id='word_1_216' title='bbox 120 1618 397 1655; x_wconf 77' lang='lat' dir='ltr'><strong>consummatio</strong></span> <span class='ocrx_word' id='word_1_217' title='bbox 428 1616 583 1654; x_wconf 87' lang='lat' dir='ltr'><strong>dabitur</strong></span> <span class='ocrx_word' id='word_1_218' title='bbox 611 1628 727 1666; x_wconf 88' lang='lat' dir='ltr'><strong>super</strong></span> <span class='ocrx_word' id='word_1_219' title='bbox 755 1616 827 1653; x_wconf 89' lang='lat' dir='ltr'><strong>hac</strong></span> <span class='ocrx_word' id='word_1_220' title='bbox 851 1617 1078 1653; x_wconf 79' lang='lat' dir='ltr'><strong>vastatione.</strong></span> <span class='ocrx_word' id='word_1_221' title='bbox 1090 1617 1130 1662; x_wconf 75' lang='lat'><strong>⁴)</strong></span> <span class='ocrx_word' id='word_1_222' title='bbox 1188 1614 1441 1653; x_wconf 84' lang='lat' dir='ltr'><strong>Animadver-</strong></span> 
     </span>
     <span class='ocr_line' id='line_1_27' title="bbox 119 1668 1440 1734; baseline -0.001 -24"><span class='ocrx_word' id='word_1_223' title='bbox 119 1679 244 1710; x_wconf 79' lang='lat' dir='ltr'><strong>tamus</strong></span> <span class='ocrx_word' id='word_1_224' title='bbox 273 1673 392 1722; x_wconf 83' lang='lat' dir='ltr'><strong>igitur</strong></span> <span class='ocrx_word' id='word_1_225' title='bbox 421 1673 640 1734; x_wconf 49' lang='lat' dir='ltr'><strong>terminum,</strong></span> <span class='ocrx_word' id='word_1_226' title='bbox 673 1669 862 1720; x_wconf 88' lang='lat' dir='ltr'><strong>quomodo</strong></span> <span class='ocrx_word' id='word_1_227' title='bbox 886 1671 924 1707; x_wconf 89' lang='lat' dir='ltr'><strong>in</strong></span> <span class='ocrx_word' id='word_1_228' title='bbox 948 1682 1042 1707; x_wconf 89' lang='lat' dir='ltr'><strong>vero</strong></span> <span class='ocrx_word' id='word_1_229' title='bbox 1066 1668 1258 1720; x_wconf 70' lang='lat' dir='ltr'><strong>praedixit</strong></span> <span class='ocrx_word' id='word_1_230' title='bbox 1270 1671 1309 1720; x_wconf 87' lang='lat'><strong>⁵)</strong></span> <span class='ocrx_word' id='word_1_231' title='bbox 1332 1670 1440 1709; x_wconf 88' lang='lat' dir='ltr'><strong>LXX</strong></span> 
     </span>
     <span class='ocr_line' id='line_1_28' title="bbox 120 1725 1439 1775; baseline -0.001 -10"><span class='ocrx_word' id='word_1_232' title='bbox 120 1726 381 1765; x_wconf 85' lang='lat' dir='ltr'><strong>hebdomadas</strong></span> <span class='ocrx_word' id='word_1_233' title='bbox 417 1728 580 1771; x_wconf 84' lang='lat' dir='ltr'><strong>futuras,</strong></span> <span class='ocrx_word' id='word_1_234' title='bbox 618 1727 656 1762; x_wconf 92' lang='lat' dir='ltr'><strong>iu</strong></span> <span class='ocrx_word' id='word_1_235' title='bbox 689 1725 822 1775; x_wconf 91' lang='lat' dir='ltr'><strong>quibus</strong></span> <span class='ocrx_word' id='word_1_236' title='bbox 851 1726 884 1762; x_wconf 91' lang='lat' dir='ltr'><strong>si</strong></span> <span class='ocrx_word' id='word_1_237' title='bbox 913 1727 1134 1775; x_wconf 88' lang='lat' dir='ltr'><strong>receperint</strong></span> <span class='ocrx_word' id='word_1_238' title='bbox 1165 1738 1268 1772; x_wconf 85' lang='lat' dir='ltr'><strong>eum,</strong></span> <span class='ocrx_word' id='word_1_239' title='bbox 1305 1725 1439 1764; x_wconf 84' lang='lat' dir='ltr'><strong>aedifi·</strong></span> 
     </span>
     <span class='ocr_line' id='line_1_29' title="bbox 122 1779 1439 1830; baseline -0.001 -9"><span class='ocrx_word' id='word_1_240' title='bbox 122 1782 276 1821; x_wconf 86' lang='lat' dir='ltr'><strong>cabitur</strong></span> <span class='ocrx_word' id='word_1_241' title='bbox 297 1783 336 1820; x_wconf 90' lang='lat' dir='ltr'><strong>in</strong></span> <span class='ocrx_word' id='word_1_242' title='bbox 362 1781 600 1822; x_wconf 89' lang='lat' dir='ltr'><strong>latitudinem</strong></span> <span class='ocrx_word' id='word_1_243' title='bbox 632 1787 672 1818; x_wconf 91' lang='lat' dir='ltr'><strong>et</strong></span> <span class='ocrx_word' id='word_1_244' title='bbox 701 1782 739 1817; x_wconf 91' lang='lat' dir='ltr'><strong>in</strong></span> <span class='ocrx_word' id='word_1_245' title='bbox 765 1779 1058 1830; x_wconf 84' lang='lat' dir='ltr'><strong>longitudinem,</strong></span> <span class='ocrx_word' id='word_1_246' title='bbox 1091 1788 1131 1819; x_wconf 94' lang='lat' dir='ltr'><strong>et</strong></span> <span class='ocrx_word' id='word_1_247' title='bbox 1161 1782 1439 1820; x_wconf 90' lang='lat' dir='ltr'><strong>innovabuntur</strong></span> 
     </span>
     <span class='ocr_line' id='line_1_30' title="bbox 119 1835 1438 1890; baseline 0 -13"><span class='ocrx_word' id='word_1_248' title='bbox 119 1845 307 1890; x_wconf 79' lang='lat' dir='ltr'><strong>tempora.</strong></span> <span class='ocrx_word' id='word_1_249' title='bbox 355 1837 564 1876; x_wconf 88' lang='lat' dir='ltr'><strong>Providens</strong></span> <span class='ocrx_word' id='word_1_250' title='bbox 589 1843 712 1874; x_wconf 87' lang='lat' dir='ltr'><strong>autem</strong></span> <span class='ocrx_word' id='word_1_251' title='bbox 738 1835 844 1882; x_wconf 91' lang='lat' dir='ltr'><strong>deus,</strong></span> <span class='ocrx_word' id='word_1_252' title='bbox 877 1835 965 1887; x_wconf 89' lang='lat' dir='ltr'><strong>quid</strong></span> <span class='ocrx_word' id='word_1_253' title='bbox 989 1843 1092 1875; x_wconf 90' lang='lat' dir='ltr'><strong>esset</strong></span> <span class='ocrx_word' id='word_1_254' title='bbox 1114 1837 1291 1883; x_wconf 78' lang='lat' dir='ltr'><strong>futurum,</strong></span> <span class='ocrx_word' id='word_1_255' title='bbox 1317 1851 1438 1890; x_wconf 86' lang='lat' dir='ltr'><strong>quon-</strong></span> 
     </span>
     <span class='ocr_line' id='line_1_31' title="bbox 119 1893 1438 1945; baseline 0 -12"><span class='ocrx_word' id='word_1_256' title='bbox 119 1895 192 1934; x_wconf 86' lang='lat' dir='ltr'><strong>iam</strong></span> <span class='ocrx_word' id='word_1_257' title='bbox 225 1908 302 1932; x_wconf 91' lang='lat' dir='ltr'><strong>non</strong></span> <span class='ocrx_word' id='word_1_258' title='bbox 332 1900 476 1932; x_wconf 89' lang='lat' dir='ltr'><strong>tantum</strong></span> <span class='ocrx_word' id='word_1_259' title='bbox 509 1906 583 1931; x_wconf 92' lang='lat' dir='ltr'><strong>non</strong></span> <span class='ocrx_word' id='word_1_260' title='bbox 614 1893 803 1943; x_wconf 87' lang='lat' dir='ltr'><strong>recipient</strong></span> <span class='ocrx_word' id='word_1_261' title='bbox 833 1905 936 1938; x_wconf 94' lang='lat' dir='ltr'><strong>eum,</strong></span> <span class='ocrx_word' id='word_1_262' title='bbox 973 1900 1168 1931; x_wconf 64' lang='lat' dir='ltr'><strong>vei-umet</strong></span> <span class='ocrx_word' id='word_1_263' title='bbox 1190 1894 1438 1945; x_wconf 88' lang='lat' dir='ltr'><strong>insequentur</strong></span> 
     </span>
     <span class='ocr_line' id='line_1_32' title="bbox 119 1948 1435 1999; baseline 0 -10"><span class='ocrx_word' id='word_1_264' title='bbox 119 1957 159 1990; x_wconf 92' lang='lat' dir='ltr'><strong>et</strong></span> <span class='ocrx_word' id='word_1_265' title='bbox 182 1950 336 1989; x_wconf 81' lang='lat' dir='ltr'><strong>tradem</strong></span> <span class='ocrx_word' id='word_1_266' title='bbox 366 1963 449 1988; x_wconf 93' lang='lat' dir='ltr'><strong>eum</strong></span> <span class='ocrx_word' id='word_1_267' title='bbox 481 1950 613 1995; x_wconf 88' lang='lat' dir='ltr'><strong>morti,</strong></span> <span class='ocrx_word' id='word_1_268' title='bbox 651 1955 691 1987; x_wconf 90' lang='lat' dir='ltr'><strong>et</strong></span> <span class='ocrx_word' id='word_1_269' title='bbox 721 1949 988 1999; x_wconf 80' lang='lat' dir='ltr'><strong>recapitulavit</strong></span> <span class='ocrx_word' id='word_1_270' title='bbox 1012 1956 1052 1987; x_wconf 91' lang='lat' dir='ltr'><strong>et</strong></span> <span class='ocrx_word' id='word_1_271' title='bbox 1076 1948 1191 1995; x_wconf 80' lang='lat' dir='ltr'><strong>dixit,</strong></span> <span class='ocrx_word' id='word_1_272' title='bbox 1229 1951 1267 1988; x_wconf 93' lang='lat' dir='ltr'><strong>in</strong></span> <span class='ocrx_word' id='word_1_273' title='bbox 1291 1950 1435 1989; x_wconf 83' lang='lat' dir='ltr'>LXXII</span> 
     </span>
     <span class='ocr_line' id='line_1_33' title="bbox 119 2005 1437 2055; baseline 0 -9"><span class='ocrx_word' id='word_1_274' title='bbox 119 2005 421 2046; x_wconf 81' lang='lat' dir='ltr'><strong>hebdomadibus</strong></span> <span class='ocrx_word' id='word_1_275' title='bbox 445 2006 551 2044; x_wconf 86' lang='lat' dir='ltr'><strong>nasci</strong></span> <span class='ocrx_word' id='word_1_276' title='bbox 582 2005 685 2043; x_wconf 92' lang='lat' dir='ltr'><strong>illum</strong></span> <span class='ocrx_word' id='word_1_277' title='bbox 711 2012 751 2042; x_wconf 92' lang='lat' dir='ltr'><strong>et</strong></span> <span class='ocrx_word' id='word_1_278' title='bbox 781 2006 871 2055; x_wconf 84' lang='lat' dir='ltr'><strong>ungi</strong></span> <span class='ocrx_word' id='word_1_279' title='bbox 901 2012 1070 2043; x_wconf 90' lang='lat' dir='ltr'><strong>sanctum</strong></span> <span class='ocrx_word' id='word_1_280' title='bbox 1101 2013 1337 2053; x_wconf 87' lang='lat' dir='ltr'><strong>sanctorum,</strong></span> <span class='ocrx_word' id='word_1_281' title='bbox 1369 2007 1437 2046; x_wconf 90' lang='lat' dir='ltr'><strong>he-</strong></span> 
     </span>
     <span class='ocr_line' id='line_1_34' title="bbox 117 2060 1434 2114; baseline -0.002 -11"><span class='ocrx_word' id='word_1_282' title='bbox 117 2062 329 2103; x_wconf 85' lang='lat' dir='ltr'><strong>bdomades</strong></span> <span class='ocrx_word' id='word_1_283' title='bbox 341 2070 465 2101; x_wconf 88' lang='lat' dir='ltr'><strong>antem</strong></span> <span class='ocrx_word' id='word_1_284' title='bbox 479 2061 551 2100; x_wconf 89' lang='lat' dir='ltr'><strong>Vll</strong></span> <span class='ocrx_word' id='word_1_285' title='bbox 571 2068 611 2100; x_wconf 89' lang='lat' dir='ltr'><strong>et</strong></span> <span class='ocrx_word' id='word_1_286' title='bbox 629 2060 783 2099; x_wconf 84' lang='lat' dir='ltr'><strong>dimidia</strong></span> <span class='ocrx_word' id='word_1_287' title='bbox 803 2074 885 2099; x_wconf 90' lang='lat' dir='ltr'><strong>cum</strong></span> <span class='ocrx_word' id='word_1_288' title='bbox 905 2062 1165 2112; x_wconf 89' lang='lat' dir='ltr'><strong>implerentur,</strong></span> <span class='ocrx_word' id='word_1_289' title='bbox 1185 2063 1264 2114; x_wconf 87' lang='lat' dir='ltr'><strong>pati</strong></span> <span class='ocrx_word' id='word_1_290' title='bbox 1278 2063 1434 2109; x_wconf 83' lang='lat' dir='ltr'><strong>habere,</strong></span> 
     </span>
     <span class='ocr_line' id='line_1_35' title="bbox 118 2117 1434 2168; baseline -0.002 -10"><span class='ocrx_word' id='word_1_291' title='bbox 118 2127 160 2158; x_wconf 88' lang='lat' dir='ltr'><strong>et</strong></span> <span class='ocrx_word' id='word_1_292' title='bbox 171 2120 363 2158; x_wconf 88' lang='lat' dir='ltr'><strong>civitatem</strong></span> <span class='ocrx_word' id='word_1_293' title='bbox 377 2118 623 2157; x_wconf 86' lang='lat' dir='ltr'><strong>exterminari</strong></span> <span class='ocrx_word' id='word_1_294' title='bbox 642 2124 730 2168; x_wconf 88' lang='lat' dir='ltr'><strong>post</strong></span> <span class='ocrx_word' id='word_1_295' title='bbox 746 2130 857 2155; x_wconf 89' lang='lat' dir='ltr'><strong>unam</strong></span> <span class='ocrx_word' id='word_1_296' title='bbox 877 2124 917 2155; x_wconf 90' lang='lat' dir='ltr'><strong>et</strong></span> <span class='ocrx_word' id='word_1_297' title='bbox 936 2117 1125 2155; x_wconf 87' lang='lat' dir='ltr'><strong>dimidiam</strong></span> <span class='ocrx_word' id='word_1_298' title='bbox 1145 2117 1434 2164; x_wconf 83' lang='lat' dir='ltr'><strong>hebdomadam,</strong></span> 
     </span>
     <span class='ocr_line' id='line_1_36' title="bbox 68 2171 1434 2228; baseline -0.003 -13"><span class='ocrx_word' id='word_1_299' title='bbox 68 2213 70 2215; x_wconf 87' lang='lat'>.</span> <span class='ocrx_word' id='word_1_300' title='bbox 118 2189 193 2228; x_wconf 83' lang='lat' dir='ltr'><strong>quo</strong></span> <span class='ocrx_word' id='word_1_301' title='bbox 225 2175 376 2214; x_wconf 83' lang='lat' dir='ltr'><strong>scilicet</strong></span> <span class='ocrx_word' id='word_1_302' title='bbox 404 2182 576 2226; x_wconf 89' lang='lat' dir='ltr'><strong>tempore</strong></span> <span class='ocrx_word' id='word_1_303' title='bbox 608 2179 754 2224; x_wconf 90' lang='lat' dir='ltr'><strong>septem</strong></span> <span class='ocrx_word' id='word_1_304' title='bbox 784 2180 826 2211; x_wconf 91' lang='lat' dir='ltr'><strong>et</strong></span> <span class='ocrx_word' id='word_1_305' title='bbox 855 2171 1007 2211; x_wconf 90' lang='lat' dir='ltr'><strong>dimidia</strong></span> <span class='ocrx_word' id='word_1_306' title='bbox 1037 2173 1297 2212; x_wconf 85' lang='lat' dir='ltr'><strong>hebdomadae</strong></span> <span class='ocrx_word' id='word_1_307' title='bbox 1329 2187 1434 2212; x_wconf 88' lang='lat' dir='ltr'><strong>com-</strong></span> 
     </span>
     <span class='ocr_line' id='line_1_37' title="bbox 117 2230 1433 2284; baseline -0.003 -13"><span class='ocrx_word' id='word_1_308' title='bbox 117 2233 246 2284; x_wconf 86' lang='lat' dir='ltr'><strong>pletae</strong></span> <span class='ocrx_word' id='word_1_309' title='bbox 271 2238 369 2270; x_wconf 88' lang='lat' dir='ltr'><strong>sunt.</strong></span> <span class='ocrx_word' id='word_1_310' title='bbox 406 2231 512 2269; x_wconf 89' lang='lat' dir='ltr'><strong>Dicit</strong></span> <span class='ocrx_word' id='word_1_311' title='bbox 535 2230 635 2268; x_wconf 92' lang='lat' dir='ltr'><strong>enim</strong></span> <span class='ocrx_word' id='word_1_312' title='bbox 660 2230 735 2267; x_wconf 92' lang='lat' dir='ltr'><strong>sic:</strong></span> <span class='ocrx_word' id='word_1_313' title='bbox 767 2236 807 2266; x_wconf 90' lang='lat' dir='ltr'><strong>et</strong></span> <span class='ocrx_word' id='word_1_314' title='bbox 831 2230 1022 2268; x_wconf 89' lang='lat' dir='ltr'><strong>civitatem</strong></span> <span class='ocrx_word' id='word_1_315' title='bbox 1047 2236 1087 2268; x_wconf 94' lang='lat' dir='ltr'><strong>et</strong></span> <span class='ocrx_word' id='word_1_316' title='bbox 1110 2236 1279 2267; x_wconf 88' lang='lat' dir='ltr'><strong>sanctum</strong></span> <span class='ocrx_word' id='word_1_317' title='bbox 1304 2236 1433 2267; x_wconf 84' lang='lat' dir='ltr'><strong>exter-</strong></span> 
     </span>
     <span class='ocr_line' id='line_1_38' title="bbox 117 2284 1430 2337; baseline -0.004 -10"><span class='ocrx_word' id='word_1_318' title='bbox 117 2289 253 2329; x_wconf 87' lang='lat' dir='ltr'><strong>minari</strong></span> <span class='ocrx_word' id='word_1_319' title='bbox 267 2301 351 2326; x_wconf 89' lang='lat' dir='ltr'><strong>cum</strong></span> <span class='ocrx_word' id='word_1_320' title='bbox 370 2286 467 2326; x_wconf 90' lang='lat' dir='ltr'><strong>duce</strong></span> <span class='ocrx_word' id='word_1_321' title='bbox 487 2294 661 2332; x_wconf 86' lang='lat' dir='ltr'><strong>venturo,</strong></span> <span class='ocrx_word' id='word_1_322' title='bbox 688 2292 728 2324; x_wconf 89' lang='lat' dir='ltr'><strong>et</strong></span> <span class='ocrx_word' id='word_1_323' title='bbox 747 2284 1001 2324; x_wconf 89' lang='lat' dir='ltr'><strong>concidentur</strong></span> <span class='ocrx_word' id='word_1_324' title='bbox 1019 2286 1168 2324; x_wconf 89' lang='lat' dir='ltr'><strong>sicutin</strong></span> <span class='ocrx_word' id='word_1_325' title='bbox 1182 2286 1430 2337; x_wconf 80' lang='lat' dir='ltr'><strong>cataclysmo,</strong></span> 
     </span>
    </p>
   </div>
   <div class='ocr_carea' id='block_1_3' title="bbox 116 2387 1430 2567">
    <p class='ocr_par' dir='ltr' id='par_1_3' title="bbox 116 2387 1430 2567">
     <span class='ocr_line' id='line_1_39' title="bbox 209 2387 1430 2430; baseline -0.002 -10"><span class='ocrx_word' id='word_1_326' title='bbox 209 2391 246 2429; x_wconf 89' lang='lat'><strong>1)</strong></span> <span class='ocrx_word' id='word_1_327' title='bbox 258 2390 487 2430; x_wconf 79' lang='lat' dir='ltr'><strong>Rigaltiauam</strong></span> <span class='ocrx_word' id='word_1_328' title='bbox 513 2388 718 2427; x_wconf 71' lang='lat' dir='ltr'><strong>scripturam</strong></span> <span class='ocrx_word' id='word_1_329' title='bbox 742 2387 798 2418; x_wconf 83' lang='lat' dir='ltr'><strong>bic</strong></span> <span class='ocrx_word' id='word_1_330' title='bbox 816 2389 852 2418; x_wconf 76' lang='lat' dir='ltr'><strong>et</strong></span> <span class='ocrx_word' id='word_1_331' title='bbox 870 2388 906 2419; x_wconf 83' lang='lat' dir='ltr'><strong>in</strong></span> <span class='ocrx_word' id='word_1_332' title='bbox 930 2388 983 2427; x_wconf 69' lang='lat' dir='ltr'><strong>iia,</strong></span> <span class='ocrx_word' id='word_1_333' title='bbox 1008 2397 1095 2425; x_wconf 83' lang='lat' dir='ltr'><strong>quae</strong></span> <span class='ocrx_word' id='word_1_334' title='bbox 1120 2390 1320 2425; x_wconf 71' lang='lat' dir='ltr'><strong>sequuntur,</strong></span> <span class='ocrx_word' id='word_1_335' title='bbox 1346 2395 1430 2425; x_wconf 84' lang='lat' dir='ltr'><strong>pro-</strong></span> 
     </span>
     <span class='ocr_line' id='line_1_40' title="bbox 117 2431 1429 2472; baseline -0.005 -5"><span class='ocrx_word' id='word_1_336' title='bbox 117 2436 284 2468; x_wconf 69' lang='lat' dir='ltr'><strong>bavimus.</strong></span> <span class='ocrx_word' id='word_1_337' title='bbox 307 2435 414 2466; x_wconf 85' lang='lat' dir='ltr'><strong>Rben.</strong></span> <span class='ocrx_word' id='word_1_338' title='bbox 439 2434 718 2464; x_wconf 76' lang='lat' dir='ltr'><strong>hebdomades</strong></span> <span class='ocrx_word' id='word_1_339' title='bbox 742 2433 847 2466; x_wconf 81' lang='lat' dir='ltr'><strong>LXII.</strong></span> <span class='ocrx_word' id='word_1_340' title='bbox 873 2435 914 2464; x_wconf 87' lang='lat' dir='ltr'><strong>et</strong></span> <span class='ocrx_word' id='word_1_341' title='bbox 937 2433 1160 2464; x_wconf 84' lang='lat' dir='ltr'><strong>dimidiam.</strong></span> <span class='ocrx_word' id='word_1_342' title='bbox 1266 2433 1303 2472; x_wconf 84' lang='lat'><strong>2)</strong></span> <span class='ocrx_word' id='word_1_343' title='bbox 1323 2431 1429 2462; x_wconf 83' lang='lat' dir='ltr'><strong>Rhen.</strong></span> 
     </span>
     <span class='ocr_line' id='line_1_41' title="bbox 116 2475 1428 2519; baseline -0.004 -7"><span class='ocrx_word' id='word_1_344' title='bbox 116 2481 221 2512; x_wconf 83' lang='lat' dir='ltr'><strong>Lxu.</strong></span> <span class='ocrx_word' id='word_1_345' title='bbox 316 2480 352 2519; x_wconf 79' lang='lat'><strong>3)</strong></span> <span class='ocrx_word' id='word_1_346' title='bbox 375 2481 482 2510; x_wconf 84' lang='lat' dir='ltr'><strong>Rhen.</strong></span> <span class='ocrx_word' id='word_1_347' title='bbox 504 2481 546 2509; x_wconf 86' lang='lat' dir='ltr'><strong>et</strong></span> <span class='ocrx_word' id='word_1_348' title='bbox 570 2478 789 2509; x_wconf 77' lang='lat' dir='ltr'><strong>civitatem</strong></span> <span class='ocrx_word' id='word_1_349' title='bbox 821 2480 1022 2509; x_wconf 71' lang='lat' dir='ltr'><strong>sanctam.</strong></span> <span class='ocrx_word' id='word_1_350' title='bbox 1115 2475 1155 2518; x_wconf 74' lang='lat'><strong>4)</strong></span> <span class='ocrx_word' id='word_1_351' title='bbox 1178 2477 1264 2507; x_wconf 82' lang='lat' dir='ltr'><strong>Dan.</strong></span> <span class='ocrx_word' id='word_1_352' title='bbox 1286 2479 1319 2516; x_wconf 75' lang='lat'><strong>9,</strong></span> <span class='ocrx_word' id='word_1_353' title='bbox 1346 2478 1428 2517; x_wconf 72' lang='lat' dir='ltr'><strong>inq.</strong></span> 
     </span>
     <span class='ocr_line' id='line_1_42' title="bbox 116 2522 1258 2567; baseline -0.004 -10"><span class='ocrx_word' id='word_1_354' title='bbox 116 2527 276 2558; x_wconf 76' lang='lat'><strong>21—27.</strong></span> <span class='ocrx_word' id='word_1_355' title='bbox 369 2523 406 2567; x_wconf 82' lang='lat'><strong>5)</strong></span> <span class='ocrx_word' id='word_1_356' title='bbox 430 2525 536 2555; x_wconf 82' lang='lat' dir='ltr'><strong>Rhen.</strong></span> <span class='ocrx_word' id='word_1_357' title='bbox 563 2523 767 2562; x_wconf 86' lang='lat' dir='ltr'><strong>quomodo</strong></span> <span class='ocrx_word' id='word_1_358' title='bbox 791 2522 833 2552; x_wconf 76' lang='lat' dir='ltr'><strong>in</strong></span> <span class='ocrx_word' id='word_1_359' title='bbox 858 2524 983 2554; x_wconf 82' lang='lat' dir='ltr'><strong>verbo</strong></span> <span class='ocrx_word' id='word_1_360' title='bbox 1008 2530 1109 2560; x_wconf 74' lang='lat' dir='ltr'><strong>quau</strong></span> <span class='ocrx_word' id='word_1_361' title='bbox 1134 2522 1258 2554; x_wconf 83' lang='lat' dir='ltr'><strong>dixit.</strong></span> 
     </span>
    </p>
   </div>
   <div class='ocr_carea' id='block_1_4' title="bbox 123 2569 1144 2622">
    <p class='ocr_par' dir='ltr' id='par_1_4' title="bbox 123 2569 1144 2622">
     <span class='ocr_line' id='line_1_43' title="bbox 123 2569 1144 2622; baseline -0.007 -8"><span class='ocrx_word' id='word_1_362' title='bbox 123 2619 126 2622; x_wconf 15' lang='grc' dir='ltr'><strong>Α</strong></span> <span class='ocrx_word' id='word_1_363' title='bbox 179 2583 374 2614; x_wconf 69' lang='lat' dir='ltr'><strong>Ten-rum..</strong></span> <span class='ocrx_word' id='word_1_364' title='bbox 403 2582 459 2614; x_wconf 90' lang='lat' dir='ltr'><strong>lv.</strong></span> <span class='ocrx_word' id='word_1_365' title='bbox 1087 2569 1144 2608; x_wconf 82' lang='lat'><strong>20</strong></span> 
     </span>
    </p>
   </div>
  </div>
 </body>
</html>
