1604 2800
173 194 284 233 8⁰6
619 189 1052 224 Anv.1unAEos.

173 295 213 327 et
238 285 409 324 destruet
432 282 674 335 pinnaculum
704 295 823 335 usque
848 281 895 321 ad
921 282 1180 331 interitum.¹)
1242 280 1350 322 Unde
1374 283 1494 335 igitur

174 341 418 388 ostendimus,
452 341 627 392 quoniam
652 341 756 379 venit
782 339 954 379 Christus
979 341 1079 378 intra
1103 338 1211 378 LXII
1236 346 1276 379 ct
1300 338 1500 381 dimidiam

172 397 454 438 hebdomadas?
483 396 775 436 Numerabimus
800 404 925 436 autem
946 410 968 435 a
987 397 1108 449 primo
1133 409 1233 435 anno
1253 395 1374 444 Darii,
1401 409 1494 448 quo-

171 455 285 494 modo
311 457 347 493 in
374 456 456 506 ipso
482 461 655 505 tempore
688 453 902 493 ostenditur
926 454 1078 494 Danieli
1109 454 1203 492 visio
1234 454 1330 506 ipsa.
1390 453 1496 492 Dicit

173 514 291 551 enim:
319 519 359 551 et
382 511 555 562 intellige
575 518 613 549 et
634 512 784 550 coniice
805 525 827 549 a
846 513 1089 564 profectione
1110 511 1308 558 sermonis,
1335 522 1498 562 respon-

174 569 266 608 dere
280 570 317 617 2)
352 582 410 607 me
442 569 511 606 tibi
544 568 655 611 haec.
721 567 830 607 Unde
856 582 878 607 a
903 570 1025 621 primo
1057 581 1156 607 anno
1182 567 1289 607 Darii
1315 566 1497 606 debemus

175 634 414 678 computare,
448 624 598 677 quando
624 626 722 664 hanc
747 627 931 665 visionem
955 624 1052 665 vidit
1075 625 1226 664 Daniel.
1288 623 1498 663 Videamus

173 685 290 734 igitur
313 684 402 722 anni
429 681 617 734 quomodo
644 684 872 735 impleantur
895 696 1014 735 usque
1040 681 1089 720 ad
1113 681 1316 720 adventum
1342 680 1497 720 Christi.

174 740 312 778 Darius
337 741 435 778 enim
461 741 638 790 regnavit
662 742 769 777 annis
784 739 888 778 XIX.
925 740 1165 778 Artaxerxes
1189 738 1366 790 regnavit
1391 738 1500 776 annis

174 796 256 834 XL.
295 795 442 835 Deinde
468 809 539 834 rex
560 796 698 842 Ochus,
726 798 787 847 qui
815 804 855 835 et
874 796 1009 848 Cyrus,
1036 797 1212 847 regnavit
1230 796 1339 834 annis
1357 793 1499 834 XXIV.

174 853 304 903 Argus
329 865 428 889 anno
453 866 542 890 uno.
585 851 696 890 Alius
716 852 866 898 Darius,
894 855 956 904 qui
982 860 1021 891 et
1040 853 1163 891 Melas
1189 853 1404 890 nominatus
1429 855 1501 896 est,

167 910 283 947 'annis
308 907 431 946 XXII.
480 907 703 946 Alexander
727 908 891 946 Macedo
918 910 1025 946 annis
1050 909 1135 946 XII.
1151 910 1190 955 ³)
1241 907 1390 946 Deinde
1416 912 1504 959 post

175 963 450 1010 Alexandrum,
477 965 540 1016 qui
566 971 606 1002 et
617 963 743 1002 Medis
763 971 803 1002 et
816 964 943 1003 Persis
968 971 1162 1015 regnarat,
1190 977 1286 1015 quos
1309 964 1504 1003 revicerat

176 1028 217 1059 et
234 1021 272 1058 in
285 1019 523 1059 Alexandria
547 1033 707 1071 regnum
732 1033 836 1058 suum
863 1022 1095 1067 firmaverat,
1121 1019 1272 1071 quando
1291 1027 1333 1058 et
1350 1021 1504 1058 nomine

177 1091 245 1115 suo
284 1089 366 1115 eam
405 1077 631 1128 appellavit,
670 1078 895 1128 regnavit⁴)
934 1078 1013 1115 illic
1051 1077 1089 1114 in
1119 1075 1356 1115 Alexandria
1388 1075 1507 1115 Soter

177 1135 286 1172 annis
310 1133 477 1180 XXXV,
516 1135 577 1172 cui
613 1133 828 1172 succedens
865 1132 1136 1185 Philadelphus
1178 1135 1354 1185 regnavit
1398 1133 1506 1172 annis

176 1189 449 1240 XXXV111.⁵)
499 1190 595 1228 Huic
621 1189 796 1229 succedit
821 1190 1050 1242 Euergetes,
1076 1191 1184 1229 annis
1196 1190 1319 1229 XXV.
1340 1188 1507 1229 *Deinde

179 1247 406 1299 Philopator
430 1248 537 1285 annis
556 1246 680 1286 XVII.
741 1247 835 1285 Post
860 1247 959 1286 hunc
985 1247 1216 1299 Epiphanes,
1242 1247 1350 1289 annis
1362 1245 1506 1285 XXIV.

178 1304 274 1342 Item
295 1305 391 1342 alius
405 1304 634 1355 Euergetes,
662 1305 770 1342 annis
782 1303 925 1343 XXIX.
939 1304 979 1352 6)
1018 1303 1136 1342 Soter
1154 1305 1262 1343 annis
1280 1302 1507 1352 XXXIVJ)

180 1360 424 1399 Ptolemaeus
454 1363 564 1399 annis
588 1360 806 1399 XXXVIII.
821 1362 858 1407 ⁸)
922 1360 1132 1412 Cleopatra
1156 1361 1264 1399 annis
1288 1359 1374 1399 XX.
1402 1371 1508 1399 men-

181 1417 284 1455 sibus
310 1416 375 1454 Vl.
396 1418 434 1465 ⁹)
507 1417 601 1456 Item
638 1417 762 1456 adhuc
801 1417 1010 1469 Cleopatra
1045 1417 1298 1469 conregnavit
1331 1416 1508 1468 Angusto

182 1474 291 1511 annis
303 1472 409 1511 XIII.
453 1472 546 1511 Post
565 1474 809 1524 Cleopatram
829 1473 1024 1525 Augustus
1049 1475 1134 1513 aliis
1158 1475 1267 1514 annis
1279 1472 1426 1522 XLIII3
1441 1474 1508 1521 ¹⁰)

183 1541 270 1566 nam
295 1540 426 1566 omnes
451 1530 539 1566 anni
564 1530 714 1580 imperii
736 1528 901 1580 Augusti
932 1532 1086 1569 fuerunt
1116 1532 1204 1570 anni
1228 1530 1331 1570 LVI.
1388 1528 1510 1569 Vide-

183 1597 265 1623 mus
296 1590 441 1630 autem,
475 1585 651 1635 quoniam
683 1584 985 1636 quadragesimo·
1007 1592 1047 1624 et
1076 1588 1197 1637 primo
1229 1600 1329 1625 anno
1360 1587 1512 1638 imperii

181 1640 371 1691 Augusti,
411 1653 484 1692 quo
516 1648 604 1691 post
633 1649 794 1679 mortem
820 1641 1052 1692 Cleopatrae
1077 1642 1304 1694 imperavit,
1342 1643 1513 1681 nascitur

185 1697 376 1735 Christus.
444 1696 494 1734 Et
524 1698 734 1747 supervixit
763 1696 863 1736 idem
893 1697 1121 1764 Augustusb
1145 1711 1196 1742 ex
1232 1710 1306 1750 quo
1341 1699 1514 1737 nascitur

186 1753 377 1799 Christus,
416 1754 524 1791 annis
542 1752 628 1799 XV,
667 1760 708 1791 et
737 1761 850 1792 erunt
879 1754 1027 1806 reliqua
1054 1761 1227 1807 tempora
1251 1767 1448 1802 annorum,
1473 1755 1513 1793 in

186 1809 287 1848 diem
313 1810 520 1848 nativitatis
547 1809 708 1855 Christi,
740 1812 829 1848 anni
854 1810 955 1849 XLI.
1023 1811 1248 1850 Efficiuntur
1271 1817 1398 1850 autem
1423 1812 1515 1850 anni

186 1866 522 1913 CCCCXXXVII,
560 1879 710 1905 menses
735 1866 801 1904 Vl.
822 1868 888 1916 ¹¹)
973 1866 1083 1907 Unde
1121 1868 1377 1920 adimplentur
1406 1866 1514 1907 LXII

186 1923 451 1962 hebdomadae
478 1930 518 1962 et
541 1923 710 1970 dimidia,
738 1936 834 1975 quae
860 1923 1028 1963 efficiunt
1046 1938 1166 1964 annos
1182 1923 1513 1972 CCCCXXXVII‚

281 2058 314 2099 1)
326 2061 413 2091 Dan.
427 2062 459 2099 9,
475 2062 529 2092 26.
602 2059 640 2102 2)
662 2059 734 2101 Rig.
749 2070 767 2091 e
781 2060 854 2092 cod.
874 2060 990 2093 Futd.:
1016 2061 1065 2092 ad
1084 2060 1396 2101 perfectionem
1422 2069 1515 2093 ner-

188 2105 322 2136 monis
346 2107 633 2145 respondente
653 2108 721 2138 etc.
755 2107 836 2138 cod.
851 2106 1002 2138 Divion.:
1021 2115 1042 2137 a
1060 2106 1396 2146 prophetatione
1415 2114 1515 2138 ‘ner-

188 2151 323 2181 monis
348 2151 475 2182 huius
500 2151 608 2183 unde
630 2160 651 2182 a
670 2151 804 2190 primo
823 2153 889 2182 etc.
925 2152 1032 2183 Rhen.
1046 2152 1098 2184 ed.
1111 2154 1153 2184 1.:
1178 2162 1200 2184 a
1218 2150 1514 2192 profeet'ione3

188 2196 224 2226 in
249 2196 417 2236 margine:
443 2206 463 2227 a
489 2206 531 2236 pl
545 2197 838 2236 ophetatione.
932 2198 970 2237 3)
989 2197 1096 2230 Rhen.
1115 2197 1167 2229 ed.
1184 2199 1212 2229 1.
1234 2197 1358 2230 anni·
1377 2197 1434 2236 X.‚
1455 2196 1517 2229 aed

190 2240 226 2271 in
240 2242 409 2280 margine:
434 2243 557 2273 annis
571 2243 646 2274 XII.
712 2240 752 2286 4)
765 2242 871 2274 Rhen.
890 2245 1043 2282 postea
1067 2244 1274 2284 regnavit.
1347 2241 1515 2281 5)1tae‹l.

190 2286 294 2316 Fran.
315 2289 350 2317 et
371 2287 455 2328 Rig.,
480 2288 547 2319 nisi
568 2288 657 2326 quod
677 2288 713 2318 in
732 2289 775 2318 iis
795 2288 963 2328 seriptum
982 2290 1051 2320 ent:
1083 2289 1204 2319 annin
1230 2289 1415 2328 trIginta
1440 2294 1515 2319 no*-

194 2340 292 2363 vem.
338 2332 445 2364 Rhen.
466 2334 535 2364 cui
559 2333 756 2364 succedit
772 2334 877 2366 Phil.
903 2336 944 2365 et
969 2335 1169 2374 regnavIt
1187 2334 1514 2366 anni-xxxvm.

197 2373 236 2416 6)
258 2376 314 2407 Sic
335 2377 386 2409 ed.
406 2378 520 2418 Fran„
543 2379 629 2418 Rig„
649 2379 757 2410 Rhen.
780 2380 831 2410 ed.
851 2381 876 2409 1.
898 2379 934 2410 in
954 2380 1125 2420 margine;
1151 2380 1224 2410 edd.
1245 2379 1367 2411 ceteri:
1391 2378 1515 2410 anni·

194 2420 335 2451 XXVII.
427 2421 466 2465 7)
483 2424 544 2453 Ed.
557 2424 752 2463 Francken,
773 2425 896 2463 Rigalt.
911 2425 1032 2456 annis
1058 2426 1250 2458 XXXVIII.
1343 2426 1379 2463 8)
1400 2426 1451 2455 Ita
1461 2423 1516 2455 cd.

194 2464 310 2504 Fran„
325 2467 410 2506 Rig.‚
425 2469 531 2501 Rhen.
545 2469 596 2499 ed.
610 2473 635 2501 Ι.
649 2469 684 2499 in
698 2469 868 2509 margine;
895 2472 960 2500 cet.
981 2470 1104 2501 annin
1117 2471 1294 2502 XXXVII.
1354 2467 1394 2511 9)
1407 2469 1515 2499 Rhen.

194 2511 407 2542 mensibu·
425 2514 465 2543 V.
560 2515 619 2553 10)
632 2514 739 2545 Rhen.
760 2515 883 2546 annis
904 2515 1054 2546 XLVIII.
1148 2517 1207 2556 11)
1230 2516 1312 2548 conl.
1331 2513 1448 2545 Fam:
1472 2513 1514 2544 ίιι

195 2553 297 2585 diem
328 2557 457 2588 nativ.
490 2559 653 2590 Christi
685 2569 836 2591 anuum
866 2560 968 2600 XLI„
999 2564 1095 2600 post
1126 2564 1300 2592 mortem
1331 2559 1514 2598 cleopa-
