1604 2800
646 160 720 193 DE
755 161 956 194 ANIMA.
1369 162 1468 199 221

141 254 280 296 exinde
306 261 534 293 tractatuum
560 255 734 293 teximus.
773 253 912 293 Anima
930 255 969 291 in
989 260 1100 292 utero
1119 255 1305 293 seminata
1323 257 1470 307 pariter

141 327 225 352 cum
253 325 381 359 carne,
413 313 560 365 pariter
592 325 674 350 cum
700 313 780 364 ipsa
807 312 966 350 sortitur
990 318 1030 350 et
1054 324 1199 359 sexum,
1231 312 1284 351 ita
1308 314 1469 365 pariter,

140 377 181 409 ut
205 371 244 408 in
271 383 405 409 caussa
430 382 543 409 sexus
574 377 710 408 neutra
742 369 954 408 substantia
985 376 1175 408 teneatur.
1237 368 1279 408 Si
1305 371 1405 408 enim
1430 371 1471 409 in

141 427 346 466 seminibus
359 428 555 480 utriusque
571 427 803 466 substantiae
814 427 977 479 aliquam
992 426 1321 479 intercapedinem
1336 440 1470 467 eorum

141 491 353 538 conceptus
383 483 623 532 admitteret,
655 492 696 523 ut
726 492 792 523 aut
817 498 908 523 caro
934 492 1000 523 aut
1025 485 1150 523 anima
1173 486 1282 537 prior
1305 487 1470 524 semina-

140 549 259 590 retur,
286 549 390 582 esset
414 544 528 582 etiam
555 556 668 581 sexus
698 543 975 595 proprietatem
1000 542 1114 581 alteri
1139 543 1374 582 substantiae
1400 541 1470 581 ad-

140 599 314 639 scribere
346 613 417 652 per
447 601 698 653 temporalem
730 599 1059 652 intercapedinem
1091 601 1293 648 seminum,
1331 607 1374 639 ut
1404 607 1471 639 aut

142 670 234 696 caro
260 658 429 705 animae,
461 665 527 697 aut
551 659 677 696 anima
704 659 810 697 carni
835 659 1072 710 insculpere-t
1101 671 1251 705 sexum,
1291 659 1470 710 quoniam

140 722 180 754 et
203 714 381 767 Apelles,
420 729 497 753 non
522 717 667 767 pictor,
701 715 769 754 scd
795 716 1034 762 haereticus,
1067 722 1155 754 ante
1182 729 1349 767 corpora
1375 729 1469 754 con-

139 773 300 811 stituens
331 773 476 810 animas
506 773 637 811 viriles
663 786 709 811 ac
734 773 958 820 muliebres,
991 773 1090 811 sicut
1115 786 1138 811 a
1163 772 1386 811 Philumena
1411 771 1471 810 di-

138 827 245 874 dicit,
270 830 401 882 utique
428 842 583 868 carnem
603 837 644 867 ut
662 830 917 881 posteriorem
943 830 991 867 ab
1017 831 1142 866 anima
1167 830 1262 868 facit
1287 830 1469 881 accipere

137 898 282 925 sexum.
355 885 406 924 Et
442 887 505 938 qui
542 888 703 925 animam
740 894 826 938 post
863 893 1012 938 partum
1051 887 1158 924 carni
1195 886 1469 939 superducunt,

135 944 267 996 utique
299 950 388 982 ante
420 944 608 983 formatae
640 957 782 982 marem
814 951 879 982 aut
908 944 1087 983 feminam
1113 943 1161 982 de
1188 958 1305 983 carne
1337 957 1471 982 sexum

135 1000 406 1053 praeiudicant
425 1002 586 1039 animae.
627 1000 831 1052 Utriusque
854 1008 980 1039 autem
1000 1001 1236 1039 substantiae
1258 1001 1470 1039 indiscreta

137 1059 283 1097 semina
308 1058 478 1096 et'unita
502 1058 658 1096 suffusio
691 1071 823 1096 corum
857 1069 1093 1095 communem
1124 1057 1288 1096 subeunt
1313 1059 1469 1109 generis

137 1121 333 1162 eventum,
366 1128 439 1166 qua
464 1115 585 1153 lineas
611 1114 781 1161 duxerit,
822 1127 1069 1166 quaecunque
1101 1115 1166 1152 illa
1192 1122 1251 1153 est
1275 1116 1381 1152 ratio'
1400 1128 1469 1152 na-

138 1179 260 1212 turae.
317 1171 433 1210 Certe
465 1179 505 1210 et
530 1172 591 1211 hic
618 1185 659 1210 se
685 1171 978 1224 primordiorum
1003 1173 1127 1210 forma
1153 1178 1327 1218 testatur,
1356 1185 1468 1223 quum

137 1229 327 1268 masculus
353 1230 562 1281 temporius
589 1229 798 1281 effingitur3
825 1231 933 1282 prior
952 1228 1202 1276 enimAdam,
1230 1230 1370 1268 femina
1396 1230 1467 1267 ali-

138 1293 279 1339 quanto
313 1288 454 1334 serius,
487 1287 682 1339 posterior
713 1288 812 1326 enim
845 1286 938 1325 Eva.
1000 1286 1058 1325 Ita
1084 1286 1149 1326 diu
1175 1300 1267 1325 caro
1294 1287 1468 1325 informis

137 1351 214 1392 est,
247 1344 367 1396 qualis
393 1357 442 1383 ex
466 1343 576 1383 Adae
609 1345 731 1383 latere
766 1344 951 1396 decerpta
983 1351 1059 1391 est,
1098 1344 1237 1382 animal
1268 1351 1395 1382 tamen
1424 1350 1470 1386 et

135 1403 220 1454 ipsa
245 1402 338 1449 iam,
377 1403 465 1454 quia
490 1409 530 1440 et
554 1402 656 1441 illam
694 1409 782 1440 tunc
807 1401 919 1440 Adae
956 1402 1174 1453 portionem
1210 1402 1413 1439 animatam
1429 1403 1467 1449 ¹)

135 1472 360 1511 agnoscam.
408 1459 589 1498 Ceterum
616 1467 654 1498 et
679 1461 798 1512 ipsam
825 1459 886 1498 dei
913 1459 1059 1497 afflatus
1085 1459 1307 1508 animasset,
1334 1459 1366 1497 si
1391 1471 1469 1496 non

135 1523 175 1555 ut
200 1518 357 1569 carnis,
379 1517 434 1555 ita
459 1524 499 1555 et
523 1518 670 1556 animae
698 1530 747 1556 ex
772 1516 894 1555 Adam
922 1515 1060 1555 tradux
1089 1516 1225 1555 fuisset
1249 1517 1286 1554 in
1312 1516 1465 1555 femina.

249 1577 320 1615 37.
339 1575 378 1624 2)
407 1620 410 1623 Δ
441 1573 598 1613 Omnem
625 1582 749 1614 autem
777 1575 940 1613 hominis
967 1575 1004 1612 in
1028 1581 1140 1612 utero
1167 1573 1335 1620 serendi,
1367 1580 1468 1612 stru-

134 1630 242 1678 endi,
276 1630 446 1682 fingendi
470 1639 688 1683 paraturam
714 1631 843 1683 aliqua
868 1633 998 1682 utivque
1024 1638 1196 1682 potestas
1222 1630 1374 1669 divinae
1398 1644 1468 1668 vo-

136 1689 292 1727 luntatis
305 1689 477 1726 ministra
497 1688 725 1735 modulatur,
754 1700 1016 1739 quamcunque
1031 1687 1096 1724 illa
1111 1688 1300 1725 rationem
1316 1688 1466 1737 agitare

134 1745 290 1783 sortita.
354 1743 460 1782 Haec
494 1743 731 1783 aestimando
765 1746 878 1782 etiam
911 1744 1131 1794 superstitio
1158 1743 1327 1781 Romana
1355 1742 1467 1782 deam

135 1801 245 1839 finxit
268 1799 495 1839 Alemonam
527 1800 656 1839 alendi
681 1802 719 1838 in
746 1808 856 1839 utero
890 1800 1007 1847 fetus,
1043 1807 1083 1839 et
1107 1799 1258 1838 Nonam
1284 1807 1324 1838 et
1349 1799 1466 1839 Deci-

134 1871 232 1897 mam
258 1871 281 1896 a
305 1857 596 1896 sollicitioribus
628 1857 838 1904 mensibus,
872 1864 911 1896 et
935 1857 1147 1904 Partulam,
1188 1870 1283 1910 quae
1316 1864 1466 1909 partum

135 1915 338 1968 gubernet,
366 1922 405 1953 et
429 1913 626 1962 Lucinam,
654 1928 750 1968 quae
778 1914 967 1967 producat
991 1915 1029 1952 in
1055 1915 1192 1954 lucem.
1231 1914 1314 1953 Nos
1341 1914 1466 1954 officia

135 1972 264 2012 divina
288 1972 449 2024 angelos
475 1971 677 2011 credimus.
721 1972 779 2010 Ex
805 1986 852 2011 eo
879 1973 998 2024 igitur
1021 1973 1120 2011 fetus
1140 1973 1176 2010 in
1196 1979 1309 2011 utero
1335 1973 1464 2019 homo,

134 2044 156 2070 a
182 2043 256 2083 quo
282 2030 405 2068 forma
431 2030 622 2081 completa
647 2037 717 2068 est.
755 2029 855 2070 Nam
875 2037 914 2068 et
931 2029 1078 2082 Moysis
1099 2030 1161 2068 lex
1173 2031 1212 2078 3)
1239 2037 1329 2068 tunc
1350 2030 1465 2068 abor-

134 2101 197 2126 sus
223 2100 330 2126 reum
355 2087 560 2125 talionibus
592 2086 758 2134 iudicat,
792 2101 904 2140 quum
934 2088 1008 2126 iam
1041 2087 1204 2126 hominis
1230 2094 1289 2126 est
1315 2100 1463 2133 caussa,

136 2158 247 2197 quum
274 2145 347 2182 iam
373 2145 428 2182 illi
454 2145 554 2183 vitae
581 2151 621 2183 et
644 2145 777 2184 mortis
802 2152 922 2183 status
949 2144 1164 2198 deputatur,
1192 2157 1302 2196 quum
1323 2151 1364 2182 et
1381 2145 1462 2182 fato

135 2203 208 2241 iam
240 2201 478 2248 inscribitur,
518 2202 590 2240 etsi
627 2201 751 2241 adhuc
788 2202 827 2240 in
864 2209 985 2241 matre
1022 2200 1185 2241 vivendo
1224 2214 1309 2239 cum
1340 2207 1461 2238 matre

135 2259 335 2312 plurimum
368 2260 623 2297 communicat
652 2266 807 2298 sortem.
874 2259 1009 2298 Dicam
1042 2257 1184 2310 aliquid
1216 2265 1254 2296 et
1286 2256 1333 2295 de
1366 2264 1462 2295 tem-

139 2316 296 2369 poribus
322 2317 470 2355 animae
496 2317 702 2364 nascentis,
730 2323 770 2355 ut
795 2315 968 2356 ordinem
995 2315 1210 2355 decurram.
1270 2314 1462 2365 Legitima

229 2464 264 2507 1)
286 2467 342 2499 Sic
364 2467 439 2498 cod.
464 2467 554 2503 Urs„
577 2466 715 2498 Wouw.
737 2468 770 2497 et
790 2466 882 2506 ng.;
909 2467 983 2496 cod.
1005 2466 1126 2505 Agob.:
1159 2464 1354 2502 animam3
1385 2463 1459 2495 edd.

136 2514 261 2544 ceteri:
289 2513 456 2544 animal.
555 2510 592 2555 2)
608 2514 644 2543 ln
658 2512 731 2543 edd.
746 2511 852 2543 Rhen.
868 2514 901 2542 et
915 2512 988 2542 Get.
1002 2512 1066 2541 hoc
1082 2519 1155 2548 cap.
1171 2509 1372 2549 inscriptum
1389 2512 1459 2540 est:

138 2560 193 2590 Dc
219 2562 364 2590 aetate
392 2558 534 2590 carnis
562 2562 600 2590 ct
626 2557 798 2590 animae.
894 2557 929 2597 3)
945 2557 1193 2596 Exod.21,22.
