1566 2808
362 182 889 215 Anv.MAR010NEM
924 183 1099 214 L13En
1133 185 1175 215 11.
1325 170 1431 219 1θὸ

43 277 50 286 ’
104 289 146 315 se
167 273 348 315 ostendit.
386 272 556 326 Ideoque
577 288 648 314 nec
669 274 867 314 maledixit
886 276 1005 327 ipsum
1025 274 1147 314 Adam
1169 282 1208 314 et
1227 274 1364 322 Evam,
1393 283 1432 314 ut

103 332 356 372 restitutionis
377 331 621 378 candidatos,
653 339 696 371 ut
715 334 958 371 confessione
980 333 1187 371 revelatos.
1224 332 1318 371 Cain
1337 345 1430 371 vcro

102 389 302 433 maledixit
314 396 354 428 et
367 389 541 441 cupidum
556 396 678 428 morte
694 391 800 429 luere
817 389 998 428 delictum
1019 391 1115 428 mori
1131 391 1282 443 interim
1295 391 1429 436 vetuit,

102 454 144 486 ut
162 454 321 500 praeter
344 443 566 493 admissum,
594 448 710 486 etiam
731 449 949 499 negationis
970 449 1051 485 eius
1078 454 1289 486 oneratum.
1324 447 1431 486 Haec

104 506 180 543 e'rit
203 505 421 556 ignorantia
448 503 510 542 dei
538 505 678 551 nostri,
707 518 803 556 quae
830 504 919 542 ideo
947 505 1206 551 simulabatur,
1234 518 1280 543 ne
1308 504 1431 543 delin-

102 574 221 614 quens
246 561 379 608 homo,
419 560 507 612 quid
534 562 604 599 sibi
631 561 820 612 agendum
846 563 907 608 sit,
947 563 1113 613 ignoret.
1178 560 1255 600 Sed
1281 561 1330 600 ad
1350 560 1431 599 'So-

101 617 251 657 domam
278 625 319 657 et
345 617 571 657 Gomorram
598 618 851 666 descendens,
878 618 1036 666 videbo,
1064 621 1137 666 ait,
1165 620 1196 657 si
1222 617 1431 657 secundum

102 676 309 721 clamorem
335 676 622 727 pervenientem
644 675 691 714 ad
714 689 771 714 me
799 683 1070 714 consumantur
1083 678 1134 725 1),
1162 677 1194 714 si
1218 688 1312 714 vero
1339 688 1428 721 non,

99 739 142 770 ut
165 734 438 784 agnoscam2).
499 732 550 770 Et
574 733 635 770 hic
659 732 844 771 videlicet
874 745 923 770 ex
948 733 1168 781 ignorantia
1193 733 1364 770 incertus
1392 739 1431 770 et

99 789 445 840 scire,cupidus?'
480 788 542 827 An
576 789 635 827 hic
668 796 783 827 sonus
815 790 1139 840 pronuntiationis
1171 790 1427 835 necessarius,

98 859 175 885 non
201 845 462 892 dubitativum,
489 845 558 884 sed
585 847 891 885 comminativum
918 848 1136 898 exprimens
1161 860 1331 894 sensum,
1359 845 1427 884 sub

100 904 373 951 sciscitationis
406 904 590 942 obtentu?
627 903 769 956 Quodsi
803 903 1028 942 descensum
1062 917 1211 956 quoque
1244 904 1307 942 dei
1340 905 1428 942 irri-

98 958 192 1010 des,⁸
226 962 333 1013 quasi
366 961 481 999 aliter
512 975 587 999 non
619 963 792 1013 potuerit
815 962 1007 1013 perficere
1034 961 1234 1008 iudicium,
1261 962 1333 1000 nisi
1360 961 1428 999 de-

97 1017 325 1067 scendisset,
351 1017 453 1065 vide,
481 1031 528 1057 ne
555 1025 659 1056 tuum
691 1031 813 1070 aeque
841 1018 951 1057 deum
977 1019 1118 1071 pulses.
1171 1019 1270 1057 Nam
1297 1027 1335 1057 et
1361 1019 1426 1057 ille

98 1073 318 1122 descendit,
346 1083 405 1122 ut,
434 1075 535 1128 quod
560 1076 696 1123 vellet,
725 1077 916 1116 efficeret,

212 1137 280 1175 26.
333 1131 411 1171 Sed
449 1140 489 1171 et
525 1135 626 1171 iurat
651 1133 813 1182 deusss).
871 1132 1064 1184 Numquid
1089 1134 1192 1172 forte
1217 1146 1289 1184 per
1314 1132 1425 1171 deum

96 1188 332 1228 Marcionis?
390 1189 488 1236 Imo,
533 1191 672 1241 inquit,
719 1189 819 1241 quod
863 1191 980 1228 multo
1012 1191 1180 1237 vanius,
1202 1203 1274 1241 pcr
1305 1197 1426 1228 semet

96 1247 237 1299 ipsum,
277 1245 365 1298 quid
402 1247 520 1284 vellet
556 1247 688 1285 facere
702 1248 761 1295 4);
800 1248 855 1284 sic
893 1248 1002 1284 alius·
1027 1246 1120 1286 deus
1158 1261 1234 1285 non
1271 1253 1357 1285 erat
1387 1249 1425 1285 in

97 1305 337 1343 conscientia
363 1305 458 1350 eius,
486 1304 560 1342 hoc
588 1318 670 1342 cum
698 1305 860 1342 maxime
886 1305 1046 1342 iurantis
1072 1305 1184 1342 alium
1211 1304 1355 1356 absque
1382 1300 1424 1342 se

97 1362 250 1400 omnino
276 1374 352 1399 non
379 1363 489 1399 esse?
537 1361 659 1412 Igitur
682 1362 920 1413 peierantem
947 1360 1224 1412 deprehendis,
1252 1374 1300 1399 an
1325 1374 1423 1399 vane

95 1417 359 1457 deierantem?
419 1416 497 1456 Sed
529 1431 604 1455 non
640 1425 769 1469 potest
804 1417 928 1456 videri
964 1419 1180 1470 peierasse,
1221 1419 1283 1470 qui
1309 1418 1424 1456 alium

94 1488 180 1516 esse
207 1489 283 1513 non
303 1475 444 1521 scivit,
477 1481 518 1513 ut
544 1474 684 1513 dicitis.
748 1474 858 1523 Quod
884 1476 984 1514 enim
1011 1476 1102 1522 scit,
1141 1476 1215 1513 hoc
1243 1474 1423 1514 deierans

91 1546 208 1580 -vero,
247 1546 323 1571 non
360 1533 560 1584 peieravit.
623 1531 703 1571 Sed
734 1546 806 1571 nec
831 1545 928 1571 vane
956 1531 1124 1579 deierat,
1169 1533 1281 1571 alium
1310 1532 1423 1571 deum

56 1594 62 1605 '
93 1604 170 1629 non
195 1603 294 1629 esse.
355 1590 461 1628 Tunc
487 1591 586 1628 euim
610 1601 708 1629 vane
735 1589 948 1636 deieraret,
988 1591 1018 1628 si
1044 1604 1120 1628 non
1146 1591 1325 1637 fuissent,
1360 1591 1422 1642 qui

93 1648 191 1687 alios
222 1646 317 1686 deos
343 1646 568 1694 crederent,
608 1654 697 1686 tunc
730 1647 882 1699 quidem
913 1647 1203 1686 simulacrorum
1236 1649 1419 1693 cultores,

94 1715 194 1743 nunc
217 1718 312 1743 vero
339 1699 390 1747 et,¹
415 1705 615 1743 haeretici.
678 1705 783 1743 Iurat
814 1706 932 1755 igitur
962 1718 1033 1756 per
1057 1713 1179 1743 semet
1202 1707 1342 1756 ipsum,
1381 1712 1424 1742 ut

93 1762 155 1800 vel
181 1762 322 1800 iuranti
348 1761 585 1799 dcocredas
611 1762 724 1799 aliurn
756 1761 866 1799 deum
894 1763 1047 1799 omnino
1073 1775 1150 1799 non
1176 1774 1273 1799 esse.
1337 1760 1421 1799 Hoc

94 1826 138 1860 ut
173 1817 267 1857 deus
295 1813 472 1863 faceret,
510 1825 551 1855 tu
591 1831 739 1869 quoque
764 1818 940 1856 Marcion
980 1819 1156 1869 coegisti.
1219 1818 1298 1856 lam
1329 1826 1421 1857 tunc

95 1877 205 1924 enim¹
233 1874 512 1928 providebaris.
573 1874 740 1913 Proinde
784 1875 815 1913 si
853 1882 893 1914 et
929 1876 967 1913 in
1003 1876 1319 1927 promissionibus
1355 1883 1422 1914 aut

96 1933 455 1979 comminationibus
481 1933 600 1978 iurat,
639 1931 750 1971 fidem
778 1934 815 1971 in
845 1932 1065 1984 primordiis
1092 1933 1248 1972 arduam
1287 1940 1420 1972 extor-

95 2005 239 2044 quens,
272 1991 365 2029 nibil
395 1989 468 2028 deo
495 1989 690 2040 indignum
731 1997 806 2036 cst,
846 1989 947 2041 quod
979 1990 1101 2028 efficit
1132 1990 1205 2030 deo
1241 1990 1418 2030 credere.

96 2048 200 2088 Satis
227 2055 267 2087 et
291 2055 380 2086 tunc
407 2047 563 2099 pusillus
589 2046 683 2085 deus
714 2048 752 2085 in
784 2049 866 2099 ipsa
898 2049 1013 2086 etiam
1038 2048 1189 2087 ferocia
1214 2062 1299 2095 sua,
1334 2063 1419 2087 cum

73 2107 155 2145 'ob‘
182 2107 289 2145 vituli
326 2105 657 2158 consecrationem
695 2104 875 2144 efferatus
912 2106 949 2142 in
986 2104 1165 2157 Populum
1197 2105 1245 2145 de
1275 2108 1418 2145 famulo

95 2177 164 2202 suo
189 2163 358 2216 postulat
380 2162 538 2214 Moyse:
576 2162 657 2200 sine
688 2175 766 2214 me,
805 2169 844 2202 et
869 2161 1087 2213 indignatus
1112 2165 1169 2202 ira
1202 2163 1419 2216 disperdam

95 2221 200 2271 illos,
228 2227 268 2270 et
291 2221 430 2270 faciam
456 2227 494 2278 te
520 2221 557 2258 iu
583 2220 775 2259 nationem
800 2221 973 2272 mag'nam
987 2221 1039 2270 5).
1078 2220 1187 2260 Unde
1218 2222 1418 2260 meliorem

190 2395 226 2434 1)
251 2394 313 2425 Ed.
327 2394 429 2424 Fran.
443 2395 478 2424 et
490 2393 564 2434 Rig.
579 2395 881 2426 consumment.
948 2391 984 2435 2)
1007 2395 1091 2425 Gen.
1106 2396 1160 2434 18,
1176 2395 1230 2424 21.
1292 2392 1340 2433 3.)
1356 2394 1419 2424 les.

96 2441 152 2481 45,
169 2441 223 2471 23.
318 2438 356 2482 4)
382 2440 489 2471 Rhen.
504 2441 555 2470 ed.
575 2441 599 2471 1.
625 2442 726 2480 lmo,
751 2440 784 2481 i.‚
809 2440 941 2471 multo
966 2441 1131 2481 vanius,
1157 2439 1263 2478 quod
1289 2450 1321 2478 p.
1346 2449 1372 2470 s.
1394 2440 1418 2470 i.

97 2486 199 2526 quid
222 2496 252 2517 v.
277 2487 461 2518 faceret.
510 2486 553 2517 Si
578 2486 646 2524 al.;
673 2486 810 2517 VVouw.
831 2488 864 2516 et
878 2486 1087 2525 Rigsquod
1110 2496 1156 2516 m.
1183 2495 1214 2516 v.
1252 2495 1327 2524 per
1352 2494 1419 2516 se-

95 2530 343 2572 metipsum.
394 2532 501 2567 Quid
527 2532 661 2562 velles
686 2533 875 2563 faceret?
902 2532 937 2563 ai
962 2532 1015 2563 al.
1063 2532 1125 2563 Ed.
1144 2532 1245 2563 Fran.
1273 2533 1420 2563 facere

97 2578 273 2610 faceret.
324 2578 395 2609 Nos
410 2588 440 2609 v.
460 2578 493 2609 si
514 2579 550 2609 in
570 2579 633 2610 sic
652 2578 873 2611 mutavimus.
971 2578 1006 2619 5)
1031 2578 1142 2610 Exod.
1157 2579 1212 2620 32,
1230 2579 1286 2611 1⁰.
