1624 2826
405 186 532 219 ADV.
567 186 930 217 MARCIONEM
967 186 1144 218 LIBER
1175 188 1232 219 IV.
1390 186 1490 223 221

156 280 258 319 verit
288 291 498 317 conservos
523 277 699 316 absentia
724 276 886 325 domini,
919 292 1077 318 reverso
1104 292 1152 318 eo
1179 278 1352 318 omnibus
1376 279 1488 319 honis

157 343 439 389 praeponetur3
479 336 542 387 qui
566 344 662 374 xero
689 348 802 374 secus
828 338 977 388 egerit,
1015 350 1174 376 reverso
1202 329 1376 384 domino,
1416 351 1490 389 qna

159 393 221 433 die
246 407 323 432 non
348 394 564 446 putaverit,
604 393 701 431 hora
727 407 799 445 qua
832 407 908 432 non
934 395 1093 442 scierit,
1131 395 1198 433 illo
1231 395 1385 433 scilicet
1411 396 1488 434 filio

158 452 334 498 hominis,
361 450 515 489 Christo
543 452 745 497 mentoris,
773 465 850 489 non
875 452 973 497 fure,
1001 451 1069 491 sed
1094 451 1237 498 iudice,
1264 452 1491 504 segregabi-

158 516 222 548 tur
245 515 287 547 et
308 521 398 560 pars
424 509 507 547 eius
533 521 616 546 cum
643 508 861 547 infidelibus
892 511 1117 561 poneturA)
1178 505 1349 548 Proinde
1373 511 1492 562 igitur

159 573 227 605 aut
249 573 291 605 et
313 566 377 605 hic
402 564 568 604 iudicem
594 565 786 604 dominum
819 568 978 619 ‹Tpponit
1003 575 1043 606 et
1068 567 1122 605 illi
1149 567 1387 614 catechizat,
1426 575 1492 606 aut

160 625 192 662 si
217 622 329 675 deum
356 625 563 676 optimum,
582 625 657 662 iam
684 631 724 662 et
748 624 852 662 illum
877 623 1044 671 iudicem
1069 625 1250 672 affirmat,
1278 626 1371 664 licet
1395 625 1492 663 nolit

158 681 398 721 haereticus.
459 681 694 732 Temperare
733 683 832 720 enim
865 689 1016 720 tentant
1051 682 1151 721 hunc
1189 695 1361 728 sensum,
1406 695 1492 720 cum

160 737 235 778 deo
261 740 344 778 eius
367 737 598 783 vindicatur,
626 739 733 790 quasi
758 740 1046 790 tranquillitatis
1059 741 1110 777 sit
1123 746 1162 776 et
1176 737 1489 785 mansuetudinis,

158 796 371 847 segregare
396 794 635 834 solummodo
656 803 696 834 et
715 802 863 847 partem
886 797 968 834 eius
988 810 1072 834 cum
1092 795 1309 835 infidelibus
1330 810 1490 848 ponere,

159 853 270 892 acsi
299 866 377 891 non
407 853 456 891 sit
485 859 672 899 vocatus,
710 860 752 891 ut
781 854 895 891 statui
928 867 996 892 suo
1022 853 1208 892 redditus.
1273 854 1389 902 Quasi
1414 868 1492 892 non

159 917 201 950 et
223 910 299 949 hoc
324 911 446 962 ipsum
472 909 643 949 iudicato
670 910 754 949 fiat!
795 909 987 949 Stultitia!
1031 911 1125 959 Quis
1156 913 1231 950 erit
1268 914 1393 950 exitus
1415 925 1492 950 .se-

159 970 435 1020 gregatorum?
458 967 599 1006 Nonne
625 969 780 1007 amissio
806 969 964 1009 salutis?
988 968 1182 1021 siquidem
1200 969 1248 1007 ab
1276 970 1332 1007 eis
1357 975 1493 1021 segre-

160 1026 365 1078 gabuntur,
392 1027 456 1077 qui
480 1026 642 1064 salutem
669 1034 967 1078 consequemur.
991 1036 998 1039 “
1018 1026 1118 1074 Quid
1137 1028 1257 1078 igitur
1282 1026 1493 1067 infidelium

161 1085 306 1122 status?
352 1082 492 1131 Nonne
524 1082 743 1122 damnatio?
788 1084 869 1123 Aut
899 1085 931 1122 si
957 1084 1050 1122 nihil
1074 1085 1271 1136 patientur
1294 1085 1494 1135 segregati

161 1147 204 1180 et
225 1139 416 1187 infideles,
442 1154 566 1192 aeque
592 1154 642 1179 ex
666 1139 822 1179 'diverso
848 1141 941 1179 nihil
968 1149 1255 1192 consequentur
1285 1142 1427 1179 retenti
1454 1148 1494 1179 et

162 1196 312 1236 fideles.
374 1196 417 1234 Si
446 1210 540 1235 vero
579 1205 865 1249 consequentur
894 1199 1057 1236 salutem
1087 1199 1231 1236 retenti
1261 1205 1301 1236 et
1340 1197 1490 1244 fideles,

162 1254 263 1294 hanc
280 1252 464 1305 'amittant
489 1267 650 1293 necesse
677 1262 737 1293 est
761 1268 811 1293 ex
835 1254 989 1294 diverso
1015 1257 1213 1306 segregati
1238 1262 1278 1293 et
1302 1254 1492 1294 infideles.

164 1311 250 1363 Hoc
276 1313 353 1350 erit
377 1310 576 1358 iudicium,
611 1311 713 1363 quod
739 1313 800 1364 qui
827 1311 992 1351 intendit
1018 1314 1208 1351 creatoris
1233 1319 1307 1351 est.
1373 1312 1494 1360 Quem

163 1370 279 1408 alium
304 1369 516 1419 intelligam
543 1369 930 1419 caedentem-servos
954 1371 1087 1421 paucis
1113 1370 1329 1408 autmultis
1354 1371 1493 1421 plagis,

164 1434 207 1467 et
240 1433 356 1478 prout
393 1426 718 1473 commisit'illis,
756 1428 810 1464 ita
849 1434 889 1465 et
925 1422 1145 1478 exigentem
1182 1427 1236 1465 ab'
1262 1422 1344 1473 eis,
1383 1421 1495 1478 quam

162 1482 601 1531 retributoremdeum?
637 1483 709 1522 Cui
733 1497 794 1523 me
819 1483 936 1523 decet
961 1485 1140 1536 obsequi,
1173 1486 1245 1522 nisi
1272 1497 1495 1523 remunera-

162 1541 265 1588 tori?
311 1541 533 1581 Proclamat
557 1540 864 1596 Christustuus:
903 1543 1030 1593 ignem
1055 1543 1144 1581 veni
1170 1544 1325 1581 mittere
1351 1543 1390 1581 in
1416 1549 1496 1589 ter-

163 1600 313 1648 ram.²)
350 1598 433 1637 ‘Ille
460 1600 637 1651 optimus,
664 1600 802 1639 nullius
828 1600 1029 1651 gehennae
1056 1599 1249 1646 dominus,
1276 1601 1341 1652 qui
1365 1600 1494 1652 paullo

164 1664 255 1696 ante
281 1652 505 1708 discipulos,
532 1670 581 1695 ne
606 1655 734 1708 ignem
754 1658 996 1709 postularent
1015 1658 1326 1696 inhumanissimo
1352 1657 1495 1701 viculo,

166 1721 424 1759 coercuerat,
475 1713 627 1766 quando
665 1716 737 1753 iste
777 1712 984 1755 Sodomam
1022 1722 1063 1753 et
1095 1714 1330 1753 Gomorram
1366 1714 1495 1752 nimbo

166 1771 284 1822 igneo
309 1771 473 1815 exussit,
506 1770 657 1820 quando
685 1779 877 1816 cantatum
904 1779 982 1810 est:
1021 1773 1120 1821 ignis
1145 1779 1234 1809 ante
1260 1773 1379 1823 ipsum
1403 1784 1498 1825 pro-

168 1826 286 1866 cedet
321 1833 361 1864 et
397 1826 587 1864 cremabit
622 1827 798 1864 inimicos
835 1829 994 1876 eius,3)
1035 1827 1185 1879 quando
1218 1835 1258 1866 et
1287 1841 1359 1880 per
1396 1827 1496 1866 Osee

169 1884 422 1924 comminatus
446 1890 524 1921 est:
552 1884 680 1933 ignem
706 1885 876 1922 emittam
901 1885 939 1922 in
966 1885 1143 1934 civitates
1169 1884 1404 1936 ludaeae‚⁴¹)
1434 1886 1498 1924 vel

167 1941 443 1996 per'Esaiam:
494 1942 594 1992 ignis
626 1942 772 1979 exarsit
807 1941 1153 1998 extindignatione
1183 1945 1345 1994 mea.,⁵)
1407 1942 1497 1981 Non

168 2001 398 2045 mentiatur,
445 1999 478 2037 si
514 2012 590 2036 non
629 2005 688 2037 est
722 1999 807 2046 ille,
847 2001 910 2051 qui
947 1999 995 2038 de
1031 2001 1129 2039 rubo
1152 2013 1312 2053 ,quoque
1343 1999 1499 2040 ardenti

168 2070 304 2096 vocem
344 2070 449 2095 suam
488 2056 632 2103 emisit3
682 2055 844 2104 videris,
890 2070 1001 2110 quem
1038 2059 1167 2110 ignem
1204 2057 1497 2110 intelligendum

170 2113 398 2154 contendas.
459 2113 620 2151 Etiamsi
657 2113 807 2167 figura
817 2122 894 2162 est,
934 2115 1013 2154 hoc
1041 2117 1145 2168 ipso,
1185 2115 1286 2168 quod
1323 2089 1371 2155 (le
1410 2129 1497 2154 meo

170 2173 362 2211 elemento
394 2178 620 2223 argumenta
656 2173 784 2211 sensui
821 2186 889 2211 suo
921 2174 1052 2220 sumit,
1091 2175 1197 2213 meus
1221 2181 1310 2221 est,
1349 2175 1412 2225 qui
1450 2172 1497 2211 de

171 2230 266 2268 meis
296 2230 436 2270 utitur
489 2228 594 2267 Illius
631 2230 707 2267 erit
741 2229 948 2287 similitudo
980 2232 1099 2282 ignis,
1139 2233 1245 2270 cuius
1277 2238 1317 2269 et
1340 2231 1497 2268 veritas.

171 2286 259 2339 lpse
284 2284 420 2324 melius
444 2287 796 2337 interpretabitur
785 2289 885 2339 ignis
904 2289 1012 2327 istius
1027 2289 1261 2341 qualitatem,
1288 2286 1497 2326 adiiciens:

171 2345 314 2397 putatis
337 2344 497 2382 -veaisse
530 2357 589 2382 me
621 2357 756 2396 pacem
794 2346 947 2384 mittere
986 2347 1024 2384 in
1055 2347 1230 2384 terram?
1274 2358 1370 2390 non,
1408 2343 1498 2382 dieo

171 2401 293 2449 vobis,
319 2400 389 2440 sed
414 2402 757 2453 separationemfi)
818 2402 1110 2451 Machaeram&
1138 2402 1290 2454 quidem
1315 2402 1498 2454 scriptum

267 2540 304 2578 1)
328 2540 412 2570 Luc.
433 2541 487 2579 12,
503 2542 545 2570 41
557 2542 660 2571 -46,
710 2540 744 2575 2)
767 2542 850 2573 Luc.
867 2543 919 2579 12,
933 2542 976 2571 49
1041 2539 1075 2579 3)
1099 2541 1154 2572 Ps.
1168 2542 1223 2579 97,
1239 2542 1270 2572 3.
1364 2540 1403 2579 4)
1416 2541 1499 2571 Hos.

175 2587 208 2626 8,
224 2588 277 2617 14.
349 2585 383 2626 5)
396 2588 458 2617 ιω.
468 2588 522 2628 30,
532 2588 586 2617 27.
612 2589 802 2629 ier.15,14.
875 2589 911 2627 6)
926 2588 1136 2628 Luc.12‚51.·
1208 2586 1499 2627 7)Mauh.1o‚34.
