1604 2800
360 145 434 176 DE
469 144 986 176 RESURREchoNE
1025 145 1252 177 caams.
1357 141 1463 182 105

131 251 196 278 res
222 238 374 277 sibimet
407 238 595 283 existens,
635 235 759 275 donec
792 243 832 274 et
862 250 939 274 nox
970 238 1176 276 reviviscat
1207 251 1291 276 cum
1322 252 1392 277 suo
1425 247 1466 278 et

131 296 199 335 illa
236 301 434 347 suggestu.
506 293 858 333 Redaccenduntur
900 295 1000 332 enim
1043 301 1083 333 et
1118 295 1314 333 stellarum
1350 295 1463 343 radii,

133 366 228 406 quos
253 353 436 391 matutina
461 352 663 391 succensio
678 352 717 402 1)
745 352 1004 399 exstinxerat3
1037 351 1273 391 reducuntur
1298 360 1337 391 et
1361 352 1465 392 side-

133 424 216 450 rum
242 410 460 457 absentiae,
489 423 581 462 quas
607 409 829 461 temporalis
855 408 1050 448 distinctio
1077 418 1294 458 exemerat3
1326 410 1465 449 redor-

133 475 274 507 nantur
299 475 338 506 et
362 468 519 519 specula
545 468 671 514 lunae,
700 479 796 518 quae
823 474 1036 506 menstruus
1056 480 1233 506 numerus
1247 469 1464 507 attriverat.

133 525 395 565 Revolvuntur
419 525 564 564 hiemes
597 532 637 563 et
668 531 836 562 aestates
868 531 908 563 et
938 537 1056 562 verna
1088 531 1128 563 et
1164 532 1342 563 autumna
1381 539 1466 564 cum

134 584 212 622 suis
236 583 398 628 viribus,
437 582 625 628 moribus,
665 581 864 620 fructibus.
927 581 1074 634 Quippe
1108 583 1221 621 etiam
1254 590 1383 621 terrae
1417 582 1465 621 de

135 640 248 680 coelo
286 639 487 692 disciplina
525 647 608 685 est,
658 639 818 677 arbores
856 640 996 678 vestire
1034 647 1122 691 post
1158 640 1305 691 spolia,
1348 641 1466 678 flores

136 697 262 737 denuo
291 698 488 739 colorare,
528 696 667 735 herhas
698 709 829 735 rursus
861 697 1078 748 imponere,
1117 697 1302 735 exhibere
1330 696 1466 735 eadem

136 769 233 809 quae
259 755 457 806 absumpta
482 754 557 791 sint
582 754 744 799 semina,
785 766 856 791 nec
888 755 991 804 prius
1018 753 1222 800 exhibere,
1263 765 1372 805 quam
1399 754 1467 792 ab·

135 819 297 864 sumpta.
360 811 460 849 Mira
485 811 606 849 ratio:
646 810 693 848 de
724 808 962 849 fraudatrice
994 811 1203 858 servatrix3
1242 818 1283 848 ut
1314 810 1464 857 reddat,

134 869 351 921 intercipit,
379 875 420 906 ut
446 866 650 914 custodiat,
678 866 825 919 perdit3
851 874 893 904 ut
918 868 1100 918 integret,
1127 868 1256 915 vitiat3
1283 875 1324 906 ut
1350 869 1466 906 etiam

134 922 304 979 ampliet,
341 927 446 978 prius
479 925 678 976 decoquit3
718 923 902 976 siquidem
937 925 1116 963 uberiora
1150 932 1189 963 et
1215 926 1379 963 cultiora
1405 938 1467 964 re-

135 985 270 1037 stituit,
298 997 407 1035 quam
434 983 724 1030 exterminavit,
752 995 890 1020 revera
915 982 1078 1020 foenore
1104 983 1274 1029 interitu,
1303 990 1342 1021 et
1367 984 1466 1020 iniu-

134 1043 192 1081 ria
217 1055 344 1088 usura,
372 1048 412 1079 et
437 1042 544 1080 lucro
573 1039 726 1078 damno.
792 1037 921 1077 Semel
947 1038 1128 1086 dixerim,
1167 1041 1345 1078 universa
1373 1053 1466 1079 con—

135 1099 230 1139 ditio
257 1097 429 1138 recidiva
455 1105 526 1136 est.
591 1095 852 1148 Quodcunque
880 1098 1122 1143 conveneris,
1150 1097 1239 1144 fuit3
1269 1096 1466 1148 quodcun-

136 1170 209 1209 que
236 1157 428 1201 amiseris,
467 1155 560 1192 nihil
587 1168 663 1192 non
688 1155 827 1191 iterum
855 1160 925 1191 est.
989 1153 1122 1191 Omnia
1148 1154 1184 1191 in
1212 1160 1348 1191 statum
1376 1153 1466 1191 red-

136 1220 246 1259 eunt,
281 1226 390 1264 quum
417 1211 696 1258 abscesserint3
737 1211 862 1248 omnia
888 1211 1092 1262 incipiunt,
1121 1224 1231 1262 quum
1258 1210 1464 1258 desierint3

135 1270 225 1310 ideo
253 1270 446 1315 finiuntur,
473 1276 515 1306 nt
540 1269 643 1306 fiant.
687 1267 792 1305 Nihil
820 1267 984 1319 deperit,
1011 1268 1083 1305 nisi
1109 1269 1146 1305 in
1173 1269 1345 1306 salutem.
1390 1268 1467 1306 To-

137 1336 197 1367 tus
234 1328 353 1379 igitur
383 1327 446 1364 hic
485 1325 581 1364 ordo
620 1325 843 1364 revolubilis
880 1338 1006 1363 rerum
1045 1327 1202 1363 testatio
1242 1333 1300 1363 est
1337 1338 1467 1364 resur-

136 1386 324 1425 rectionis
351 1390 597 1422 mortuorum.
643 1382 832 1434 Operibus
858 1395 941 1420 eam
968 1383 1217 1434 praescripsit
1243 1382 1336 1420 deus
1362 1389 1465 1429 ante,

139 1455 250 1495 quam
275 1442 411 1488 literis,
436 1440 580 1479 viribus
606 1438 846 1491 praedicavit
871 1447 973 1486 ante,
1001 1452 1110 1491 quam
1136 1439 1308 1478 vocibus.
1347 1439 1467 1478 Prae-

135 1501 239 1539 misit
262 1499 332 1537 tibi
364 1505 535 1537 naturam
568 1498 806 1548 magistram,
846 1497 1109 1535 summissurus
1141 1504 1181 1535 et
1211 1497 1465 1549 prophetiam,

137 1571 212 1610 quo
237 1556 389 1595 facilius
415 1554 552 1595 credas
578 1555 820 1607 prophetiae,
854 1553 1061 1605 discipulus
1089 1561 1261 1600 naturae,
1290 1568 1362 1606 quo
1390 1562 1467 1592 sta-

138 1616 202 1654 tim
229 1613 426 1660 admittas,
466 1627 548 1652 cum
577 1611 764 1659 audieris,
794 1611 894 1663 quod
920 1612 1059 1662 ubique
1086 1612 1159 1649 iam
1190 1611 1354 1658 videris,
1394 1624 1466 1650 nec

137 1672 289 1711 dubites
322 1670 434 1709 deum
467 1670 594 1708 carnis
627 1670 742 1707 etiam
778 1669 1112 1713 resuscitatorem,
1153 1680 1262 1718 quem
1302 1670 1468 1706 omnium

137 1730 244 1767 noris
281 1728 556 1766 restitutorem.
618 1725 669 1762 Et
700 1725 829 1775 utique
861 1725 892 1761 si
926 1725 1051 1761 omnia
1078 1724 1220 1761 homini
1246 1732 1466 1775 resurgunt,

140 1787 202 1824 cui
254 1790 433 1822 rocurata
460 1789 564 1827 sunt,
591 1793 708 1832 porro
735 1794 811 1818 non
836 1780 998 1826 homini,
1026 1780 1097 1818 nisi
1124 1787 1163 1818 et
1189 1782 1314 1818 carni:
1355 1782 1466 1832 quale

139 1849 219 1888 est,
258 1847 300 1879 ut
330 1841 410 1892 ipsa
446 1837 631 1890 depereat
656 1838 694 1874 in
721 1844 860 1884 totum,
898 1843 1058 1888 propter
1085 1850 1193 1888 quam
1220 1844 1260 1876 et
1286 1839 1347 1877 cui
1372 1838 1466 1877 nihil

138 1899 315 1952 deperit?

206 1996 215 2004 ‚
260 1959 324 1997 13.
377 1953 419 1993 Si
451 1966 583 2004 parum
614 1953 842 1991 universitas
874 1953 1196 1992 resurrectionem
1236 1953 1395 2004 figurat,
1434 1955 1467 1992 si

138 2014 232 2053 nihil
258 2013 336 2051 tale
363 2010 534 2050 conditio
562 2011 706 2061 signat,
745 2011 832 2062 quia
862 2010 1011 2061 singula
1043 2011 1124 2049 eius
1151 2024 1225 2048 non
1252 2018 1326 2049 tam
1354 2012 1466 2058 mori,

139 2068 467 2124 quamdesinere
506 2066 699 2114 dicantur,
743 2080 816 2106 nec
854 2066 1104 2114 redanimari,
1149 2067 1216 2106 sed
1259 2068 1467 2106 reformari

139 2129 425 2167 existimentur:
465 2125 599 2176 accipe
631 2125 888 2177 plenissimum
919 2132 1033 2177 atque
1066 2125 1317 2164 firmissimum
1355 2126 1466 2164 huius

140 2186 224 2238 spei
255 2185 469 2236 specimen,
507 2180 691 2233 siquidem
723 2183 895 2222 animalis
927 2189 986 2221 est
1016 2195 1079 2221 res
1105 2189 1145 2221 et
1169 2183 1270 2221 vitae
1298 2182 1467 2220 obnoxia

142 2250 183 2281 et
206 2242 333 2294 morti.
394 2239 502 2278 Illum
528 2239 616 2278 dico
643 2239 771 2278 alitem
797 2240 956 2278 orientis
981 2240 1233 2292 peculiarem,
1262 2238 1309 2277 de
1336 2239 1466 2290 singu-

140 2300 293 2339 laritate
331 2298 534 2343 famosum,
572 2295 619 2335 de
650 2298 876 2348 posteritate
913 2304 1210 2342 monstruosum,
1250 2297 1312 2347 qui
1344 2303 1466 2334 semet

139 2358 261 2410 ipsum
288 2354 453 2394 libenter
477 2354 657 2393 funerans
682 2361 842 2392 renovat
866 2355 984 2393 natali
1016 2354 1089 2392 fine
1123 2351 1317 2392 decedens
1349 2360 1463 2405 atque

234 2540 270 2580 1)
297 2538 571 2571 Cod.Pithoeiet
586 2539 691 2570 Rhen.
712 2539 955 2581 suggesti03
981 2539 1064 2580 GeL,
1087 2537 1416 2579 Rig.succensio.

946 2591 986 2649 N.
