1566 2808
163 139 268 177 180
423 136 944 171 ADV.MAR010NEM
980 136 1155 167 IABER
1192 137 1247 167 rv.

165 239 323 272 metent.
386 231 491 270 Haec
526 230 614 269 olim
648 237 804 269 creator
835 229 944 268 simul
970 229 1116 280 posuit,
1155 227 1495 276 Christussolum-

164 289 279 328 modo
318 286 608 339 distinguendo,
648 301 723 325 non
748 286 947 332 mutando,
993 287 1235 327 renovavit.¹
1268 285 1371 332 Vae,
1411 299 1495 324 eum

125 351 128 355 '
165 347 276 384 vohis
309 345 584 395 benedixerint
616 345 808 392 homines3
847 342 1053 383 secundnm
1087 344 1183 382 haec
1222 343 1420 383 faciebant
1458 351 1498 382 et

165 402 515 456 pseudoprophetis
541 409 669 454 patres
687 402 859 440 illorum.
881 403 917 450 1)
978 400 1114 453 Aeque
1143 408 1311 449 creator,
1338 399 1498 439 benedi-

168 462 307 499 ctionis
333 468 373 499 et
399 459 521 498 laudis
559 460 745 497 humanae
784 466 998 498 sectatores
1029 460 1180 500 incusat
1215 472 1293 511 per,
1322 458 1496 497 Esaiam:

165 519 328 570 populus
360 531 484 565 meus,
524 518 585 569 qui
609 530 678 555 vos
704 516 838 555 beatos
864 515 1014 562 dieunt,
1047 515 1236 555 seducunt
1258 529 1327 555 vos
1353 522 1393 555 et
1416 517 1499 561 vias

166 575 305 628 pedum
343 582 560 614 vestrorum
598 573 825 612 disturbant.
846 576 884 622 2)
947 573 1133 612 Prohibet
1169 581 1209 612 et
1245 574 1339 612 alias
1377 572 1497 612 fidere

169 633 322 671 omnino
350 634 387 670 in
413 633 623 679 hominem,
650 633 705 670 sie
733 639 772 670 et
796 632 834 669 in
862 629 1011 669 laudem
1037 631 1220 678 hominis,
1247 638 1288 669 ut
1312 630 1499 683 perHie-

168 691 347 728 remiam:
374 689 599 728 maledictus
626 689 752 735 homo,
782 690 844 741 qui
859 701 961 740 spem
975 687 1145 726 habetin
1163 688 1374 738 homine.³)
1401 687 1500 726 Nam

169 754 209 785 et
239 748 277 784 in
308 747 453 798 psalmo
487 760 605 784 exveu
644 747 781 785 bonum
816 753 875 784 est
908 745 1027 783 fidere
1059 747 1096 783 in
1135 744 1351 792 dominum,
1390 758 1499 797 quam

170 803 291 843 fidere
330 804 368 841 in
405 803 621 849 hominem,
673 810 712 841 et
748 803 886 841 bonum
927 809 986 840 est
1021 815 1179 853 sperare
1218 804 1255 840 in
1294 802 1499 849 dominum,

171 875 281 913 quam
308 873 465 912 sperare
492 861 529 898 in
556 860 764 911 principes
783 861 821 907 4)
885 859 941 897 Ita
969 866 1106 906 totum,
1147 852 1246 911 quod
1274 860 1320 898 ab
1347 860 1500 898 immine

172 925 366 970 captatur,
406 916 554 955 abdixit
581 924 754 964 creator,
782 915 918 955 nedum
944 916 1268 955 benedictionem.
1330 916 1502 956 Pseudo-

170 975 380 1027 prophetas
406 982 531 1012 autem
559 974 734 1012 laudatos
760 975 839 1012 sive
866 974 1094 1013 benedictos
1115 987 1137 1012 a
1156 975 1328 1026 patribus
1355 988 1500 1021 eorum,

171 1040 248 1070 tam
275 1033 356 1070 eius
383 1038 443 1069 est
468 1031 726 1097 exprobrare,
766 1045 875 1082 quam
902 1032 1111 1083 prophetas
1136 1039 1297 1070 vexatos
1324 1039 1364 1071 et
1389 1045 1502 1071 recu-

173 1097 297 1136 satos3
339 1089 437 1126 sicut
467 1089 629 1126 iniuriae
655 1088 928 1139 prophetarum
961 1102 1036 1126 non
1061 1090 1337 1140 pertinuissent
1361 1088 1410 1127 ad
1436 1088 1503 1131 de-

172 1160 235 1184 um
266 1145 464 1197 ipsorum,
495 1146 546 1183 ita
579 1158 652 1183 nee
684 1146 833 1196 gratiae
865 1145 1289 1198 pseudoprophetarum
1320 1145 1503 1213 displicu—

172 1204 305 1250 issent,
333 1204 405 1241 nisi
432 1202 504 1241 deo
531 1203 815 1254 prophetarum.

293 1264 358 1313 16.
411 1258 489 1299 Sed
515 1260 624 1298 vobis
651 1258 758 1308 dieo,
797 1262 937 1313 inquit,
978 1263 1040 1314 qui
1073 1261 1231 1309 auditis,
1278 1260 1504 1311 (ostendens

173 1319 249 1357 hoe
283 1318 372 1356 olim
404 1317 620 1356 mandatum
652 1332 674 1357 a
707 1326 905 1358 creatore:
944 1320 1103 1372 loquere
1137 1321 1174 1358 in
1206 1333 1319 1359 aures
1345 1319 1505 1358 audien-

174 1376 324 1422 tium,)⁵
331 1379 344 1423 )
373 1374 522 1425 diligite
548 1376 723 1414 inimicos
747 1384 913 1423 vestros,
939 1385 977 1416 et
1002 1376 1224 1416 benedicite
1252 1390 1333 1424 eos,
1361 1378 1506 1439 quivos

177 1430 359 1478 oderunt,
400 1438 441 1469 et
466 1439 575 1470 mate
600 1446 671 1483 pro
699 1433 774 1479 eis,
814 1435 874 1484 qni
901 1448 970 1472 vos
996 1436 1288 1473 calumniantur.
1293 1435 1335 1484 6)
1398 1424 1504 1473 Haec

177 1495 334 1527 creator
358 1500 432 1526 una
456 1489 770 1555 pronuntiatione
798 1491 911 1528 clusit
941 1504 1012 1542 per
1037 1491 1210 1530 Esaiam·
1249 1490 1387 1538 dicite,
1426 1492 1504 1530 fra-

174 1553 257 1584 tres
282 1546 404 1583 nostri
430 1547 540 1592 estis,
575 1547 649 1593 eis,
678 1547 741 1599 qni
766 1560 834 1585 vos
861 1546 1083 1595 oderunt.⁷)
1148 1547 1190 1586 Si
1216 1549 1317 1587 enim
1340 1550 1407 1600 qui
1433 1550 1505 1588 ini·
1543 1574 1545 1577 -

176 1603 267 1641 mici
293 1609 380 1641 sunt
404 1610 444 1641 et
469 1602 634 1641 oderunt
659 1610 698 1642 et
723 1603 957 1650 maledicunt
982 1612 1022 1644 et
1047 1606 1337 1653 calumniantur,
1363 1607 1506 1646 fratres

178 1659 399 1711 appellandi
425 1667 530 1707 sunt,
567 1661 697 1711 utique
730 1668 770 1699 et
806 1661 987 1700 benedici
1020 1662 1196 1702 odientes
1218 1664 1269 1712 'et
1300 1665 1404 1702 orari
1434 1677 1505 1716 pro

179 1717 516 1756 calumniatoribus
547 1717 675 1764 iussit,
714 1718 777 1770 qui
808 1731 876 1757 eos
909 1719 1048 1759 fratres
1086 1719 1262 1772 deputari
1292 1722 1506 1773 praecepit.

177 1773 329 1812 Novam
355 1775 468 1826 plane
495 1775 718 1827 patientiam
745 1774 863 1814 docet
888 1775 1080 1824 Christus,
1119 1779 1235 1816 etiam
1259 1779 1383 1817 vicem
1409 1779 1507 1817 iniu-

178 1832 260 1870 riae
294 1832 478 1870 cohibens
509 1833 731 1884 permissam
757 1846 780 1871 a
806 1841 1004 1881 creatore,
1051 1836 1202 1874 oculum
1227 1836 1408 1887 exigente
1433 1849 1505 1888 pro

180 1889 293 1928 oculo
321 1896 360 1927 et
385 1888 538 1928 dentem
563 1903 634 1942 pro
662 1889 796 1940 dente,
813 1893 848 1939 Β)
890 1899 1026 1930 contra
1051 1893 1134 1945 ipse
1160 1893 1319 1932 alteram
1347 1894 1506 1945 amplius

177 1946 370 1984 maxillam
409 1946 542 1985 offerri
577 1948 731 1995 iubens,
759 1955 811 1998 'et
847 1962 963 2000 super
998 1951 1165 1989 tunicam
1186 1950 1320 2002 pallio
1354 1963 1504 2003 quoque

180 2001 281 2043 cedi.
290 2002 330 2055 ⁹)
379 2003 497 2042 Plane
523 2005 620 2043 haee
649 2004 821 2044 Christus
847 2006 1039 2045 adiecerit
1062 2015 1104 2046 ut
1123 2008 1387 2059 supplementa
1412 2021 1507 2046 eon—

180 2067 362 2098 sentanea
390 2054 615 2113 disciplinae
642 2064 844 2101 cleatoris.
905 2062 1031 2116 Atque
1063 2064 1162 2103 adeo
1195 2065 1267 2102 hoe
1293 2065 1419 2103 statim
1443 2078 1506 2104 re-

180 2116 427 2155 nuntiandum
454 2126 531 2156 est:
571 2132 619 2156 an
647 2119 854 2171 disciplina
879 2122 1100 2172 patientiae
1116 2119 1364 2172 praedicatur
1386 2135 1506 2174 penes

182 2176 431 2212 creatorem?
480 2173 545 2213 Sic
571 2188 642 2226 per
665 2177 893 2215 Zachariam
919 2179 1137 2230 praecepit,
1177 2191 1223 2216 ne
1250 2180 1506 2233 unusquisque

181 2231 349 2270 malitiae
380 2231 511 2270 fratris
541 2233 599 2270 sui
631 2234 863 2280 meminerit,
901 2233 970 2273 sed
1002 2248 1073 2274 nec
1105 2237 1281 2287 proximi.
1342 2236 1440 2276 Nam
1467 2244 1507 2276 et

274 2393 310 2432 1)
337 2395 420 2425 L.uc
439 2397 470 2434 6,
486 2396 540 2427 26
613 2393 649 2435 2)
676 2397 854 2436 1es.3,12.
932 2395 971 2440 3)
996 2400 1059 2429 Ier.
1074 2400 1129 2439 1¹1,
1145 2397 1176 2430 5.
1248 2398 1286 2438 4)
1309 2398 1366 2432 Ps
1381 2400 1457 2436 118,
1473 2401 1504 2431 8.

183 2436 219 2480 5)
246 2439 527 2480 4Esd1-ae15,1
613 2443 650 2480 6)
677 2444 759 2473 Luc.
775 2445 807 2481 6,
824 2445 878 2473 27.
894 2441 947 2474 28.
1027 2443 1063 2487 7)
1090 2444 1269 2484 1es.66,5.
1341 2444 1375 2485 8)
1392 2445 1505 2476 Exod.

181 2486 236 2525 21,
251 2486 306 2516 24.
355 2486 391 2525 9)
414 2487 495 2517 Luc.
512 2489 543 2528 6,
558 2488 615 2521 29
640 2505 686 2512 —
707 2490 791 2528 Aug.
819 2489 918 2520 Halm
944 2495 1063 2521 censet
1084 2486 1300 2523 sciibendur'n
1324 2500 1400 2522 esse
1422 2495 1505 2522 aut:

181 2531 375 2563 tunicam
400 2541 531 2572 super
555 2534 714 2580 pallio,
748 2537 827 2566 aut:
854 2545 941 2575 sup.
970 2538 1055 2567 tun.
1074 2537 1272 2576 pallium.
