1566 2808
137 199 241 235 144
392 198 520 232 ADV.
557 198 921 231 MARCIONEM
956 198 1132 230 LIBER
1162 199 1218 231 111.

140 292 379 330 convertitur
422 291 471 330 ad
509 291 868 343 interpretationem
906 292 1066 329 somnii?
1127 289 1221 331 Cum
1260 290 1360 329 enim
1402 289 1461 329 di-

138 349 286 395 ixisset(
300 362 410 400 quam
437 349 622 387 terribilis
648 355 708 387 est
732 348 840 386 locus
865 349 951 395 iste,
979 362 1055 386 non
1081 354 1152 395 est,
1180 348 1315 400 inquit,
1342 346 1460 400 aliud,

139 405 207 444 sed
234 404 352 444 aedes
379 405 460 453 dei,
488 413 528 444 et
552 406 649 444 haec
675 412 788 457 porta
814 405 980 454 coeli1).
1045 404 1236 443 Christum
1268 403 1460 444 «lominum

139 464 240 501 enim
265 462 435 510 viderat,
468 463 647 514 templum
681 462 742 500 dei
777 469 816 501 et
840 460 1007 513 portani,
1041 461 1221 509 eundem,
1253 474 1325 513 per
1350 474 1460 514 quem

139 519 267 558 aditur
293 521 456 559 coelum.
520 520 569 558 Et
593 520 723 571 utique
750 527 899 571 portam
927 520 1027 558 coeli
1053 533 1129 557 non
1155 514 1401 566 nominasset,
1429 520 1462 557 si

140 578 291 616 coelum
329 591 405 615 non
442 576 571 616 aditur
608 576 707 629 apud
747 584 977 615 creatorem.
1048 575 1126 615 Sed
1164 583 1224 615 est
1253 584 1300 624 et
1334 583 1460 629 porta,

140 648 237 687 quae
269 636 410 687 recipit
448 642 487 673 et
518 648 614 687 quae
647 633 843 686 perducit,
876 641 996 672 strata
1021 635 1094 672 iam
1126 647 1149 671 a
1175 633 1342 672 Christo.
1403 633 1462 672 De

141 700 215 743 quo
242 691 381 731 Amos:
416 694 477 744 qui
504 692 686 731 aedificat
717 693 756 729 in
783 692 931 730 coelum
959 704 1158 731 ascensum
1185 701 1290 737 51111111
1303 692 1362 738 2),
1389 692 1463 729 uti-

141 762 213 801 que
240 763 317 795 non
341 750 415 787 sibi
441 750 525 795 soli,
553 749 621 788 sed
649 756 688 787 et
713 749 894 800 suis,'qui
921 762 1003 787 cum
1030 749 1096 787 illo
1124 755 1248 787 erunt.
1309 747 1361 786 Et
1386 749 1463 787 cir·

141 806 338 845 cumdabis
359 807 458 845 enim
473 807 559 845 illos
585 807 666 853 tibi,
694 807 828 857 inquit,
855 813 1032 857 tanquam
1059 812 1321 844 ornamentum
1348 818 1463 858 spon-

140 877 206 903 sae
221 865 272 912 3).
329 864 386 902 Ita
423 877 494 916 per
529 864 633 902 illum
671 876 870 901 ascensum
910 862 957 901 ad
997 861 1183 901 coelestia
1220 875 1342 914 regna
1378 870 1463 902 ten-

140 921 289 968 dentes,
316 923 475 960 miratur
500 922 654 973 spiritus
681 920 832 959 dicens:
864 921 996 964 volant
1019 919 1123 959 velut
1145 921 1207 972 qui
1233 927 1320 959 sunt
1345 921 1460 967 milvi,

139 986 182 1018 ut
206 979 326 1018 nubes
356 972 506 1026 volant,
540 986 580 1017 et
608 979 714 1018 velut
744 979 836 1030 pulli
869 977 1128 1016 columbarum
1142 980 1200 1025 4),
1227 977 1278 1023 ad
1302 990 1361 1016 me
1386 979 1463 1017 501-

140 1037 235 1075 licet
260 1037 487 1088 simpliciter
511 1043 552 1074 ut
579 1036 791 1075 columbae.
842 1035 1076 1074 Auferemur
1100 1036 1199 1074 enim
1226 1036 1264 1073 in
1290 1035 1410 1074 nubes
1423 1037 1462 1084 5)

141 1094 291 1132 obviam
323 1093 496 1140 domino,
524 1093 732 1132 secundum
770 1094 984 1145 apostolum
999 1093 1057 1142 6),
1091 1093 1157 1131 1110
1197 1093 1349 1131 scilicet
1382 1093 1469 1131 filio

139 1151 304 1188 hominis
339 1152 519 1189 veniente
558 1152 596 1188 in
634 1148 813 1197 nubibus,
852 1149 1059 1189 secundum
1097 1149 1363 1200 Danielem).
1413 1149 1465 1188 Et

138 1209 192 1246 ita
224 1221 377 1259 semper
408 1221 492 1246 cum
525 1207 680 1247 domiuo
713 1209 872 1255 erimus,
911 1214 1071 1246 eatenus
1103 1206 1190 1246 dum
1222 1214 1262 1246 et
1285 1208 1325 1246 in
1355 1214 1463 1247 terra

140 1273 180 1303 et
211 1266 248 1304 in
288 1266 420 1312 coelo,
461 1266 523 1317 qui
561 1266 609 1304 ob
647 1266 844 1317 utriusque
881 1265 1144 1317 promissionis
1180 1265 1354 1317 ingratos
1379 1265 1463 1317 ipsa

139 1324 255 1361 etiam
282 1323 680 1362 elementa‘testatur:
719 1322 809 1361 audi
843 1323 990 1362 coelum
1024 1329 1064 1361 et
1093 1323 1138 1360 in·
1164 1323 1278 1365 aures
1302 1324 1462 1375 percipe

139 1387 246 1418 terra
260 1381 313 1428 8).
373 1380 424 1418 Et
461 1394 535 1431 ego
575 1380 744 1432 quidem,
796 1382 946 1419 etiamsi
983 1374 1122 1418 nullam
1159 1381 1243 1432 spei
1280 1381 1462 1425 coelestis

139 1450 287 1475 manum
331 1438 422 1475 mihi
465 1439 581 1475 toties
624 1438 814 1488 scriptura
856 1438 1102 1489 porrigente,
1148 1438 1241 1475 satis
1278 1438 1461 1476 haberem

138 1495 249 1533 huius
289 1507 439 1546 quoque
465 1495 728 1546 promissionis
764 1494 1056 1546 praeiudicium,
1096 1493 1197 1545 quod
1234 1495 1309 1533 iam
1334 1501 1462 1534 terre-

138 1565 224 1590 nam
251 1553 413 1603 gratiam
442 1559 610 1600 teneam3
650 1559 917 1604 exspectarem
955 1549 1099 1604 aliquid
1131 1558 1171 1590 et
1199 1550 1250 1590 de
1278 1553 1461 1599 coe10,1a

139 1609 212 1648 deo
241 1610 342 1648 coeli
378 1611 479 1648 sicut
514 1617 555 1648 et
590 1617 738 1658 terrae3
777 1611 830 1648 ita
868 1609 1067 1648 crederem
1096 1608 1304 1662 Christum,
1344 1610 1461 1649 subli-

137 1668 260 1705 miora
285 1667 553 1719 pollicentem,
586 1668 668 1706 eius
693 1680 799 1714 esse,
832 1668 895 1718 qui
921 1674 960 1705 et
985 1667 1189 1705 humiliora
1212 1668 1458 1719 promiserat,

138 1726 201 1776 qui
228 1726 495 1776 experimenta
521 1725 706 1763 maiorum
734 1724 781 1762 de
809 1725 975 1775 parvulis
1000 1720 1169 1771 fecerat,
1208 1725 1271 1776 qui
1300 1724 1376 1764 hoc
1401 1726 1460 1763 in-

136 1781 270 1829 auditi,
298 1783 331 1820 si
356 1782 472 1829 forte,
500 1783 611 1832 regni
636 1783 886 1834 praeconium
913 1782 984 1819 soli
1000 1777 1152 1820 Christo
1178 1789 1458 1839 reseryaverat,

135 1847 177 1889 ut
202 1853 272 1891 per
296 1840 458 1879 famulos
485 1839 636 1891 quidem
673 1847 830 1878 terrena
868 1840 1012 1890 gloria,
1052 1839 1233 1878 coelestis
1263 1853 1361 1879 vero
1388 1853 1460 1892 per

134 1898 256 1948 ipsum
289 1896 399 1935 deum
432 1897 735 1938 adnuntiaretur.
797 1897 850 1935 At
881 1904 921 1935 tu
952 1897 1041 1938 hine
1074 1897 1369 1949 quoqssuealium
1395 1911 1458 1941 ar-

124 1955 369 2004 gumentaris
385 1954 589 2001 Christum,
617 1953 903 2006 quod'regnum
926 1968 1063 1993 novum
1089 1953 1300 1994 adnuntiet.
1334 1954 1457 2008 Prius

133 2018 212 2058 est,
257 2010 413 2063 aliquod
451 2012 663 2063 exemplum
689 2011 952 2062 indulgentiae
990 2013 1187 2064 proferas,
1231 2015 1280 2051 ne
1316 2013 1455 2052 merito

133 2068 302 2107 dubitem
346 2067 394 2106 de
439 2068 513 2107 fide
557 2076 687 2121 tantae
737 2070 1020 2121 promissionis,
1071 2083 1182 2121 quam
1226 2068 1454 2122 sperandam

132 2125 248 2174 dicis,
288 2127 364 2164 imo
403 2133 491 2164 ante
531 2127 656 2164 omnia
688 2134 765 2174 est,
804 2134 861 2174 ut,
901 2140 1012 2178 quem
1039 2126 1226 2165 coelestia
1249 2126 1454 2179 praedicas

130 2184 419 2235 repromittere,
449 2183 603 2235 ali‘quo'd
631 2184 781 2222 coelum
806 2184 949 2236 probes
967 2185 1069 2223 eius.
1130 2182 1184 2222 At
1208 2197 1307 2223 nune
1332 2198 1453 2224 vocas

129 2241 179 2279 ad
205 2253 384 2288 coenam,
412 2254 484 2280 nec
511 2240 661 2279 domurn
693 2241 884 2296 ostendis;
911 2241 1058 2293 allegas
1083 2234 1262 2293 regnum,
1289 2254 1363 2282 nee
1388 2255 1453 2281 re-

129 2300 230 2349 giam
268 2305 470 2347 monstras.
519 2296 708 2350 A‘n·quia
747 2298 920 2337 Christus
956 2305 1042 2338 tuus
1081 2299 1253 2338 coeleste
1289 2312 1450 2351 regnum

128 2357 374 2408 repromittit,
403 2369 479 2394 non
498 2355 643 2395 habens
664 2356 827 2405 coelum,
855 2355 1045 2409 quomodo
1067 2363 1107 2396 et
1125 2355 1315 2396 hominem
1335 2368 1450 2410 prae-

220 2504 256 2547 1)
284 2507 366 2538 Gen.
383 2509 437 2546 28,
454 2509 507 2538 17.
603 2506 640 2550 2)
667 2507 770 2539 Amos
785 2511 817 2548 9,
834 2511 864 2539 6.
959 2509 996 2549 3)
1022 2508 1086 2540 len.
1099 2509 1156 2548 49,
1171 2509 1226 2538 18.
1320 2508 1357 2548 4)
1384 2509 1447 2540 les.

126 2552 180 2589 60,
198 2553 228 2582 8.
325 2553 361 2595 5)
388 2553 450 2584 Ed.
470 2554 655 2586 Franeker.
676 2556 710 2585 et
723 2555 796 2595 Rig.
816 2554 1010 2596 nubibus.
1106 2554 1144 2595 σ)
1170 2553 1319 2586 1Thess.
1340 2555 1372 2596 4,
1392 2556 1445 2586 17.

125 2597 160 2637 7)
188 2597 274 2628 Dan.
288 2599 320 2637 7,
336 2600 390 2629 13.
484 2598 523 2642 8)
550 2602 613 2631 les.
628 2602 659 2640 1,
677 2602 708 2631 2.
