1604 2800
177 137 272 175 222
616 133 745 167 Αυν.
779 132 1074 167 PRAXEAN.

175 236 333 285 pararet
359 228 522 276 eoelum,
555 239 630 278 ego
656 225 812 266 aderam
838 227 968 277 illitu)
1029 226 1139 266 Etsi
1164 224 1262 265 dixit
1291 226 1508 279 apostolust

177 289 260 341 quis
292 286 477 338 cognovit
507 297 659 324 sensum
697 283 859 332 domini,
897 291 937 324 et
967 285 1050 337 quis
1080 284 1137 323 illi
1168 283 1331 323 consilio
1361 284 1508 335 fuitzn)

175 346 307 396 utique
338 350 496 396 praeter
522 341 706 395 Sophiam
737 341 863 392 ait,³)
903 355 1000 394 quae
1037 342 1094 380 illi
1130 340 1278 381 aderat.
1352 341 1396 381 ln
1426 341 1510 394 ipso

175 410 305 441 tamen
331 409 372 440 et
397 415 481 440 cum
513 400 580 439 illo
613 401 793 439 universa
824 399 1168 452 compingebat,⁴)
1199 413 1274 438 non
1307 400 1512 451 ignorante

132 453 139 458 ’
178 459 267 512 quid
293 460 457 499 faceret.
513 457 678 497 Praeter
703 456 887 510 Sophiam
913 465 1053 506 autem,
1078 464 1237 510 praeter
1261 457 1379 496 filium
1404 455 1512 504 dicit,

178 518 241 570 qui
267 524 326 556 est
352 517 539 563 Christus,
567 515 714 568 Sophia
739 522 780 555 et
802 517 922 556 virtus
948 514 1025 564 dei,
1051 513 1260 555 secundum
1284 514 1514 568 apostolum,

176 576 281 614 solus
313 576 441 614 s'ciens
473 587 624 613 sensum
655 574 789 626 patris.
822 613 833 623 ,
857 573 949 622 Quis
981 574 1081 613 enim
1112 575 1206 621 scit,
1240 585 1337 626 quae
1363 573 1515 612 suntin

177 632 274 681 deo,
307 633 380 671 nisi
405 633 580 685 spiritus,
614 633 678 684 qui
703 633 741 670 in
767 632 850 684 ipso
878 633 961 670 est?
975 633 1013 683 ⁵)
1045 645 1122 670 non
1154 632 1217 684 qui
1242 637 1354 671 extra
1377 631 1513 683 ipsum.

176 690 274 729 Erat
298 704 408 742 erg0,
436 691 499 742 qui
519 703 595 728 non
614 690 736 728 solum
757 688 869 728 deum
888 690 1052 737 faceret,
1079 690 1151 728 nisi
1170 702 1193 728 a
1213 690 1356 728 ceteris
1380 688 1515 727 solum.

179 747 260 787 Sed
286 755 326 787 et
358 748 600 798 evangelium
631 754 852 794 recusetur,
885 745 988 799 quod
1019 745 1142 795 dicat,
1177 747 1303 786 omnia
1333 759 1406 799 per
1435 758 1518 785 ser-

178 818 330 844 monem
355 818 378 842 a
403 803 478 842 deo
509 805 614 843 facta
645 817 751 851 esse,
785 811 825 843 et
854 805 936 843 sine
963 818 1011 844 eo
1037 804 1132 843 nihil
1162 803 1372 856 factum-⁶)
1431 802 1519 843 Nisi

180 863 282 901 enim
307 861 423 900 fallor
443 868 483 899 et
501 861 593 899 alibi
618 862 800 912 scriptum
828 867 906 899 est:
937 874 1115 900 sermone
1142 863 1224 900 eius
1251 861 1352 900 coeli
1378 860 1518 899 firmati

180 926 280 966 sunt,
307 926 348 958 et
366 919 502 970 spiritu
523 920 602 957 oris
628 919 710 956 eius
736 918 858 956 omnis
882 919 1002 957 virtus
1015 918 1055 969 ⁷)
1083 931 1229 957 eorum.
1246 919 1286 970 8)
1323 917 1375 957 Et
1393 930 1520 957 sermo

181 985 324 1023 autem,
352 976 473 1014 virtus
499 983 540 1014 et
565 974 712 1027 Sophia
737 976 819 1026 ipse
846 977 922 1014 erit
946 974 1010 1013 dei
1035 975 1147 1013 filius.
1186 974 1245 1013 Ita
1264 976 1296 1013 si
1314 987 1389 1027 per
1403 974 1522 1014 filium

183 1035 324 1081 omnia,
353 1033 503 1072 coelum
531 1045 682 1084 quoque
709 1036 781 1084 p'er
806 1032 924 1071 filium
950 1030 1183 1080 extendens,
1217 1044 1294 1071 non
1325 1031 1430 1071 solus
1455 1044 1524 1072 ex-

181 1090 324 1138 tendit,
364 1091 437 1129 nisi
470 1090 535 1129 illa
567 1091 719 1128 ratione
753 1103 826 1142 qua
851 1103 874 1128 a
900 1090 1042 1129 ceteris
1073 1090 1190 1129 solus.
1256 1088 1385 1143 Atque
1422 1087 1522 1128 adeo

182 1150 310 1188 statim
337 1146 385 1187 de
412 1148 491 1186 filio
518 1148 701 1200 loquitur.
770 1147 862 1195 Quis
894 1148 991 1187 alius
1022 1146 1168 1187 deiecit
1197 1147 1308 1199 signa
1337 1147 1525 1201 ventrilo-

185 1220 343 1258 quorum
364 1213 404 1245 et
423 1205 680 1245 divinationes
694 1218 717 1243 a
732 1204 865 1253 eorde,
892 1212 1072 1245 avertens
1096 1206 1292 1258 sapientes
1311 1211 1524 1245 retrorsum

185 1272 225 1303 et
252 1264 454 1303 consilium
480 1277 614 1302 eorum
640 1264 858 1302 infatuans?
869 1263 908 1314 ⁹)
942 1264 1082 1302 sistens
1113 1263 1232 1303 verba
1263 1262 1332 1302 filii
1358 1262 1435 1310 sui,
1467 1259 1526 1300 ‹li-

186 1320 311 1361 cendo
335 1322 507 1360 scilicet:
534 1321 597 1359 hic
625 1328 685 1360 est
709 1321 808 1360 filius
833 1333 940 1360 meus
966 1320 1144 1369 dilectus,
1170 1321 1272 1360 hunc
1297 1318 1524 1370 audite.¹⁰)

186 1379 246 1418 lta
271 1379 387 1416 filium
414 1378 662 1429 subiungenS‚
688 1379 772 1430 ipse
797 1380 1078 1430 interpretator
1093 1385 1180 1431 rest,
1214 1376 1406 1431 quomodo
1433 1387 1527 1416 eoe-

186 1436 263 1474 lum
289 1435 393 1472 solus
419 1434 654 1481 extenderit,
681 1436 835 1474 scilicet
861 1449 945 1474 cum
971 1436 1051 1475 filio
1078 1437 1195 1484 solus,
1221 1437 1323 1475 sieut
1342 1447 1427 1474 eum
1445 1434 1526 1473 filio

186 1504 315 1530 unum.
377 1490 545 1529 Proinde
571 1498 612 1529 et
636 1490 706 1529 filii
732 1493 807 1529 erit
830 1504 927 1530 vox:
960 1492 1119 1532 extendi
1145 1494 1296 1532 coelum
1321 1492 1472 1540 εοὶιιετι,ι
1488 1489 1529 1542 ¹)

189 1550 279 1601 quia
310 1560 488 1587 sermone
527 1548 629 1587 coeli
663 1548 878 1587 confirmati
909 1550 1092 1600 sunt.12)
1161 1549 1260 1597 Quia
1291 1548 1457 1600 Sophia,
1489 1546 1528 1586 id

190 1613 250 1645 est
275 1618 475 1650 sermone,
511 1604 722 1644 adsistente
754 1613 929 1658 paratum
955 1613 1015 1645 est
1040 1606 1210 1653 coelum,
1242 1612 1284 1645 et
1307 1605 1434 1644 omnia
1458 1617 1530 1656 per

189 1675 405 1703 sermonem
437 1669 524 1701 sunt
554 1662 677 1710 facta,
718 1664 904 1714 competit
934 1670 975 1701 et
1005 1663 1122 1701 filium
1153 1662 1276 1701 solum
1307 1661 1528 1701 extendisse

191 1721 355 1768 coelum,
388 1721 476 1772 quia
501 1720 605 1758 solus
631 1721 849 1773 operationi
874 1721 995 1772 patris
1020 1721 1260 1759 ministravit.
1322 1718 1430 1759 Idem
1455 1719 1531 1759 erit

191 1777 346 1817 dicens:
379 1790 454 1829 ego
480 1779 642 1830 primus,
676 1785 717 1817 et
741 1778 899 1830 insuper
924 1785 1085 1817 ventura
1110 1791 1185 1830 ego
1210 1773 1386 1828 sum-¹³)
1447 1776 1532 1816 Pri-

191 1849 292 1875 mum
318 1835 472 1874 scilicet
503 1837 670 1874 omnium
701 1848 845 1874 sermo.
909 1834 952 1874 In
977 1836 1168 1888 principio
1195 1842 1282 1875 erat
1305 1833 1531 1886 sermo‚¹⁴)

191 1895 229 1932 in
257 1907 330 1945 quo
356 1893 548 1945 principio
574 1893 747 1945 prolatus
772 1906 795 1932 a
819 1900 930 1946 patre
956 1900 1029 1932 est.
1098 1893 1281 1933 Ceterum
1310 1899 1424 1946 pater
1454 1904 1532 1930 non

191 1950 339 1990 hahens
365 1951 532 1997 initium,
564 1957 607 1989 ut
630 1965 652 1990 a
678 1951 782 1990 nullo
808 1951 1000 2003 prolatus,
1033 1957 1075 1989 ut
1099 1951 1270 1999 innatus,
1301 1964 1379 1990 non
1402 1955 1533 2002 potest

192 2007 334 2056 videri3
375 2008 438 2060 qui
469 2007 573 2046 solus
603 2008 675 2048 fuit
705 2021 876 2061 semper,
909 2007 1083 2047 ordinem
1114 2008 1259 2047 hahere
1291 2021 1368 2046 non
1392 2001 1531 2059 potuit.

195 2066 317 2117 Igitur
341 2067 372 2104 si
397 2072 607 2118 propterea
639 2065 802 2106 eundem
833 2074 874 2105 et
904 2073 1052 2118 patrem
1085 2073 1125 2106 et
1148 2065 1265 2105 filium
1297 2062 1532 2104 credendum

194 2130 442 2175 putaverunt,
475 2130 517 2161 ut
547 2137 659 2162 unum
692 2123 805 2163 deum
835 2122 1052 2171 vindicent,
1084 2123 1190 2162 salva
1220 2129 1281 2162 est
1311 2123 1402 2161 unio
1433 2121 1530 2168 eius,
1566 2139 1571 2141 ·

197 2182 260 2231 qui
292 2194 376 2219 cum
408 2181 458 2219 sit
488 2194 603 2228 uuus,
637 2182 754 2221 habet
784 2188 825 2220 et
855 2181 993 2229 filium,
1025 2191 1148 2233 aeque
1175 2187 1215 2219 et
1239 2176 1362 2233 ipsuni
1386 2176 1532 2218 eisdem

197 2238 396 2290 seripturis
423 2239 754 2291 comprehensum.
794 2237 836 2277 Si
862 2239 979 2277 filium
1005 2239 1139 2278 nolunt
1161 2236 1532 2289 secundumapatre

294 2351 331 2395 1)
351 2355 449 2385 Prov.
466 2357 498 2394 8,
515 2355 568 2385 27.
641 2353 677 2393 2)
699 2354 796 2384 Rom.
818 2355 872 2395 11,
895 2355 949 2385 34.
1023 2351 1060 2397 3)
1081 2354 1138 2385 Sic
1160 2353 1236 2386 cod.
1249 2354 1387 2384 VVouw.
1407 2351 1443 2382 et
1456 2349 1532 2389 mg.

201 2398 332 2430 Ceteri:
353 2401 447 2430 fuit.
519 2401 557 2439 4)
577 2400 676 2431 Prov.
691 2401 723 2439 8,
739 2401 793 2431 30.
868 2400 904 2440 5)
927 2401 1032 2431 1Cor.
1046 2401 1079 2440 2,
1094 2401 1148 2430 11.
1221 2400 1258 2440 6)
1278 2401 1327 2430 10.
1341 2400 1374 2438 1,
1390 2399 1421 2429 3.
1491 2393 1532 2435 Ἰ)

199 2442 263 2473 Ed.
280 2444 380 2477 Fran.
397 2449 429 2476 et
444 2447 517 2486 Rig.
537 2456 595 2478 om
606 2455 680 2476 nes
707 2446 906 2478 virtutem
980 2446 1016 2486 8)
1030 2446 1084 2477 Pa.
1100 2446 1153 2487 33,
1167 2448 1199 2476 6.
1277 2445 1391 2484 9)1e!‚
1405 2442 1462 2480 44,
1477 2441 1532 2472 25-

203 2489 261 2526 10)
277 2491 397 2521 matth.
414 2492 444 2530 3,
464 2493 518 2521 ιτ.
594 2490 876 2534 11)1es.44‚24.
950 2493 1009 2532 12)
1030 2492 1083 2524 Ps.
1099 2492 1199 2534 33,6.
1274 2487 1530 2530 13)1e·.41,4.

203 2534 307 2564 Lxx.
382 2538 594 2577 14)10.1‚1.
