1604 2800
336 203 411 236 DE
444 202 957 235 RESURRECTIONE
995 204 1221 237 CARNm.
1339 203 1438 242 152

111 303 254 336 ten-am
279 294 364 342 ibis,
390 297 479 348 qnia
502 302 543 334 et
567 294 615 334 de
634 302 740 334 terra
761 302 846 333 erat
864 302 1025 347 sumpta.
1039 297 1077 343 1)
1117 295 1215 335 Hinc
1231 304 1270 335 et
1282 306 1439 349 aposto-

111 353 170 392 lus
195 353 376 405 concepit
401 353 581 391 seminari
605 365 689 391 eam
710 351 856 399 dicere,
884 366 969 391 cum
988 352 1215 392 redhibetur
1229 355 1266 392 in
1280 361 1436 403 terram,

111 411 199 462 quia
213 417 254 449 et
265 410 472 449 seminibus
496 410 838 463 sequestratorium
864 416 968 448 terra
995 417 1066 457 est,
1092 411 1172 449 illic
1198 410 1438 464 deponendis

110 475 151 507 et
180 466 270 507 inde
301 466 535 520 repetendis.
603 466 771 519 Ideoque
803 475 843 506 et
874 469 1077 519 consignat
1106 469 1343 520 imprimens:
1381 471 1437 508 sic

110 526 210 564 enim
230 526 413 578 scriptum
434 532 505 572 est,
518 526 557 573 2)
584 538 632 564 ne
658 523 761 564 aliud
785 526 982 563 existimes
1003 538 1088 564 esse
1108 527 1300 574 seminari,
1327 539 1438 579 quam

109 584 148 621 in
178 589 322 622 terram
352 582 444 630 ibis,
482 595 532 621 ex
562 595 635 634 qua
666 595 708 621 es
732 589 919 635 sumptus,
956 583 1012 622 sic
1039 595 1087 622 ne
1112 584 1289 632 alterius,
1328 597 1437 666 quam

110 640 258 687 carnis3
284 641 341 678 sic
367 641 467 678 enim
492 640 677 692 scriptum
704 647 775 678 est.

224 699 293 739 53.
355 695 434 735 Sed
471 710 612 749 corpus
647 697 811 735 animale
848 698 1009 735 animam
1047 697 1198 750 quidam
1234 711 1439 750 argumen-

108 761 255 801 tantur,
287 761 330 792 ut
353 754 454 792 illam
480 767 502 792 a
528 766 645 792 carne
670 761 836 792 avocent
859 754 1080 792 recidivam.
1095 755 1133 803 ³)
1198 755 1321 793 Porro
1354 769 1438 794 cum

109 818 263 849 constet
282 811 471 862 fixumque
497 811 557 855 sit,
585 809 677 848 illud
697 817 1002 848 resurrecturum
1023 824 1175 862 corpus,
1203 811 1304 863 quod
1323 812 1441 850 fuerit

107 869 346 914 seminatum,
378 867 427 905 ad
453 868 570 919 ipsius
595 867 653 904 rei
677 866 953 905 exhibitionem
977 868 1300 919 provocabuntur.
1360 868 1441 907 Aut

107 923 315 964 ostendant
338 925 500 963 animam
525 924 748 962 seminatam
774 930 861 976 post
885 931 1060 972 mortem,
1086 924 1126 963 id
1152 933 1211 964 est
1235 933 1438 976 mortuam,

106 980 232 1024 idest
254 982 357 1021 humi
388 982 539 1028 elisam,
572 980 791 1028 disiectam,
825 980 1066 1028 dissolutam,
1099 982 1200 1033 quod
1225 984 1262 1021 in
1289 984 1391 1022 illam
1416 997 1440 1021 a

107 1037 184 1078 deo
209 1038 408 1078 decretum
440 1052 515 1077 non
549 1045 626 1084 est,
658 1045 876 1089 proponant
908 1039 1166 1090 corruptelam
1197 1040 1281 1078 eius
1306 1047 1347 1078 et
1371 1038 1439 1078 de-

107 1095 419 1142 decorationem,
458 1095 736 1140 infirmitatem,
767 1102 810 1132 ut
839 1095 957 1146 ipsius
981 1096 1031 1133 sit
1055 1096 1170 1133 etiam
1202 1109 1438 1146 consurgere

107 1153 470 1205 in‘incorruptelam
502 1159 542 1190 et
572 1153 610 1189 in
641 1151 803 1201 gloriam
835 1158 875 1189 et
904 1152 943 1189 in
972 1152 1164 1189 virtutem.
1233 1151 1313 1190 Sed
1338 1154 1437 1191 enim

107 1211 148 1248 in
172 1209 324 1248 Lazaro
354 1209 566 1261 praecipuo
599 1208 895 1246 resurrectionis
926 1209 1101 1259 exemplo
1134 1222 1225 1247 caro
1257 1210 1376 1248 iacuit
1400 1211 1438 1248 in

107 1266 344 1313 infirmitate,
377 1279 469 1304 caro
494 1277 617 1317 paene
644 1266 877 1316 computruit
899 1266 938 1303 in
964 1264 1316 1313 dedecorationem,
1344 1279 1438 1306 caro

108 1324 264 1362 interim
288 1324 434 1376 putruit
458 1324 495 1361 in
522 1322 821 1373 corruptionem,
848 1329 887 1361 et
911 1329 1038 1361 tamen
1062 1321 1233 1361 Lazarus
1259 1336 1351 1362 caro
1375 1336 1440 1362 re·

108 1382 296 1428 surrexit,
330 1393 414 1419 cum
446 1380 572 1418 anima
603 1378 772 1431 quidem,
804 1379 872 1417 sed
903 1380 1145 1431 incorrupta,
1185 1393 1294 1431 quam
1326 1393 1439 1419 nemo

107 1439 271 1477 vinculis
290 1438 402 1476 lineis
426 1438 647 1482 strinxerat,
674 1449 786 1474 nemo
812 1437 851 1474 in
876 1436 1054 1487 sepulcro
1075 1436 1301 1483 collocarat,
1327 1449 1440 1476 nemo

108 1497 183 1534 iam
219 1496 371 1534 foetere
408 1500 601 1540 senserat,
639 1506 751 1531 nemo
789 1492 991 1544 quatriduo
1021 1492 1174 1532 viderat
1202 1495 1439 1533 seminatam.

107 1545 245 1591 Totum
269 1551 458 1598 habitum,
490 1557 611 1589 totum
642 1547 784 1589 exitum
809 1550 949 1589 Lazari
981 1551 1144 1589 omnium
1171 1564 1321 1603 quoque
1348 1565 1441 1590 caro

108 1608 227 1649 hodie
257 1609 473 1662 experitur,
510 1608 637 1647 anima
672 1621 766 1646 vero
803 1609 955 1647 nullius.
1027 1607 1068 1646 ln
1101 1621 1174 1659 qua
1205 1621 1301 1659 ergo
1332 1610 1441 1648 stilus

108 1667 277 1720 apostoli
313 1672 529 1717 comparet,
567 1664 616 1703 de
655 1678 728 1715 qua
764 1677 849 1703 eum
886 1664 990 1715 loqui
1022 1671 1192 1711 constat,
1215 1678 1278 1703 vea
1302 1667 1378 1704 erit
1401 1673 1442 1704 et

112 1737 254 1775 corpus
266 1722 444 1768 animale,
470 1735 555 1760 cum
568 1722 790 1767 seminatur,
816 1727 857 1759 et
868 1720 1055 1772 spiritale,
1077 1733 1161 1759 cum
1175 1723 1391 1760 suscitatur.
1401 1723 1439 1770 ⁴)

110 1779 211 1819 Nam
229 1786 272 1818 ut
289 1780 343 1817 ita
363 1778 569 1828 intelligas,
594 1789 743 1815 manum
769 1776 893 1815 adhuc
918 1777 1095 1828 porrigit,
1122 1790 1244 1829 aeque
1270 1777 1319 1816 de
1339 1779 1441 1817 eins-

112 1835 200 1876 dem
225 1836 440 1888 scripturae
466 1834 699 1882 auctoritate
720 1833 859 1871 factum
880 1840 1063 1872 retexens
1076 1835 1234 1886 primum
1249 1835 1440 1874 hominem

23 1896 26 1897 ⁷
64 1926 73 1931 ,
111 1893 238 1938 Adam
263 1894 303 1931 in
327 1893 490 1931 animam
513 1892 718 1929 viventem.
785 1889 828 1928 Si
852 1890 975 1929 Adam
1007 1890 1121 1929 homo
1152 1893 1313 1944 primns,
1347 1906 1440 1931 caro

113 1958 242 1990 autem
272 1950 386 1989 homo
417 1955 506 1987 ante
538 1949 719 1994 animam,
757 1948 839 1986 sine
876 1946 998 1986 dubio·
1029 1961 1121 1987 caro
1158 1950 1233 1987 erit
1267 1950 1442 1988 facta'in

113 2010 277 2047 animam
290 2008 500 2053 viventem3
527 2018 644 2057 porro
668 2004 873 2044 inanimum
899 2019 983 2044 cum
1008 2013 1113 2044 esset
1131 2019 1285 2059 corpus,
1309 2008 1441 2060 utique

113 2065 280 2105 animale
306 2077 446 2116 corpus
471 2069 530 2101 est
554 2063 672 2101 facta.
729 2061 829 2110 Quid
854 2075 938 2102 eam
962 2063 1150 2115 appellari
1174 2064 1304 2111 velint,
1331 2078 1441 2117 quam

115 2121 219 2175 quod
248 2135 320 2174 per
349 2122 512 2160 animam
542 2120 647 2158 facta
677 2126 754 2166 est,
788 2133 899 2172 quam
931 2119 1032 2172 quod
1062 2128 1152 2160 ante
1177 2122 1338 2161 animam
1364 2135 1442 2160 non

115 2180 215 2226 fuit,
239 2191 350 2231 quam
382 2176 484 2230 quod
513 2183 602 2229 post
629 2178 791 2216 animam
816 2191 894 2216 non
918 2179 1012 2224 erit,
1044 2179 1116 2216 nisi
1142 2191 1226 2216 eum
1251 2180 1444 2229 resurgit?

116 2236 291 2288 Recepta
314 2236 415 2274 enim
440 2235 565 2273 anima
589 2246 719 2272 rursus
743 2235 906 2273 animale
932 2248 1072 2286 corpus
1096 2234 1278 2281 efficitur,
1310 2242 1352 2272 ut
1376 2234 1444 2272 fiat

116 2293 304 2346 spiritale.
375 2291 464 2331 Non
501 2292 601 2330 enim
636 2292 822 2343 resurgit,
860 2293 933 2330 nisi
965 2291 1065 2343 quod
1095 2292 1181 2329 suin
1250 2291 1309 2329 Ita
1339 2290 1443 2330 unde

119 2351 227 2402 carni
252 2350 436 2401 competit
459 2358 598 2400 corpus
621 2348 786 2387 animale
804 2346 894 2395 dici,
919 2347 1008 2387 inde
1029 2349 1177 2386 animae
1198 2348 1303 2386 nullo
1326 2347 1442 2386 modo
1493 2397 1497 2399 -

119 2409 315 2460 competit.
382 2405 484 2445 Caro
517 2406 617 2444 enim
647 2412 736 2444 ante
762 2418 920 2457 corpus,
958 2418 1067 2458 quam
1092 2405 1255 2444 animale
1281 2418 1441 2457 corpus,

213 2543 250 2585 1)
264 2545 454 2583 Gen.3,19.
514 2541 799 2585 2)1co1·.15‚45.
859 2542 895 2581 3)
911 2542 1140 2572 Rhen.etGel.
1154 2542 1444 2573 illam—reci-

121 2588 1110 2630 divatam5ed.Fran.etRig.illum—recidivatum.
1162 2586 1441 2631 ”icor-1534.
