1604 2800
180 194 287 232 236
692 193 767 223 DE
799 193 997 225 ΑΝΙΜΑ.

179 287 351 327 medicus
376 292 464 325 ante
493 285 695 325 Christum.
763 286 880 326 Plane
908 286 1064 339 Stygias
1095 285 1254 339 paludes
1285 290 1402 342 poe‘ta
1432 297 1510 330 tra-

181 344 279 383 didit
302 351 463 382 mortem
491 343 693 383 diluentes.
733 342 812 383 Sed
832 352 872 384 et
884 345 1017 384 Thetis
1038 345 1154 384 filium
1173 346 1332 398 planxit.
1369 347 1511 396 Quam—

181 415 291 454 quam
323 403 354 440 si
386 409 426 440 et
449 401 664 442 Menander
695 402 733 440 in
760 401 920 456 Stygem
958 404 1122 455 mergit,
1161 403 1399 444 moriendum
1437 406 1512 444 erit

179 460 437 507 nihilominus,
465 467 505 498 ut
525 459 573 498 ad
589 458 749 512 Stygem
768 462 920 510 venias3
948 460 1049 514 apud
1067 462 1215 502 inferos
1235 463 1335 502 enim
1355 461 1510 502 dicitur.

182 517 376 565 Quaenam
397 524 436 557 et
457 518 607 557 ubinam
628 519 701 556 ista
727 518 894 558 felicitas
919 532 1114 571 aquarum,
1142 533 1234 573 quas
1253 533 1325 559 nec
1347 519 1512 560 Ioannes

116 592 119 595 ⁴
179 575 399 628 baptizator
434 577 760 628 praeministravit
791 590 862 615 nec
897 577 1070 616 Christus
1102 579 1184 630 ipse
1217 577 1415 631 discipulis
1446 577 1515 617 de-

179 635 431 672 monstravit?
458 633 567 681 Quod
581 633 656 672 hoc
671 633 875 673 Menandri
894 635 1097 674 balneum?
1122 637 1311 688 magicum
1333 635 1514 684 credo-¹)

182 689 262 730 Sed
277 699 433 730 curtam
449 692 683 744 inFrequens,
711 699 786 731 tam
802 694 1007 740 occultum,
1035 707 1108 746 quo
1130 694 1349 747 paucissimi
1363 694 1517 733 lavant?

182 747 410 801 Suspectam
443 750 542 788 enim
573 750 712 788 faciam
746 757 887 790 tantam
919 752 1116 790 raritatem
1144 753 1377 791 securissimi
1402 758 1516 804 atque

181 807 358 845 tutissimi
384 809 636 854 sacramenti,
669 807 769 859 apud
796 808 897 860 quod
923 822 995 848 nec
1020 823 1090 861 pro
1117 809 1191 849 deo
1218 812 1303 862 ipso
1329 810 1428 849 mori
1453 810 1518 848 lex

182 870 260 911 est,
295 877 379 902 cum
411 871 548 902 contra
579 877 710 902 omnes
742 867 817 902 iam
848 867 1025 904 nationes
1050 867 1262 906 ascendant
1286 869 1325 905 in
1350 874 1517 906 montem

182 919 326 959 domini
352 928 392 959 et
416 922 453 959 in
480 920 615 960 aedem
642 921 705 960 dei
731 922 862 969 Iacob,
889 930 1049 961 mortem
1075 937 1147 975 per
1172 925 1396 976 martyrium
1422 937 1518 976 quo-

183 991 256 1031 que
281 979 508 1030 flagitantiS,
548 992 659 1030 quam
690 978 738 1018 de
765 979 918 1018 Christo
956 982 1072 1019 etiam
1110 995 1177 1020 suo
1216 983 1373 1033 exegit?
1431 981 1517 1021 Nec

182 1037 333 1087 magiae
359 1043 504 1074 tantum
531 1035 637 1074 dabit
663 1038 877 1088 quisquam,
910 1045 952 1075 ut
976 1039 1120 1076 eximat
1145 1046 1326 1086 mortem,
1359 1045 1425 1077 aut
1455 1051 1519 1078 re-

181 1094 351 1145 pastinet
379 1094 466 1133 vitis
498 1093 611 1132 modo
645 1095 759 1132 vitam
790 1101 919 1133 aetate
950 1102 1148 1134 renovata.
1222 1095 1307 1136 Hoc
1339 1097 1438 1135 enim
1470 1109 1519 1136 ne

181 1149 347 1190 Medeae
379 1150 531 1203 quidem
563 1152 672 1190 licuit
696 1153 735 1190 in
761 1152 972 1201 hominem,
1005 1154 1078 1192 etsi
1104 1154 1212 1192 licuit
1236 1155 1275 1192 in
1299 1158 1517 1193 vervecem.

182 1208 405 1248 Translatus
431 1216 490 1248 est
515 1208 652 1248 Enoch
678 1216 718 1248 et
743 1210 888 1257 Helias,
902 1211 939 1261 ²)
973 1224 1045 1250 nec
1077 1225 1179 1250 mors
1205 1225 1337 1250 eorum
1363 1219 1521 1264 reperta

182 1273 260 1313 est,
294 1265 412 1304 dilata
437 1263 600 1305 scilicet'.
677 1268 857 1306 Ceterum
882 1270 1058 1307 morituri
1090 1277 1353 1317 reservantur,
1387 1277 1428 1308 ut
1452 1283 1521 1308 an-

183 1324 396 1362 tichristum
436 1325 620 1375 sanguine
653 1338 721 1363 suo
753 1326 1065 1377 exstinguant.3)
1135 1326 1238 1366 Obiit
1269 1334 1310 1366 et
1340 1327 1518 1375 loannes,

185 1394 297 1433 quem
317 1382 355 1419 in
375 1380 578 1419 adventum
600 1381 743 1420 domini
763 1395 1024 1422 remansurum
1051 1385 1194 1423 frustra
1219 1385 1347 1424 fuerat
1370 1385 1518 1438 spes.⁴)

184 1438 282 1477 Fere
314 1439 415 1476 enim
448 1439 630 1477 haereses
657 1438 706 1477 ad
731 1448 863 1479 nostra
889 1442 1065 1494 exempla
1088 1443 1310 1495 prosiliunt,
1342 1442 1432 1482 inde
1458 1455 1522 1482 su-

184 1502 332 1534 mentes
357 1495 563 1547 praesidia,
598 1509 671 1547 quo
697 1505 881 1548 pugnant.
919 1499 1120 1538 Postremo
1148 1500 1415 1553 compendium
1441 1507 1520 1549 est3

183 1552 250 1590 ubi
281 1559 367 1590 sunt
399 1553 453 1590 illi
486 1566 580 1604 quos
606 1553 820 1592 Menander
850 1556 931 1606 ipse
963 1555 1151 1608 perfudit,
1185 1571 1279 1608 quos
1305 1559 1342 1596 in
1368 1565 1521 1610 stygem

185 1622 290 1648 suam
315 1611 471 1648 mersit?
528 1608 707 1662 Apostoli
734 1623 926 1663 perennes
950 1614 1118 1661 veniant,
1151 1613 1357 1662 adsistant3
1389 1614 1521 1654 videat

185 1667 273 1706 illos
298 1680 404 1706 meus
428 1667 607 1716 Thomas,
634 1667 777 1716 audiat,
806 1678 1037 1718 contrectet,
1064 1678 1104 1710 et
1129 1670 1276 1710 credat.

304 1726 421 1774 51.⁵)
462 1725 564 1777 Opus
589 1733 717 1764 autem
743 1729 876 1766 mortis
902 1729 940 1779 in
965 1727 1093 1767 medio
1120 1736 1192 1776 est,
1220 1727 1405 1769 discretio
1432 1742 1523 1769 cor·

184 1783 291 1835 poris
324 1783 562 1835 animaeque.
633 1783 712 1822 Sed
744 1784 895 1836 quidam
926 1785 976 1824 ad
1007 1787 1332 1826 immortalitatem
1357 1788 1521 1835 animae,

186 1853 297 1892 quam
317 1839 468 1893 quidem
490 1855 565 1879 non
586 1855 607 1879 a
628 1840 855 1882 deo·edocti
875 1844 1022 1883 infirme
1044 1844 1293 1893 tuentur,'ita
1317 1857 1523 1897 argumen-

186 1899 354 1937 tationes
393 1898 656 1947 emendicant,
700 1907 742 1938 ut
778 1900 898 1940 velint
935 1901 1044 1940 credi
1082 1903 1198 1942 etiam
1234 1910 1322 1956 post
1359 1909 1522 1942 mortem

187 1955 367 2006 quasdam
399 1958 544 1996 animas
581 1957 796 1998 adhaerere
834 1960 1077 2012 corporibus.
1148 1959 1211 1999 Ad
1242 1960 1317 2000 hoc
1350 1961 1451 2000 enim
1482 1967 1524 2000 et

186 2011 317 2059 Plato,
356 2015 428 2051 etsi
459 2028 550 2066 quas
580 2016 661 2054 vult
690 2018 834 2055 animas
860 2016 909 2056 ad
935 2018 1086 2057 coelum
1116 2019 1243 2056 statim
1275 2017 1451 2070 expedit,
1482 2019 1522 2056 in

186 2068 327 2108 Politia
353 2077 479 2110 tamen
504 2073 701 2112 cuiusdam
721 2075 900 2127 insepulti
921 2074 1089 2114 cadaver
1108 2076 1267 2127 opponit
1286 2075 1521 2127 longo'tem-

185 2140 282 2179 pore
314 2128 396 2167 sine
427 2129 504 2167 ulla
535 2130 620 2169 labe
651 2145 745 2183 prae
777 2134 926 2172 animae
959 2133 1111 2172 scilicet
1140 2132 1408 2172 individuitate
1438 2145 1522 2171 ser-

186 2185 372 2234 vatum.⁶)
410 2184 471 2223 Ad
493 2187 565 2225 hoc
586 2196 625 2227 et
638 2189 882 2229 Democritus
904 2197 1106 2230 crementa
1130 2191 1310 2242 unguium
1331 2198 1372 2230 et
1391 2203 1520 2229 coma-

186 2255 267 2280 rum
303 2244 344 2282 in
381 2244 587 2294 sepulturis
624 2247 807 2298 aliquanti
851 2249 1036 2301 temporis
1074 2247 1246 2287 denotat.
1319 2243 1444 2287 Pei-ro
1481 2254 1522 2286 et

187 2301 288 2338 ae'ris
314 2301 476 2352 qualitas
502 2304 658 2354 corpori
683 2305 738 2343 illi
764 2307 890 2357 potuit
913 2305 1034 2345 tutela
1058 2306 1194 2355 fuisse3
1228 2304 1317 2359 quid
1342 2305 1455 2352 enim,
1488 2305 1521 2344 si

281 2414 317 2458 1)
345 2417 401 2447 Sic
423 2418 496 2449 cod.
516 2418 654 2452 Wouw.
674 2421 709 2450 et
728 2421 820 2462 Rig.;
853 2422 975 2454 ceteri:
1008 2422 1211 2454 comicum
1246 2421 1384 2453 credo.
1480 2418 1518 2462 2)

188 2461 272 2492 Gen.
288 2465 318 2502 5,
334 2464 389 2493 24.
415 2464 518 2495 Hebr.
530 2465 584 2503 10,
597 2467 627 2495 5.
654 2466 804 2507 2Reg.2,
815 2469 868 2498 11.
942 2467 977 2506 3)
992 2469 1098 2508 Apoc.
1114 2470 1168 2507 11,
1185 2470 1216 2499 3.
1289 2466 1388 2506 4)10.
1399 2468 1452 2505 21,
1465 2467 1519 2496 23.

189 2506 223 2545 5)
237 2509 317 2546 Cap.
333 2510 387 2539 51.
403 2512 437 2540 et
452 2512 505 2540 52.
519 2510 554 2541 in
568 2510 675 2542 Rhen.
690 2515 723 2542 et
738 2514 808 2543 Gel.
823 2514 897 2545 edd.
911 2514 1078 2554 inscripta
1092 2518 1188 2547 sunt:
1214 2513 1333 2545 Nihil
1354 2512 1520 2544 animae

188 2552 230 2585 in
262 2562 437 2592 corpore
470 2558 771 2590 subremanere
804 2563 899 2599 post
931 2563 1114 2592 mortem.
1218 2561 1255 2600 6)
1274 2559 1362 2592 ΡΙὸῐ·
1385 2557 1426 2588 de
1448 2567 1517 2599 rep·

189 2598 244 2638 10,
259 2608 289 2638 p.
306 2597 372 2631 614
385 2601 421 2633 B.
437 2610 510 2640 sqq.
533 2603 607 2635 Val.
623 2605 718 2635 Max.
735 2606 766 2644 1,
783 2607 813 2636 8.
829 2608 899 2638 ext.
916 2607 947 2639 1.
