1566 2808
157 206 232 242 9⁴1:
412 206 537 238 ADV.
573 204 935 236 MARCIONEM
971 205 1146 238 LIBER
1181 206 1222 237 11.

158 306 320 338 mentur.
365 297 552 336 Discerne
585 297 835 343 substantias,
873 302 913 335 et
944 311 1032 335 suos
1057 299 1113 335 eis
1139 297 1325 336 distribue
1351 305 1483 338 sensus

160 365 234 395 tam
274 354 466 402 diversos,
512 367 620 406 quam
658 354 893 393 substantiae
931 356 1113 406 exigunt,
1159 356 1252 394 licet
1285 353 1484 395 vocabulis

160 414 442 452 communicare
449 406 693 451 videantur.
747 411 852 450 Nam
890 419 930 450 ct
967 412 1165 460 dexteram
1203 420 1244 451 et
1280 414 1414 452 oculos
1445 419 1487 452 et.

159 469 279 523 pedes
306 469 369 508 dei
402 470 581 520 legimus,
621 482 692 507 nec
719 468 808 507 ideo
841 476 968 509 tamen
1008 470 1180 508 humanis
1207 470 1487 537 comparabun-

163 536 240 574 tur,
269 528 356 579 quia
382 526 429 565 de
456 527 715 578 appellatione
748 528 957 564 sociantur.
1009 526 1158 574 Quanta
1183 528 1258 569 erit
1284 527 1487 567 diversitas

161 585 279 625 divini
295 585 470 636 corporis
487 591 526 622 et
545 585 697 633 humani
722 584 797 632 sub]
818 583 961 622 eisdem
983 584 1487 632 nominibus-membrorum,

164 650 269 681 tanta
294 644 369 681 erit
394 649 433 680 et
458 643 572 680 animi
606 641 722 681 divini
754 649 793 680 et
818 642 971 679 humani
997 640 1215 680 differentia
1245 642 1312 680 sub
1332 641 1489 681 eisdem

165 701 290 750 [licet]
323 700 522 738 vocabulis
554 712 748 745 sensuum,
789 712 884 750 quos
916 706 990 737 tam
1018 700 1284 751 corruptorios
1310 693 1428 739 efficit
1451 700 1491 741 in

163 758 317 796 homine
345 757 647 808 corruptibilitas
673 757 913 794 substantiae
934 757 1139 803 humanae,
1179 769 1289 808 quam
1315 758 1491 795 incorru-

164 816 312 867 ptorios
349 815 387 852 in
426 814 500 852 deo
539 814 655 852 efficit
685 814 1031 865 incorruptibilitas
1057 814 1292 853 substantiae
1325 814 1491 868 divinae.

166 873 284 911 Certe
323 871 432 911 deum
474 872 671 909 confiteris
710 873 955 909 creatorem?
1015 871 1151 918 Certe,
1190 872 1325 923 inquis.
1390 871 1493 920 Quo-

166 929 280 968 modo
309 943 403 980 ergo
431 930 467 967 in
495 928 568 967 deo
594 929 796 966 humanum
822 927 964 980 aliquid
991 930 1201 975 existimas,
1229 935 1269 967 et
1294 941 1374 967 ιιοιι·
1396 928 1495 981 divif-

167 1001 255 1026 num
282 989 419 1025 omne?
479 986 597 1034 Quem
624 985 735 1024 deum
762 995 836 1024 non
863 999 1002 1037 negaS,
1037 986 1235 1027 confiteris
1261 1000 1337 1034 non
1362 987 1494 1025 huma-

168 1058 274 1090 num,
313 1043 523 1096 siquidem
522 1043 658 1083 deum
678 1043 899 1082 confitendo
933 1043 1218 1095 praeiudicasti
1236 1045 1363 1096 utique
1390 1043 1495 1083 illum

169 1103 216 1140 ab
243 1103 345 1139 omni
371 1102 615 1140 humanarum
637 1101 899 1139 conditionum
926 1100 1109 1156 qualitate
1136 1100 1338 1141 divensum
1372 1101 1495 1140 Porro

171 1172 258 1197 cum·
292 1159 438 1210 pariter
476 1171 668 1208 agnoscas
703 1158 910 1196 hominem
925 1171 948 1195 a
974 1148 1047 1197 deo
1075 1159 1245 1197 inflatum
1270 1160 1320 1197 in
1334 1160 1496 1199 animam

168 1218 311 1262 vivam,
350 1229 427 1253 non
460 1215 571 1253 deum
604 1215 650 1253 ab
684 1215 858 1262 homine,
895 1215 987 1253 satis
1018 1228 1240 1267 perversum
1264 1222 1353 1263 esu
1391 1223 1435 1255 ut
1459 1217 1498 1255 in

171 1274 245 1313 deo
273 1275 398 1325 potius
423 1273 585 1311 humana
619 1273 849 1319 constituas,
890 1277 1010 1324 quam'
1032 1274 1069 1310 in
1096 1274 1248 1312 homine
1275 1273 1421 1321 divina,
1460 1280 1501 1313 et

171 1332 335 1369 hominis
366 1331 531 1381 imagine
563 1329 674 1368 deum
706 1331 853 1368 imbuas
884 1332 1029 1381 potius,
1059 1332 1178 1382 quam
1206 1330 1497 1371 dei'bominem.

172 1388 224 1426 Et
258 1388 356 1426 haec
395 1400 490 1438 ergo
527 1388 654 1436 imago
693 1387 887 1425 censenda
924 1395 984 1425 est
1016 1387 1079 1426 dei
1116 1385 1154 1426 in
1186 1389 1359 1436 homine,
1398 1387 1501 1441 quod

173 1444 331 1484 eosdem
361 1452 485 1482 motus
515 1451 556 1482 et
589 1457 720 1482 sensus
757 1444 898 1482 babeat
930 1445 1112 1483 humanus
1138 1447 1436 1498 animus,'-quos
1461 1453 1502 1485 et

175 1502 287 1549 deus,
315 1503 409 1540 licet
434 1515 508 1539 non
537 1502 650 1547 tales,
690 1502 821 1553 quales
848 1501 962 1550 deus;
1001 1516 1071 1554 pro
1098 1503 1311 1542 substantia
1328 1501 1436 1542 enim
1461 1510 1503 1543 et

175 1567 296 1599 status
321 1572 454 1605 eorum
481 1566 520 1596 et
545 1560 672 1597 exitus
698 1558 853 1597 distant.
916 1559 1097 1611 Denique⁴
1123 1562 1341 1600 contra-rios
1367 1560 1502 1617 eo‘rum

176 1631 328 1663 sensus,
363 1617 559 1654 lenitatem
586 1615 694 1661 dico,
727 1618 977 1668 patientiam,
1006 1617 1330 1665 misericordiam,
1363 1612 1503 1670 ipsam-

177 1688 250 1727 que
283 1675 480 1712 matricem
518 1687 667 1720 earum,
706 1674 934 1721 bonitatem,
974 1688 1043 1713 cur
1074 1674 1208 1714 divina
1237 1677 1504 1732 praesumitis?

177 1732 263 1771 Nec
284 1739 411 1770 tamen
433 1732 621 1797 perfecte
631 1744 679 1770 ea
706 1732 933 1780 obtinemus,
962 1734 1049 1784 quia
1063 1734 1166 1771 solus
1181 1732 1277 1771 deus
1291 1733 1501 1786 perfectus,

179 1790 237 1828 Ita
262 1796 302 1828 et
326 1789 411 1827 illas
438 1790 609 1840 specieS,
634 1790 716 1827 irae
746 1787 841 1829 dico
861 1796 917 1828 et
926 1791 1233 1841 exasperationis
1248 1792 1299 1839 ¹),
1327 1804 1406 1829 non.
1430 1798 1520 1833 tam,

179 1847 347 1886 feliciter
372 1847 548 1897 patimur,
577 1847 663 1898 quia
690 1847 802 1886 sol'us
819 1846 912 1885 deus
939 1846 1001 1887 de
1013 1848 1389 1900 incorruptibilitatis
1413 1862 1522 1901 pro--

179 1906 345 1956 prietate
371 1904 478 1941 felix.
541 1903 736 1944 Irascetur
752 1902 874 1951 enim,
894 1904 969 1943 sed
995 1919 1070 1943 non
1099 1906 1409 1953 exacerbabitur,
1428 1905 1507 1944 sed

181 1974 259 1999 ιιοιι
285 1960 585 2012 periclitabitur,
625 1962 857 2008 movebitur,
897 1962 965 2001 sed
998 1976 1074 2001 non
1100 1970 1310 2011 evertetur.
1372 1963 1507 2002 Omnia

182 2031 343 2057 necesse
382 2024 441 2056 cst
478 2017 661 2056 adhibeat
698 2026 859 2071 propter
890 2021 1060 2067 omnia,
1077 2027 1134 2058 tot
1159 2019 1311 2067 sensus,
1348 2024 1443 2072 quot
1467 2027 1508 2059 et

183 2088 356 2122 caussas,
383 2082 425 2113 et
449 2075 543 2112 iram
569 2083 728 2127 propter
753 2077 958 2124 scelestos,
987 2085 1028 2120 et
1051 2078 1174 2116 bilem
1190 2079 1352 2130 propter
1376 2079 1507 2134 ingra-

181 2141 261 2180 tos,
298 2140 365 2171 et
376 2133 670 2170 aemulationem
702 2141 862 2184 propter
893 2135 1115 2186 superbos,
1137 2141 1177 2173 et
1214 2131 1404 2188 quicquid
1423 2149 1507 2174 ιιο-ιι

185 2190 343 2242 expedit
367 2190 489 2228 malis
550 2188 615 2227 Sic
649 2196 689 2228 et
714 2191 1016 2229 misericordiam
1050 2199 1210 2245 propter
1227 2200 1429 2240 elranteS‚
1464 2200 1509 2232 et

185 2249 407 2300 patientiam
432 2253 592 2299 propter
617 2256 692 2285 non
710 2249 1009 2299 resipiscentes,
1049 2256 1088 2287 et
1119 2252 1392 2302 praestantiam
1417 2263 1508 2303 pro*-

185 2313 273 2358 pter
297 2312 502 2351 merentes,
529 2311 573 2343 et
588 2305 774 2356 quicquid
799 2306 911 2344 bonis
938 2317 1031 2358 opus
1058 2313 1128 2345 est.
1158 2307 1264 2356 Quae
1291 2310 1430 2347 omnia
1440 2321 1508 2360 pa·-

186 2365 280 2401 titur
304 2377 372 2401 suo
399 2375 524 2409 more,
553 2375 626 2414 quo
653 2375 737 2401 eum
765 2364 843 2415 pati
871 2363 1081 2412 condecet,
1114 2372 1290 2451 propter
1302 2371 1411 2418 quem
1438 2365 1508 2404 lro-

188 2434 248 2459 mo
275 2420 408 2459 eadem
435 2421 580 2472 patitur
604 2432 726 2472 aeque
752 2434 820 2460 suo
846 2431 965 2461 more.

284 2570 318 2608 1)
344 2571 512 2603 Rhemed.
526 2572 549 2604 1.
573 2572 743 2612 species
763 2572 966 2617 praedico
986 2574 1030 2605 et
1049 2552 1428 2618 exasperationeik
1443 2576 1508 2605 etc.
