1604 2800
555 201 712 236 ‘ADV.
746 200 1037 236 PRAXEAN.
1382 205 1479 244 ’⁵1

159 302 248 335 tena
274 295 377 334 milia
400 292 636 333 adsistebant
660 296 709 342 ei,
736 301 775 333 et
799 295 921 333 milies
942 302 1103 334 centena
1122 296 1223 335 milia
1242 299 1482 350 apparebant

159 354 256 403 ei‚¹)
276 365 349 392 nee
362 350 451 391 ideo
464 353 572 390 nnius
587 365 671 391 esse
686 350 811 398 desiit,
827 359 867 390 ut
885 351 1032 391 desinat
1045 354 1265 392 monarchia
1278 367 1377 402 esse,
1391 346 1481 408 quia

158 422 230 462 per
254 416 359 448 tanta
382 410 485 448 milia
508 410 686 447 virtutum
710 417 957 461 procuratur:
992 410 1101 461 quale
1128 418 1204 458 est,
1236 419 1278 450 ut
1303 411 1396 451 deus
1421 413 1481 453 di-

157 468 343 506 visionem
368 474 408 506 et
432 465 709 518 dispersionem
738 468 818 518 pati
851 466 1025 505 videatur
1049 468 1086 505 in
1113 467 1191 506 filio
1217 476 1257 507 et
1281 470 1318 507 in
1346 471 1481 521 spiritu

158 530 308 570 saneto,
333 523 539 563 seeundum
566 531 605 562 et
629 524 781 562 tertium
807 525 952 562 sortitis
978 525 1115 572 locum,
1142 532 1218 564 tam
1238 527 1479 565 consortibus

159 580 393 619 substantiae
413 582 546 632 patris,
574 594 665 632 quas
685 595 760 618 non
780 582 922 632 patitur
942 583 978 619 in
994 589 1050 619 tot
1063 583 1286 632 angelorum
1306 597 1478 629 numero,

158 644 199 676 et
223 637 375 690 quidem
399 645 475 676 tam
499 651 522 675 a
547 638 756 676 substantia
787 638 948 679 alienis?
959 639 998 688 2)
1057 638 1229 678 Membra
1254 647 1294 678 et
1318 642 1481 692 pignora

158 701 199 733 et
223 695 471 733 instrumenta
502 701 542 733 et
572 696 690 746 ipsam
720 696 795 733 vim
826 708 871 733 ac
905 702 1023 733 totum
1056 709 1207 734 censum
1234 698 1479 735 monarchiae

158 752 397 791 eversionem
422 750 581 803 deputas
607 753 712 790 eins?
748 751 836 789 Non
863 759 984 790 recte.
1044 752 1160 798 Malo,
1193 760 1230 791 te
1256 752 1304 791 ad
1330 767 1481 792 sensnm

158 809 231 855 rei,
257 821 367 860 quam
393 807 441 846 ad
463 821 598 846 sonum
621 808 800 846 vocabuli
825 821 1021 847 exerceas.
1082 808 1244 847 Eversio
1275 811 1374 847 enim
1399 822 1479 847 mo-

155 865 340 904 narchiae
364 865 430 903 illa
455 871 514 902 est
540 864 607 902 tibi
633 863 900 914 intelligenda,
933 878 1017 902 cum
1048 865 1124 902 alia
1154 864 1363 903 dominatio
1390 878 1480 903 suae

157 919 391 960 conditionis
410 927 450 959 et
467 921 613 972 proprii
632 927 752 958 status
772 933 818 958 ac
837 933 907 972 per
926 920 1000 958 hoc
1026 921 1174 959 aemula
1199 920 1479 972 superducitur,

156 991 243 1017 eum
266 978 363 1016 alius
388 976 481 1016 deus
512 977 675 1015 infertur
704 976 886 1015 adversus
924 985 1153 1015 creatorem.
1225 978 1330 1016 Tunc
1367 978 1478 1024 male,

157 1047 243 1074 enm
272 1035 420 1086 plures,
457 1033 663 1073 secundum
693 1033 918 1071 Valentinos
950 1040 989 1071 et
1019 1033 1276 1082 Prodicos33)
1317 1042 1403 1072 tunc
1442 1036 1480 1072 in

156 1090 404 1130 monarchiae
430 1091 682 1135 eversionem,
711 1103 794 1128 cum
820 1091 858 1127 in
884 1091 1071 1129 creatoris
1097 1089 1407 1128 destructionem.

270 1151 312 1189 4.
373 1146 551 1185 Ceterum
589 1147 652 1197 qui
688 1146 803 1184 filium
834 1159 909 1184 non
941 1144 1092 1184 aliunde
1125 1145 1292 1192 deduco,
1331 1145 1399 1184 sed
1431 1145 1478 1184 de

157 1204 368 1243 substantia
382 1204 515 1255 patris,
542 1203 634 1241 nihil
648 1203 853 1241 facientem
867 1204 949 1240 sine
963 1203 1080 1254 patris
1094 1203 1303 1248 voluntate,
1330 1215 1478 1240 omnem

156 1274 181 1300 a
204 1267 314 1313 patre
347 1267 593 1299 consecutum
629 1266 878 1311 potestatem:
918 1258 1107 1311 quomodo
1138 1273 1289 1311 possum
1321 1257 1370 1298 de
1402 1258 1477 1297 fide

157 1317 358 1357 destruere
390 1317 667 1362 monarchiam,
700 1329 808 1368 quam
830 1329 856 1356 a
881 1323 990 1368 patre
1023 1316 1100 1355 filio
1133 1314 1310 1354 traditam
1336 1316 1373 1353 in
1400 1315 1478 1354 filio

157 1377 296 1414 servo?
355 1373 439 1412 Hoc
469 1373 559 1412 mihi
590 1380 630 1412 et
659 1374 697 1411 in
729 1374 881 1412 tertium
918 1371 1076 1423 gradum
1115 1371 1256 1410 dictum
1287 1373 1354 1417 sit,
1393 1372 1481 1422 quia

157 1433 330 1484 spiritum
354 1444 431 1469 non
455 1429 608 1469 aliunde
638 1436 749 1481 puto,
783 1442 891 1480 quam
916 1442 939 1466 a
964 1434 1071 1480 patre
1096 1441 1167 1480 per
1192 1428 1318 1466 filium.
1378 1427 1479 1466 Vide

158 1502 274 1541 ergo,
305 1500 353 1527 ne
379 1494 419 1525 tu
442 1487 569 1539 potius
593 1485 852 1524 monarchiam
878 1484 1071 1531 destruas,
1104 1486 1165 1535 qui
1192 1483 1482 1536 dispositionem

157 1553 200 1586 et
216 1544 539 1597 dispensationem
565 1544 646 1581 eius
672 1542 813 1580 evertis
838 1542 877 1579 in
902 1548 959 1580 tot
984 1541 1198 1579 nominihus
1223 1541 1479 1587 constitutam,

155 1604 203 1642 in
221 1608 316 1654 quot
338 1600 433 1640 deus
455 1600 592 1639 voluit.
652 1597 764 1638 Adeo
791 1605 916 1638 autem
941 1605 1070 1637 manet
1093 1599 1131 1636 in
1156 1611 1224 1636 suo
1250 1604 1362 1644 statu,
1388 1598 1482 1636 licet

156 1659 310 1699 &initas
333 1658 539 1703 inferatur,
570 1663 612 1694 ut
642 1657 756 1694 etiam
781 1656 932 1693 restitui
956 1654 1099 1692 habeat
1120 1655 1220 1704 patri
1246 1666 1268 1690 a
1295 1653 1391 1698 filio,
1425 1654 1477 1690 si-

157 1714 309 1768 quidem
334 1713 531 1765 apostolus
555 1712 689 1750 scribit
714 1710 761 1749 de
786 1711 917 1749 ultimo
949 1709 1043 1748 fine:
1076 1722 1159 1746 cum
1190 1707 1393 1746 tradiderit
1417 1720 1479 1746 re-

158 1775 272 1823 g‘nnm
302 1761 376 1808 deo
408 1776 449 1807 et
477 1769 588 1820 patri.
602 1769 640 1816 4)
710 1766 871 1818 Oportet
901 1766 999 1803 enim
1031 1777 1114 1803 eum
1145 1777 1329 1815 regnare,
1360 1777 1478 1814 usque

161 1827 247 1867 dnm
273 1832 391 1878 ponat
413 1825 588 1863 inimicos
614 1824 695 1861 eius
721 1821 814 1861 deus
839 1821 907 1860 sul)
932 1819 1051 1873 pedes
1076 1821 1211 1873 ipsius,
1242 1820 1394 1866 scilicet
1418 1832 1479 1858 se-

160 1881 322 1924 cundum
352 1881 552 1933 psalmum:
584 1878 676 1918 sede
708 1877 756 1917 ad
788 1877 983 1917 dexteram
1015 1890 1154 1923 meam,
1192 1875 1316 1915 donec
1342 1889 1479 1928 ponam

158 1940 335 1980 inimicos
360 1945 446 1977 tuos
470 1935 677 1976 scabellum
702 1934 839 1987 pedum
865 1942 1026 1973 tuorum.
1041 1935 1079 1983 5)
1123 1933 1215 1971 Cum
1240 1940 1365 1971 autem
1391 1933 1479 1970 suh-

158 1999 264 2036 iecta
300 2001 412 2034 erunt
440 1994 496 2032 illi
528 1993 670 2039 omnia,
709 1993 858 2044 (utique
889 1991 1031 2043 absque
1062 2003 1128 2037 eo,
1167 1991 1230 2042 qni
1255 1991 1291 2028 ei
1316 1989 1480 2028 subiecit

162 2054 318 2100 omnia,)
350 2059 439 2090 tunc
466 2057 505 2089 et
528 2051 610 2102 ipse
635 2047 860 2088 subiicietur
887 2048 961 2093 illi,
1000 2048 1061 2099 qui
1087 2048 1124 2085 ei
1149 2046 1314 2085 subiecit
1338 2046 1476 2091 omnia,

160 2117 204 2151 ut
225 2111 277 2149 sit
299 2107 395 2148 (leus
418 2107 542 2146 omnia
561 2107 600 2145 in
620 2105 803 2144 omnihus.
818 2105 856 2153 ⁶)
892 2103 1076 2143 Videmus
1095 2104 1224 2155 igitur,
1250 2116 1326 2141 non
1341 2102 1477 2140 obesse

159 2165 407 2206 monarchiae
433 2164 563 2210 filium,
589 2163 661 2202 etsi
685 2161 799 2201 hodie
825 2160 923 2214 apud
949 2161 1063 2200 filium
1089 2167 1160 2206 est,
1187 2160 1273 2211 quia
1294 2159 1388 2196 etin
1409 2171 1476 2195 suo

162 2230 263 2262 statu
292 2228 352 2260 est
380 2219 481 2272 apud
511 2219 648 2266 filium,
683 2225 726 2258 et
760 2231 844 2256 cum
879 2231 948 2256 suo
986 2223 1085 2256 statu
1121 2217 1344 2254 restituetur
1378 2214 1478 2265 patri

162 2293 187 2318 a
222 2279 314 2318 filio.
387 2277 444 2316 lta
475 2290 560 2316 eam
594 2288 706 2315 nemo
748 2273 824 2313 hoe
860 2274 1012 2313 nomine
1050 2272 1240 2317 destruet,
1285 2271 1317 2308 si
1360 2270 1477 2309 filium

255 2391 293 2431 1)
307 2393 395 2423 Dan.
409 2392 440 2430 ⁴1,
455 2392 509 2421 1⁰.
602 2386 642 2431 2)
661 2389 718 2420 Sic
731 2387 805 2419 eod.
818 2387 956 2421 Wouw.
970 2388 1004 2418 et
1017 2387 1105 2426 Rig.;
1120 2385 1225 2416 Rhen.
1245 2386 1286 2414 et
1310 2391 1371 2421 qu.
1395 2384 1477 2413 tam

165 2448 187 2470 ι
204 2436 449 2470 sub-tantia
474 2435 627 2474 petrin
653 2434 774 2464 Gehet
795 2433 845 2465 ed.
858 2433 960 2463 Fran.
983 2435 1023 2462 et
1048 2440 1108 2469 qu.
1134 2431 1214 2460 tam
1240 2429 1477 2459 alienarum

165 2494 187 2515 ι
210 2485 339 2515 subet.
363 2482 512 2521 patria.
608 2481 645 2519 3)
659 2479 765 2509 Rhen.
778 2478 811 2508 in
826 2478 915 2509 ed.1.
934 2476 1149 2516 prodigos,
1169 2473 1354 2505 deindeed.
1371 2473 1476 2504 Pro-

167 2530 269 2560 elon.
300 2527 438 2559 Rectius
452 2524 718 2564 ed.Fran.,Rig.
737 2523 949 2554 Prodicus.
1020 2519 1312 2560 4)1cor.15‚24.
1373 2519 1408 2559 5)
1423 2517 1464 2548 Ps

167 2576 246 2614 11⁰,
260 2575 291 2604 1.
383 2574 420 2613 o)
436 2575 451 2604 ι
464 2573 539 2603 eor.
555 2573 609 2609 15,
623 2571 676 2600 28.
