1604 2800
120 171 221 208 12ss
634 169 704 201 DE
737 168 938 201 ΑΝῙΜΑ.

123 273 283 306 auctore
316 259 576 315 respondente
611 263 774 301 animam
806 262 1074 315 corporalibus
1108 275 1258 316 quoque
1290 265 1360 314 ali,
1392 265 1461 307 de-

122 326 237 375 nique
270 319 515 360 deficientem
541 333 562 359 a
590 320 678 359 cibo
712 320 935 374 plerumque
968 320 1110 360 fulciri.
1186 321 1352 370 Quidni?
1386 337 1461 378 quo

122 380 302 431 adempto
337 380 377 417 in
408 385 529 417 totum
569 377 753 418 dilabitur
789 392 839 418 ex
876 391 1057 432 corpore.
1130 378 1190 418 lta
1225 381 1342 420 etiam
1378 382 1462 435 ipse

124 437 317 484 Soranus,
350 437 572 489 plenissime
604 449 722 489 super
751 438 877 476 anima
903 443 1181 477 commentatus
1209 445 1374 491 quatuor
1395 453 1464 480 vo-

122 494 326 535 luminibus
347 502 386 534 et
407 507 491 533 cum
512 494 688 533 omnibus
703 495 1018 548 philosophorum
1038 497 1241 535 sententiis
1267 505 1463 549 expertus,

124 546 368 605 corporalem
401 553 551 592 animae
583 553 833 592 substantiam
859 553 1048 601 vindicat,
1081 555 1155 593 etsi
1180 555 1284 593 illam
1309 556 1466 595 immor-

121 611 273 649 talitate
311 608 516 649 fraudavit.
589 610 679 649 Non
717 611 816 649 enim
856 612 1022 650 omnium
1047 618 1108 651 est
1139 611 1324 661 credere,
1363 612 1466 666 quod

124 668 430 707 Christianorum
456 674 528 706 est.
590 666 701 707 Sicut
726 681 822 720 ergo
849 667 1021 708 Soranus
1046 670 1129 722 ipse
1154 670 1270 709 rebus
1296 669 1468 710 ostendit

124 727 287 765 animam
321 725 590 777 corporalibus
621 726 691 773 ali,
730 726 894 778 proinde
926 734 966 766 et
997 727 1247 781 philosophus
1285 728 1469 768 exhibeat

123 784 228 823 illam
255 783 564 834 incorporalibus
590 784 710 835 pasci.
761 782 841 822 Sed
866 798 978 824 nemo
1006 799 1168 838 unquam
1195 788 1393 826 cunctanti
1418 785 1475 827 de

126 842 232 880 exitu
258 842 408 879 animae
435 841 593 879 mulsam
619 854 755 892 aquam
782 841 830 895 de
857 843 1012 894 eloquio
1039 842 1212 882 Platonis
1237 843 1378 883 infudit
1402 851 1469 884 aut

125 899 246 938 micas
260 897 308 937 de
322 899 589 950 minutiloquio
603 896 828 938 Aristotelis
849 900 1013 938 infersit.
1055 900 1154 948 Quid
1174 908 1301 940 autem
1322 902 1470 941 facient

126 963 185 994 tot
209 969 255 996 ac
282 963 412 995 tantae
444 957 595 995 animae
620 958 794 1009 rupicum
820 964 860 996 et
883 957 1151 1005 barbarorum,
1167 956 1203 1007 1)
1238 959 1374 1011 quibus
1398 960 1469 999 ali-

126 1020 256 1052 menta
287 1014 502 1066 sapientiae
534 1013 692 1061 desunt,
725 1021 853 1054 tamen
885 1014 1043 1054 indocta
1076 1014 1280 1067 prudentia
1304 1013 1468 1068 pollent,

127 1079 168 1111 et
192 1074 274 1110 sine
301 1070 510 1111 academiis
531 1079 572 1111 et
589 1072 804 1125 porticibus
816 1071 959 1112 Atticis
981 1080 1021 1111 et
1040 1073 1264 1112 carceribus
1280 1073 1469 1123 Socratis,

127 1128 293 1182 denique
325 1130 541 1169 ieiunantes
566 1144 590 1169 a
613 1130 859 1183 philosophia
896 1130 1141 1170 nihilominus
1177 1132 1333 1171 vivunt?
1379 1132 1472 1172 Non

128 1188 229 1226 enim
255 1187 492 1227 substantiae
518 1188 591 1240 ipsi
617 1189 800 1227 alimenta
826 1189 1035 1241 proliciunt
1059 1187 1285 1237 studiorum,
1317 1189 1386 1229 sed
1412 1189 1471 1230 di-

128 1246 335 1297 sciplinae,
375 1246 462 1297 quia
488 1258 560 1284 nec
587 1247 815 1298 opimiorem
841 1247 1003 1285 animam
1030 1246 1217 1296 efficiunt,
1255 1246 1324 1286 sed
1354 1261 1472 1292 orna·
1538 1280 1542 1284 .

129 1303 282 1341 tiorem.
333 1302 440 1342 Bene
466 1310 607 1351 autem,
642 1303 744 1356 quod
769 1311 810 1343 et
834 1311 938 1344 artes
965 1303 1089 1344 Stoici
1117 1306 1345 1358 corporales
1370 1305 1472 1345 affir-

130 1366 245 1398 mant,
307 1359 420 1398 Adeo
446 1362 502 1399 sic
529 1375 679 1413 quoque
706 1363 832 1400 anima
859 1363 1093 1415 corporalis,
1125 1364 1157 1402 si
1183 1370 1224 1402 et
1248 1363 1395 1403 artibus
1419 1364 1473 1403 ali

132 1415 318 1455 creditur.
386 1415 465 1454 Sed
491 1419 658 1456 enormis
684 1420 847 1458 intentio
873 1421 1142 1473 philosophiae
1174 1421 1276 1460 solet
1304 1421 1473 1474 plerum-

133 1485 206 1524 que
238 1485 311 1510 nec
343 1474 569 1524 prospicere
601 1487 673 1525 pro
711 1475 887 1526 pedibus.
962 1477 1028 1516 Sic
1058 1478 1200 1517 Thales
1231 1479 1271 1517 in
1302 1486 1471 1532 puteum.

134 1528 247 1567 Solet
271 1536 312 1567 et
336 1531 549 1568 sententias
580 1544 668 1569 suas
706 1545 782 1569 non
820 1533 1074 1583 intelligendo
1113 1535 1345 1576 valetudinis
1384 1549 1474 1576 cor—

132 1587 321 1639 ruptelam
347 1587 548 1638 suspicari.
611 1586 677 1627 Sic
691 1589 729 1637 ²)
758 1588 995 1642 Chrysippus
1020 1590 1069 1629 ad
1095 1591 1322 1630 elleborum.
1377 1593 1473 1632 Tale

133 1642 278 1695 aliquid
311 1645 450 1696 opinor
481 1646 517 1682 ei
547 1645 710 1692 accidit,
744 1659 856 1697 quum
888 1646 963 1685 duo
989 1648 1029 1686 in
1059 1661 1173 1687 unum
1205 1662 1374 1701 corpora
1404 1662 1475 1689 ne-

133 1702 251 1753 gavit,
278 1702 467 1740 alienatus
482 1715 502 1739 a
517 1709 729 1754 prospectu
749 1710 789 1741 et
807 1705 1027 1755 recogitatu
1052 1713 1346 1756 praegnantum,
1374 1719 1473 1759 quae

133 1772 209 1797 non
235 1759 386 1810 singula
411 1758 582 1811 quotidie
610 1773 790 1811 corpora,
823 1759 892 1799 sed
918 1767 959 1799 et
982 1761 1073 1800 bina
1099 1769 1139 1801 et
1164 1770 1274 1802 terna
1298 1764 1338 1802 in
1362 1765 1474 1804 unius

132 1817 235 1854 uteri
260 1816 404 1855 ambitu
428 1817 643 1868 perferunt.
683 1817 882 1857 Invenitur
901 1819 1016 1857 etiam
1036 1820 1075 1857 in
1094 1820 1179 1859 iure
1200 1821 1304 1860 civili
1321 1820 1476 1862 Graeca

135 1872 321 1926 quaedam
355 1875 574 1926 quinionem
606 1875 721 1914 enixa
751 1876 936 1924 filiorum,
974 1877 1094 1916 semel
1121 1876 1299 1917 'omnium
1335 1886 1472 1928 mater,

133 1932 237 1970 unici
264 1932 363 1970 fetus
388 1945 530 1984 parens
554 1933 768 1985 multiplex,
795 1935 899 1973 unici
921 1936 1020 1973 uteri
1040 1948 1233 1988 puerpera
1253 1949 1472 1986 numerosa,

136 2002 231 2040 quae
259 1996 317 2027 tot
342 1990 481 2041 stipata
508 1990 755 2042 corporibus,
787 2004 912 2044 paene
939 1991 1103 2031 dixerim
1128 1994 1291 2045 populo,
1323 2002 1474 2035 sextum

135 2048 217 2098 ipsa
244 2060 384 2099 corpus
415 2047 500 2085 fuit.
568 2046 758 2087 Universa
789 2049 964 2088 conditio
996 2050 1205 2090 testabitur
1229 2064 1397 2104 corpora
1424 2051 1473 2092 de

137 2104 364 2156 corporibus
388 2117 621 2157 processura
645 2107 719 2145 iam
745 2107 824 2146 illic
851 2120 951 2155 esse,
982 2107 1083 2147 unde
1108 2107 1338 2161 procedunt.
1400 2108 1476 2151 Se—

137 2160 300 2201 cundum
331 2163 382 2201 sit
412 2175 574 2202 necesse
606 2170 683 2211 est,
717 2163 818 2216 quod
845 2178 894 2204 ex
918 2165 996 2204 alio
1022 2167 1083 2204 sit.
1146 2162 1254 2205 Nihil
1279 2179 1398 2220 porro
1424 2179 1476 2208 ex

137 2219 212 2257 alio
239 2226 310 2267 est,
337 2220 410 2258 nisi
436 2218 522 2258 dum
548 2221 732 2272 gignitur,
758 2221 828 2262 sed
854 2230 943 2262 tunc
970 2221 1045 2261 duo
1071 2231 1172 2264 sunt.

251 2280 291 2318 7.
355 2277 542 2326 Quantum
568 2278 617 2316 ad
642 2279 893 2332 philosophos
918 2281 1011 2319 satis
1036 2280 1147 2329 haec,
1177 2283 1269 2333 'quia
1295 2287 1473 2335 quantum

139 2330 187 2370 ad
213 2340 365 2374 nostros
385 2347 434 2389 ex
454 2334 677 2384 abundanti,
705 2338 839 2389 quibus
866 2339 1122 2390 corporalitas
1147 2340 1298 2379 animae
1323 2341 1363 2379 in
1387 2341 1472 2393 ipso

233 2480 267 2517 1)
292 2482 365 2522 Rig.
386 2493 464 2515 cum
482 2485 644 2517 Pithoeo:
678 2487 899 2526 baronum,
932 2489 992 2519 sed
1011 2489 1046 2520 in
1066 2490 1141 2521 cod.
1156 2490 1262 2531 Agob.
1279 2490 1472 2529 ceterisque

141 2526 527 2603 {dq'tbgfi'bumrum'
646 2532 682 2572 2)
708 2533 750 2563 D.
775 2533 947 2566 Heraldus
973 2536 1108 2570 emend.
1134 2536 1226 2567 Scit
1251 2535 1407 2567 Thales
1426 2552 1472 2560 -—

175 2580 211 2602 cn
320 2582 401 2613 rys.
