1604 2800
554 171 680 202 ADV.
714 171 1003 204 PRAXEAN.
1338 173 1435 212 εἶθ

123 265 311 317 reputari,
347 276 398 302 ne
433 262 621 302 secundus
657 263 751 302 duos
781 264 899 303 faciat
933 263 1027 303 deos
1058 262 1152 312 dici,
1191 265 1435 314 ostendimus,

123 323 237 360 etiam
269 320 364 359 duos
394 319 488 359 deos
518 321 555 358 in
586 322 772 372 scriptura
804 322 947 360 relatos
978 329 1018 360 et
1047 320 1142 360 duos
1172 321 1364 371 dominos3
1396 332 1437 364 et

122 385 251 417 tamen
279 391 328 416 ne
360 376 407 416 de
438 379 512 416 isto
544 376 868 425 scandalizentur,
900 380 1087 417 rationem
1117 378 1329 427 reddimus,
1363 393 1437 432 qua

122 435 186 474 dei
215 448 292 473 non
323 433 399 472 dno
429 433 605 472 dicantur
635 448 707 472 nec
741 434 899 481 domini,
932 435 999 473 sed
1030 449 1102 487 qua
1133 443 1246 488 pater
1275 444 1315 475 et
1338 437 1436 476 filius

122 490 219 539 duo,
249 498 290 530 et
313 491 388 529 hoc
412 505 487 529 non
514 503 564 529 ex
588 493 829 543 separatione
855 491 1107 539 substantiae,
1140 492 1207 531 sed
1233 506 1282 531 ex
1307 492 1436 546 dispo-

122 549 279 595 sitione,
312 561 395 587 cum
426 547 657 586 individuum
682 556 722 586 et
746 550 1002 600 inseparatum
1026 549 1140 587 filium
1166 563 1189 587 a
1212 557 1322 602 patre
1346 564 1437 602 pro-

120 606 346 651 nuntiamus,
372 618 444 643 nec
469 612 582 651 statu,
608 604 674 643 sed
694 605 815 656 gradu
835 606 960 652 alium,
988 607 1049 658 qui
1070 608 1140 644 etsi
1161 605 1253 645 deus
1273 606 1436 653 dicatur,

122 661 272 714 quando
303 663 519 700 nominatur
548 662 768 712 singularis,
806 676 881 700 non
919 662 1007 701 ideo
1045 663 1140 701 duos
1178 662 1271 702 deos
1306 665 1436 710 faciat,

120 717 190 757 sed
214 732 344 766 unum,
376 719 450 762 hoc
475 719 578 769 ipso,
611 718 711 770 quod
736 726 776 757 et
800 718 891 758 deus
917 733 966 758 ex
989 721 1133 758 unitate
1163 721 1282 771 patris
1305 722 1438 759 vocari

120 775 277 815 haheat.

235 835 306 875 20.
366 831 444 871 Sed
469 831 860 882 argumentationibus
885 845 1015 871 eorum
1041 831 1164 870 adhuc
1189 832 1438 871 retundendis

121 902 243 941 opera
272 886 491 940 praebenda
527 895 604 934 est,
642 889 672 925 si
705 887 792 939 quid
824 887 871 927 de
903 890 1102 940 scripturis
1133 888 1181 926 ad
1212 890 1438 928 sententiam

121 958 226 984 snam
251 951 474 997 excerpent,
501 951 633 983 cetera
658 945 832 983 nolentes
857 946 1009 991 intueri,
1037 958 1132 996 quae
1158 952 1197 983 et
1220 948 1300 996 ipsa
1326 959 1440 996 regu-

122 1003 196 1041 lam
209 1010 374 1048 servant,
401 1010 441 1040 et
459 1000 608 1052 quidem
628 1002 731 1039 salva
753 1003 890 1039 unione
911 1001 1116 1039 divinitatis
1137 1008 1176 1039 et
1194 1002 1438 1040 monarchiae

122 1059 262 1096 sonitu.
321 1057 418 1096 Nam
450 1058 548 1094 sicut
576 1059 614 1094 in
644 1057 836 1095 veteribus
866 1058 958 1095 nihil
989 1057 1091 1095 aliud
1123 1064 1270 1104 tenent,
1309 1071 1437 1108 quam:

123 1127 199 1166 ego
225 1113 317 1153 dcus
347 1122 388 1153 et
418 1114 512 1152 alius
543 1121 700 1164 praeter
728 1127 787 1151 me
818 1127 892 1151 non
924 1115 1052 1162 est,¹)
1090 1115 1143 1151 ita
1173 1115 1211 1151 in
1237 1114 1437 1164 evangelio

122 1172 410 1222 responsionem
447 1169 588 1208 domini
619 1169 667 1208 ad
699 1169 907 1222 Philippum
945 1177 1116 1209 tuentur:
1155 1183 1229 1221 ego
1261 1178 1300 1209 et
1329 1178 1440 1222 pater

125 1240 236 1266 unum
260 1241 403 1275 sumus,
435 1234 475 1266 et
499 1228 560 1278 qui
585 1240 644 1265 me
667 1225 825 1277 viderit,
858 1226 950 1266 vidit
975 1235 1015 1266 et
1037 1235 1203 1278 patrem,
1236 1235 1276 1265 et
1300 1240 1374 1278 ego
1400 1229 1439 1265 in

122 1292 234 1338 patre
259 1292 301 1324 ct
323 1293 433 1337 pater
456 1286 494 1322 in
519 1297 594 1321 me.
610 1286 649 1334 ²)
715 1283 782 1322 His
812 1284 932 1322 tribus
958 1285 1132 1336 capitulis
1157 1291 1274 1322 totum
1300 1285 1439 1322 instru-

123 1349 287 1380 mentum
313 1343 507 1394 utriusque
539 1342 754 1379 testamenti
783 1341 914 1379 volunt
945 1341 1105 1387 cedere,
1147 1354 1230 1379 cum
1262 1347 1440 1392 oporteat

123 1398 328 1438 secundum
360 1399 471 1450 plura
499 1398 662 1448 intelligi
694 1399 890 1448 pauciora.
950 1396 1027 1436 Sed
1057 1398 1252 1448 proprium
1277 1397 1351 1435 hoc
1377 1404 1438 1435 est

123 1457 287 1494 omnium
312 1456 607 1494 haereticorum.
655 1453 752 1491 Nam
780 1455 865 1504 quia
888 1466 1011 1504 pauca
1035 1460 1133 1499 sunt,
1160 1466 1255 1503 quae
1281 1454 1318 1490 in
1345 1454 1439 1491 silva

122 1513 285 1564 inveniri
309 1519 479 1564 possunt,
505 1523 628 1562 pauca
652 1509 834 1548 adversus
857 1511 966 1561 plura
992 1508 1213 1555 defendunt,
1246 1516 1285 1548 et
1309 1517 1439 1561 poste—

121 1569 227 1608 riora
252 1567 435 1607 adversus
465 1569 595 1620 priora
626 1568 848 1618 suscipiunt.
918 1566 1063 1618 Regula
1094 1573 1218 1604 autem
1250 1567 1350 1604 omni
1380 1568 1439 1604 rei

121 1625 170 1664 ab
195 1625 303 1664 initio
330 1627 538 1664 constituta
563 1637 611 1662 ex
635 1624 825 1674 prioribus
850 1631 890 1661 et
909 1637 958 1661 ex
974 1623 1144 1674 pluribus
1163 1622 1200 1658 in
1221 1623 1439 1672 posteriora

109 1682 364 1734 praescrihit,
390 1683 520 1731 utique
545 1687 583 1717 et
608 1680 645 1716 in
670 1680 919 1729 pauciora.³)

234 1741 303 1778 21.
362 1736 506 1788 Aspice
532 1737 678 1785 itaque,
711 1741 849 1785 quanta
879 1734 1143 1785 praescribant
1167 1733 1235 1771 tibi
1260 1734 1373 1772 etiam
1398 1734 1438 1770 in

121 1793 322 1843 evangelio
347 1799 436 1830 ante
456 1792 618 1842 Philippi
645 1791 962 1829 consultationem
982 1797 1022 1828 et
1040 1797 1128 1828 ante
1149 1802 1295 1828 omnem
1320 1802 1437 1840 argu-

120 1850 391 1888 mentationem
416 1855 529 1886 tuam.
591 1846 640 1884 Et
669 1847 707 1883 in
737 1847 867 1897 primis
897 1848 978 1897 ipsa
1010 1847 1133 1884 statim
1159 1846 1347 1897 praefatio
1373 1845 1436 1883 Io-

120 1907 230 1944 annis
248 1905 566 1956 evangelizatoris
585 1902 831 1949 demonstrat,
858 1902 944 1954 quid
970 1910 1075 1941 retro
1100 1903 1227 1949 suerit,
1254 1903 1316 1953 qui
1341 1915 1433 1942 caro

118 1962 203 2001 fieri
228 1961 407 2001 habehat.
455 1961 497 1999 In
522 1960 711 2012 principio
736 1966 821 1998 erat
844 1972 983 2006 sermo,
1010 1966 1051 1998 et
1074 1972 1200 1998 sermo
1225 1965 1311 1997 erat
1334 1956 1434 2010 apud

120 2017 245 2066 deum,
270 2025 311 2057 et
333 2017 426 2057 deus
451 2024 535 2056 erat
558 2029 703 2064 sermo;
728 2016 790 2055 hic
815 2023 900 2054 erat
917 2017 955 2054 in
975 2017 1162 2068 principio
1182 2014 1281 2067 apud
1302 2014 1431 2061 deum3

120 2076 248 2114 omnia
271 2087 342 2127 per
364 2075 484 2126 ipsum
509 2074 612 2111 facta
634 2079 733 2119 sunt,
760 2080 801 2112 et
824 2074 906 2112 sine
930 2075 1013 2125 ipso
1037 2073 1179 2111 factum
1203 2079 1262 2110 est
1281 2071 1430 2116 nihil.⁴)

118 2130 219 2170 Nam
242 2132 275 2169 si
298 2131 395 2169 haec
421 2126 496 2168 non
520 2130 634 2168 aliter
655 2130 780 2180 accipi
806 2130 909 2176 licet,
942 2143 1050 2181 quam
1076 2127 1264 2180 quomodo
1289 2128 1433 2177 scripta

120 2195 225 2233 sunt,
256 2185 515 2225 indubitanter
543 2186 639 2224 alius
670 2184 900 2232 ostenditur,
938 2187 1001 2237 qui
1031 2186 1147 2223 suerit
1176 2197 1198 2221 a
1227 2183 1429 2234 principio,

122 2245 218 2283 alius
241 2242 341 2295 apud
366 2256 475 2295 quem
498 2243 588 2290 fuit3
614 2241 726 2280 alium
751 2254 963 2281 sermonem
987 2254 1086 2288 esse,
1110 2241 1222 2279 alium
1247 2238 1372 2284 deum,
1388 2238 1428 2286 ⁵)

214 2389 253 2434 1)
266 2393 328 2422 len.
342 2392 397 2430 45,
413 2393 445 2420 5.
501 2390 598 2429 2)10.
614 2390 666 2430 14,
680 2392 700 2420 9
709 2398 758 2428 tq.
816 2390 853 2429 3)
866 2389 923 2421 Sic
937 2389 1011 2420 cod.
1022 2389 1156 2418 Wonw.
1168 2387 1203 2417 ct
1214 2386 1287 2426 Rig.
1296 2385 1427 2416 Ceteri:

125 2438 364 2470 constituta
398 2436 442 2466 in
478 2435 697 2473 prioribus
727 2437 770 2465 et
798 2434 841 2465 in
872 2434 1114 2473 posteriora
1149 2430 1426 2470 praescribit,

123 2484 271 2521 utique
296 2484 336 2512 et
359 2482 399 2511 in
425 2480 709 2520 paucioribus.
768 2477 806 2521 4)
819 2481 1026 2518 10.1‚1uqq.
1087 2477 1122 2515 5)
1136 2477 1192 2508 Sic
1207 2476 1426 2506 eod.Wouw.

124 2527 386 2568 etnig.Cete1-i:
412 2526 536 2556 atium
563 2534 794 2556 termonem
818 2525 901 2564 dei,
926 2524 1054 2555 alium
1080 2522 1295 2552 dominum.

183 2585 377 2615 Τιιῑιιτυιι.
408 2583 463 2613 lV.
1090 2570 1142 2607 18
