1566 2808
0 0 143 78 {223³
284 24 287 26 -

0 143 20 158 '⁹
374 164 501 197 anv.
537 164 899 196 ΜΑιιοιοΝΕΜ
933 165 1111 199 menn
1144 166 1186 197 ιι.
1343 163 1451 201 loo

121 255 335 296 divinitatis
357 254 527 294 efficiunt
551 257 677 294 omnia
700 257 889 309 potentis,
928 255 1157 309 compendio
1184 257 1335 295 interim
1361 271 1450 309 pos-

121 312 439 353 sumAntitheses
462 312 667 359 retudisse,
694 315 905 365 gestientes
930 327 980 352 ex
1004 314 1251 366 qualitatihus
1274 314 1452 365 ingenio-

120 383 204 409 rum
227 370 311 410 sive
333 370 464 422 legum·
486 371 566 408 sive
590 372 770 410 virtutum
797 370 1034 419 discernere,
1060 378 1174 423 atque
1200 372 1253 409 ita
1278 372 1450 410 alienare

121 427 313 467 Christum
337 440 363 466 a
386 434 587 482 creatore,
614 435 656 466 ut
680 429 860 480 optimum
886 442 909 467 a
934 428 1061 468 iudice
1093 435 1135 467 et
1164 430 1293 467 mitem
1319 441 1342 466 a
1365 429 1451 467 fero

120 492 162 524 et
185 485 391 524 salutarem
416 485 464 523 ab
491 486 672 523 exitioso.
712 485 839 536 Magis
864 487 964 524 enim
990 499 1059 524 eos
1079 486 1328 536 coniungunt,
1357 499 1452 538 quos

120 543 160 580 in
191 542 250 580 eis
281 541 567 580 diversitatibus
599 550 762 594 ponunt,
801 557 897 594 quae
931 542 1005 582 deo
1040 550 1267 594 congruunt.
1327 543 1453 582 Aufer

117 599 270 638 titulum
298 598 511 638 Marcionis
543 606 583 637 et
613 601 864 639 intentionem
896 607 1010 652 atque
1047 602 1284 655 propositum
1322 602 1452 652 operis

119 657 257 708 ipsius,
291 663 332 695 et
355 657 448 694 nihil
474 655 577 694 aliud
607 657 822 708 praestabit
840 659 897 703 ¹),
937 670 1062 709 quam0
1084 657 1451 696 demonstrationem

120 709 293 752 eiusdem
318 713 382 752 dei
408 715 540 764 optimi
566 721 606 751 et
630 713 781 760 iudicis,
808 715 896 765 quia
920 714 1018 752 haec
1040 713 1116 752 duo
1136 715 1175 751 in
1195 713 1316 752 solum
1337 713 1450 752 deum

120 777 354 822 competunt.
415 770 514 808 Nam
541 777 580 807 et
605 770 726 821 ipsum
757 770 921 808 studium
952 771 991 808 in
1023 771 1081 809 eis
1112 771 1298 822 exemplis
1330 785 1451 823 oppo-

117 826 235 866 nendi
260 826 452 866 Christum
478 828 647 866 creatori
673 826 722 865 ad
748 828 932 866 unitatem
957 829 1079 879 magis
1104 835 1302 880 spectat
1334 828 1448 883 Adeo

119 885 220 923 enim
245 885 329 936 ipsa
353 891 395 923 et
418 898 493 922 uua
514 891 599 922 erat
618 879 831 923 substantia
850 884 1119 924 divinitatibus
1131 885 1235 924 bona
1254 892 1295 924 et
1313 899 1450 925 severa

117 948 160 981 et
183 941 336 981 eisdem
354 942 540 994 exemplis
566 949 607 980 et
629 943 668 980 in
694 942 878 981 similibus
902 944 1151 994 argumentis,
1177 950 1220 981 ut
1237 943 1448 981 bonitatem

116 1012 222 1038 suam
245 999 413 1038 voluerit
438 998 657 1046 ostendere,
684 1002 723 1038 in
749 1001 883 1052 quibus
908 1002 1163 1052 praemiserat
1186 1002 1447 1046 severitatem,

116 1058 209 1109 quia·
231 1070 309 1110 nec
339 1058 473 1095 mirum
504 1063 590 1095 erat
620 1056 823 1096 diversitas
855 1058 1097 1110 temporalis,
1135 1059 1168 1096 si
1191 1065 1329 1110 postea
1354 1058 1448 1096 deus

114 1115 247 1153 mitior
268 1127 340 1167 pro
365 1114 482 1153 rebus
507 1114 698 1162 edomitis,
720 1116 783 1167 qui
808 1119 914 1154 retro
935 1117 1129 1154 austerior
1146 1129 1217 1166 pro
1237 1114 1446 1154 indomitis.

113 1169 176 1209 Ita
206 1184 280 1223 per
302 1171 528 1221 Antitheses
558 1172 710 1210 facilius
741 1172 893 1210 ostendi
924 1179 1055 1224 potest
1085 1171 1183 1210 ordo
1209 1174 1399 1211 creatoris
1425 1186 1448 1211 a

118 1228 274 1267 Christo
298 1229 541 1274 reformatus,
569 1242 679 1280 quam
692 1230 731 1277 2)
757 1241 1021 1282 repercussus,
1049 1236 1089 1268 et
1113 1228 1287 1268 redditus
1305 1231 1445 1296 potius,

117 1298 228 1338 quam
253 1286 449 1332 exclusus,
480 1288 709 1338 praesertim
741 1300 826 1325 cum
858 1285 970 1326 deum
1000 1294 1103 1325 tuum
1134 1287 1183 1325 ab
1215 1288 1317 1325 omni
1342 1294 1446 1325 motu

116 1343 309 1382 amariore
332 1357 536 1390 secernas,
567 1345 699 1395 utique
724 1351 766 1382 et
795 1344 843 1382 ab
869 1345 1128 1383 aemulatione
1154 1344 1345 1382 creatoris
1370 1345 1446 1382 sci-

114 1393 222 1440 licet.
281 1399 382 1452 Nam
412 1401 444 1438 si
474 1401 527 1438 ita
559 1407 637 1446 est,
676 1400 866 1452 quomodo
904 1414 990 1439 eum
1008 1400 1244 1439 Antitheses
1276 1401 1446 1452 singulas

114 1458 267 1512 species
292 1446 482 1496 creatoris
507 1458 736 1495 aemulatum
761 1457 1051 1496 demonstrant?
1084 1457 1314 1509 Agnoscam
1328 1459 1446 1509 igitur

101 1517 157 1554 'et
180 1517 220 1554 in
243 1515 319 1554 hoc
342 1528 415 1568 per
438 1515 523 1553 illas
548 1514 660 1553 deum
686 1525 809 1554 meum
833 1516 1013 1562 zelotem,
1041 1517 1103 1567 qui
1129 1528 1194 1554 res
1218 1528 1306 1554 suas
1330 1515 1445 1558 arbu-

114 1573 258 1617 su'ores
279 1573 320 1610 in
329 1571 566 1624 primordiis
588 1572 691 1611 bona
717 1580 757 1611 et
787 1574 968 1613 rationali
985 1574 1257 1618 aemulatione
1287 1575 1445 1612 maturi-

113 1631 205 1669 tatis
218 1632 534 1683 praecuraverit
570 1643 640 1668 suo
677 1631 780 1677 iure,
820 1631 927 1670 cuius
956 1630 1183 1669 Antitheses
1214 1631 1337 1669 etiam
1361 1632 1443 1682 ipse

113 1667 276 1726 mundus
321 1689 404 1726 eius
444 1694 635 1739 agnoscet
675 1699 727 1726 ex
768 1688 1108 1731 contrarietatibus
1151 1689 1442 1734 elementorum,

115 1756 258 1783 summa
281 1751 409 1783 tamen
433 1746 585 1782 ratione
609 1744 840 1783 modulatus.
902 1745 1023 1792 Quam
1054 1745 1103 1783 ob
1135 1758 1236 1790 rem,
1274 1745 1444 1783 inconsi-

114 1800 382 1840 derantissime
395 1801 585 1847 Marcion,
611 1802 726 1839 alium
751 1800 863 1839 deum
883 1801 980 1840 lucis
1001 1801 1217 1841 ostendisse
1237 1799 1441 1848 debueras,

42 1858 54 1867 '
113 1859 230 1897 alium
253 1871 348 1900 vero
373 1857 639 1905 tenebrarum,
677 1871 752 1911 qno
776 1859 929 1896 facilius
953 1859 1067 1897 alium
1092 1859 1295 1905 bonitatis,
1327 1860 1442 1897 alium

114 1916 333 1962 severitatis
358 1916 627 1967 persuasisses.
672 1914 851 1954 Ceterum
877 1917 962 1965 eius
986 1917 1063 1955 erit
1079 1915 1306 1964 Antithesis,
1333 1917 1440 1956 cuius

112 1980 175 2012 est
197 1980 239 2012 et
262 1974 300 2012 in
325 1972 478 2012 mundo.

205 2101 243 2140 1)
267 2101 321 2131 lta
333 2100 423 2131 coni.
437 2100 574 2130 sanius.
620 2078 776 2131 nitendo
794 2101 847 2132 ed.
860 2102 885 2131 1.
910 2104 1157 2142 praestare3
1183 2104 1304 2141 postea
1325 2102 1438 2134 omni-

111 2142 177 2178 bun'
194 2146 292 2179 editt.
305 2147 418 2177 suasit
429 2145 662 2178 scribendum:
688 2148 858 2186 probat3
882 2146 971 2187 Aug.
984 2148 1084 2179 Hahn
1098 2150 1313 2188 suspicatur:
1338 2158 1412 2188 pro
1422 2166 1437 2172 -

111 2193 245 2227 bnt-et.
339 2192 376 2232 2)
401 2192 507 2223 Rhen.
530 2201 630 2235 quo,
653 2193 728 2233 mg.
746 2197 806 2234 et,
821 2194 976 2225 Semler·
1003 2204 1084 2234 quo
1108 2198 1160 2226 et.
