1604 2800
496 189 571 220 DE
607 190 806 221 CARNE
844 190 1101 222 CHRISTI.
1404 192 1472 229 Sl

138 284 294 324 Christo
320 294 510 336 nunquam
535 288 596 320 est
620 280 783 320 dictum:
810 289 851 320 et
874 283 930 320 ait
955 282 1046 320 mihi
1070 283 1244 334 angelus,
1271 283 1392 335 quiin
1411 298 1471 324 me

134 341 434 395 loquebatur‚¹)
461 336 530 378 sed
556 352 630 377 nec
656 338 918 391 quotidianum
945 339 1038 378 illud
1065 341 1228 378 omnium
1261 341 1470 393 propheta-

135 412 237 438 rum:
277 399 377 438 haec
407 397 503 437 dicit
533 395 728 435 dominus:
767 398 850 449 ipse
881 398 982 436 enim
1014 404 1101 436 erat
1131 397 1307 436 dominus
1339 411 1471 437 coram

135 470 187 496 ex
229 470 298 496 sua
340 455 575 495 auctoritate
618 456 890 507 pronuntians:
940 468 1015 507 ego
1054 462 1181 494 autem
1219 454 1309 494 dico
1346 456 1469 495 vobis.

137 513 238 563 Quid
263 514 390 553 ultra?
446 511 510 552 Ad
534 513 633 551 haec
658 512 813 551 Esaiam
840 513 1121 552 exclamantem
1146 511 1256 551 audi:
1294 527 1372 551 non
1403 527 1471 552 an-

134 572 247 624 gelus
271 584 397 625 neque
423 571 592 622 legatuS‚
620 569 689 608 sed
714 572 797 622 ipse
823 569 998 609 dominus
1023 571 1151 610 salvos
1176 584 1245 610 eos
1270 571 1425 619 facim)

254 633 318 672 15.
370 629 500 668 Licuit
530 635 570 666 et
594 627 802 666 Valentino
833 641 883 667 ex
903 629 1118 680 ‚privilegio
1150 628 1351 667 haeretico
1386 642 1472 667 car-

135 700 223 727 nem
262 686 407 726 Christi
444 686 658 738 spiritalem
697 686 950 724 comminisci.
1015 685 1174 734 Quidvis
1205 699 1288 724 eam
1321 686 1471 736 fingere

135 745 275 798 potuit,
308 745 478 796 quisquis
504 744 704 782 humanam
731 742 895 782 credere
920 743 1062 790 noluit,
1095 742 1268 795 quando,
1296 742 1397 794 quod
1422 742 1472 780 ad

134 815 269 842 omnes
293 800 437 840 dictum
463 807 541 847 est,
574 801 606 838 si
632 800 795 838 humana
820 813 897 838 non
923 801 1091 839 fuit-nec
1117 813 1168 838 ex
1192 800 1366 846 homine,
1395 813 1472 837 non

129 858 263 906 video,
289 872 340 898 ex
366 871 439 911 qua
464 857 786 908 substantiaipse
812 870 854 896 se
870 856 1045 896 Christus
1070 857 1263 896 hominem
1289 864 1330 895 et
1356 857 1472 895 filium

134 917 297 956 hominis
322 916 600 969 pronuntiarit:
633 928 733 953 nunc
759 922 887 954 autem
913 915 1027 954 vultis
1054 914 1238 954 occidere
1264 915 1469 960 hominem,

132 976 336 1014 veritatem
363 973 412 1013 ad
436 987 506 1012 vos
532 973 766 1020 locutum53)
796 980 855 1011 et:
895 972 1070 1011 dominus
1102 980 1163 1011 est
1194 972 1345 1011 sabbati
1371 973 1471 1010 filius

133 1032 360 1081 hominis.⁴)
422 1031 480 1070 De
507 1032 590 1083 ipso
617 1030 717 1069 enim
732 1030 886 1068 Esaias:
913 1030 1028 1068 homo
1056 1031 1095 1067 in
1119 1030 1248 1082 plaga,
1276 1037 1316 1068 et
1340 1031 1470 1068 sciens

133 1090 240 1129 ferre
277 1089 598 1128 imbecillitatem.
621 1089 658 1135 5)
721 1086 771 1125 Et
809 1087 1042 1126 Hieremias:
1085 1094 1126 1125 et
1161 1088 1276 1125 homo
1314 1094 1386 1134 est,
1431 1093 1471 1124 et

135 1148 221 1199 quis
246 1147 432 1197 coguovit
449 1146 487 1194 6)
515 1146 645 1183 illum?
662 1145 702 1193 ⁷)
763 1144 814 1182 Et
838 1144 995 1182 Daniel:
1034 1151 1074 1183 et
1098 1157 1215 1196 super
1241 1144 1360 1182 nubes
1386 1151 1470 1181 tan-

135 1217 248 1256 quam
275 1203 374 1242 iilius
399 1203 629 1252 hominis.⁸)
690 1201 817 1239 Etiam
849 1201 987 1240 Paulus
1024 1202 1240 1253 apostolus:
1278 1200 1471 1239 mediator

135 1261 199 1300 dei
238 1268 279 1300 et
315 1261 508 1298 hominum
545 1260 660 1298 homo
699 1258 874 1297 Christus
912 1259 1079 1307 Iesus.⁹)
1141 1259 1235 1298 Item
1262 1257 1399 1296 Petrus
1430 1259 1471 1296 in

135 1320 235 1358 actis
272 1318 555 1370 apostolorum:
617 1317 741 1355 Iesum
772 1316 1017 1355 Nazarenum
1047 1318 1169 1355 virum
1199 1316 1309 1355 vobis
1340 1329 1363 1354 a
1394 1314 1469 1354 deo

136 1376 470 1426 destinatum,¹⁰)
495 1375 626 1426 utique
651 1374 856 1413 hominem.
919 1373 1027 1412 Haec
1059 1375 1143 1413 sola
1173 1374 1350 1412 sufficere
1381 1374 1468 1411 vice

134 1433 457 1488 praescriptionis
494 1431 712 1471 debuerunt
739 1431 789 1470 ad
820 1433 1078 1470 testimonium
1117 1432 1245 1470 carnis
1282 1430 1468 1469 humanae

137 1499 179 1532 et
202 1504 254 1531 ex
277 1491 431 1530 homine
457 1496 631 1542 sumptae
658 1496 698 1528 et
722 1503 800 1528 non
826 1490 1031 1541 spiritalis,
1069 1490 1171 1527 sicut
1195 1501 1269 1527 nec
1295 1487 1470 1526 animalis

135 1562 210 1589 nec
241 1548 420 1588 sidereae
451 1560 524 1586 nec
562 1547 833 1599 imaginariae,
870 1548 904 1585 si
940 1547 1024 1585 sine
1061 1546 1188 1585 studio
1226 1553 1267 1585 et
1302 1545 1469 1584 artificio

136 1607 398 1647 contentionis
423 1605 606 1644 haereses
632 1618 718 1644 esse
742 1605 972 1656 potuissent.
1014 1604 1114 1643 Nam
1140 1611 1181 1642 ut
1205 1616 1325 1655 penes
1351 1615 1470 1654 quen-

136 1664 223 1704 dam
250 1677 301 1704 ex
324 1663 523 1701 Valentini
548 1663 699 1700 ratione
720 1662 788 1713 ¹¹)
813 1662 905 1712 legi,
931 1662 1056 1712 primo
1081 1675 1158 1699 non
1182 1667 1318 1712 putant
1344 1667 1470 1698 terre-

137 1735 225 1760 nam
250 1729 291 1760 et
314 1721 517 1758 humanam
548 1718 704 1756 Christo
737 1717 988 1756 substantiam
1021 1718 1283 1764 informatam,
1321 1730 1369 1755 ne
1401 1715 1469 1754 ‹le-

137 1780 261 1817 terior
296 1777 447 1827 angelis
483 1774 659 1813 dominus
696 1773 1028 1825 deprehendatur,
1074 1775 1137 1826 qui
1173 1788 1250 1812 non
1286 1781 1469 1811 terrenae

138 1836 268 1874 carnis
293 1832 613 1879 exstiterunt,¹²)
640 1830 780 1869 dehinc
807 1830 908 1882 quod
935 1837 1137 1883 oporteret
1161 1831 1322 1869 similem
1347 1830 1471 1868 nostri

140 1906 295 1932 carnem
321 1891 497 1929 similiter
522 1888 648 1935 nasci,
674 1901 751 1926 non
777 1887 826 1927 de
851 1889 1006 1941 spiritu,
1032 1901 1104 1927 nec
1130 1887 1178 1927 de
1205 1887 1300 1935 deo,
1326 1886 1395 1926 sed
1421 1900 1471 1926 ex

136 1952 211 1990 viri
241 1949 454 1988 voluntate.
514 1946 565 1984 Et
595 1958 665 1984 cur
694 1959 771 1984 non
802 1945 850 1985 de
883 1946 1123 1998 corruptela,
1164 1945 1234 1984 sed
1265 1944 1314 1984 de
1339 1946 1470 1983 incor-

138 2008 315 2061 ruptela?
374 2005 424 2044 Et
449 2016 566 2056 quare
592 2016 682 2050 non,
708 2004 808 2042 sicut
832 2010 872 2042 et
895 2003 962 2042 illa
987 2004 1202 2042 resurrexit
1225 2009 1266 2042 et
1290 2003 1328 2040 in
1355 2002 1469 2041 coelo

138 2071 334 2116 resumpta
358 2070 431 2110 est,
457 2063 512 2100 ita
537 2067 578 2100 et
601 2067 734 2099 nostra
757 2073 829 2113 par
853 2061 937 2100 eius
961 2062 1088 2100 statim
1113 2060 1349 2099 adsumitur?
1389 2058 1471 2098 Aut

140 2135 211 2161 cur
246 2122 312 2160 illa
347 2133 419 2172 par
454 2125 610 2157 nostrae
647 2131 724 2156 non
759 2130 882 2171 aeque
918 2120 960 2157 in
995 2126 1139 2158 terram
1171 2117 1355 2157 dissoluta
1387 2118 1471 2171 est?

138 2179 249 2218 Talia
273 2177 419 2216 ethnici
443 2175 680 2215 volutabunt.
740 2174 848 2228 Ergo
875 2175 939 2216 dei
965 2176 1064 2216 filius
1089 2177 1128 2216 in
1152 2183 1298 2215 tantum
1318 2167 1470 2216 haffli-

233 2363 271 2402 1)
296 2361 403 2393 Zaeh.
420 2363 452 2399 1,
468 2361 522 2391 14.
618 2360 655 2400 2)
679 2357 862 2402 len.sa,9.
896 2337 906 2346 ’
956 2361 994 2401 a)
1018 2362 1066 2392 ιο.
1080 2362 1112 2401 8,
1132 2361 1188 2390 40.
1283 2358 1321 2398 4)
1345 2356 1469 2389 matth.

141 2410 198 2447 12,
211 2410 244 2439 8.
351 2408 387 2447 5)
412 2409 475 2439 les.
491 2407 546 2445 53,
562 2407 594 2437 3.
688 2406 726 2446 6)
750 2406 815 2437 Ed.
828 2407 933 2438 Fran.
947 2409 983 2438 et
995 2407 1070 2448 Rig.
1090 2406 1335 2447 cognoscet.
1431 2402 1470 2442 τ)

138 2456 319 2491 1er.1·1,9.
414 2453 451 2492 8)
477 2453 611 2492 Dana,
633 2453 688 2483 13.
782 2452 821 2492 9)
847 2454 867 2482 1
887 2452 981 2484 Tim.
1001 2454 1033 2491 2,
1058 2455 1089 2483 5.
1183 2452 1243 2491 ιο)
1268 2452 1343 2482 Act.
1363 2454 1395 2489 ι,
1415 2450 1470 2478 22.

140 2502 202 2541 11)
227 2500 301 2532 Gel.
326 2501 361 2531 et
382 2499 434 2530 ed.
454 2499 558 2529 Fran.
582 2498 797 2538 factione,
823 2497 942 2529 lunius
967 2500 1004 2530 et
1026 2498 1103 2539 Rig.
1126 2493 1314 2529 natione.'
1409 2495 1470 2535 12)

142 2546 249 2579 Rhen.
279 2546 332 2578 ed.
365 2547 390 2578 1.
421 2547 637 2577 terrenam
675 2543 850 2576 christo
886 2545 1016 2577 nubat.
1049 2544 1219 2576 inform.
1249 2560 1296 2567 —
1327 2542 1470 2574 exuti-

141 2592 257 2624 terit.

201 2649 399 2682 Tem-um..
424 2649 479 2680 lv.
1156 2640 1187 2679 6'
