1566 2808
170 199 234 236 24
432 199 558 231 ADV.
594 198 962 231 MARCIONEM
997 197 1176 228 LIBER
1211 196 1238 227 1.

172 293 333 332 vestitus
369 289 460 330 ideo
498 291 798 337 accusabuntur,
837 291 925 343 quia
961 290 1167 342 pretiosius
1211 288 1424 340 comparati
1460 288 1497 326 in

174 349 424 389 ambitionem
459 355 691 387 tumescunt.
755 346 821 387 Sic
854 361 927 386 nec
958 347 1188 386 matrimonii
1220 359 1284 386 res
1314 344 1404 386 ideo
1431 343 1500 383 de-

172 413 376 458 spuentur,
416 407 505 458 quia
530 407 846 458 intemperantius
877 404 1037 444 diffusae
1069 407 1107 443 in
1134 405 1319 443 luxuriam
1345 401 1501 444 inarde-

171 471 298 502 scunt.
357 463 517 502 Multum
544 457 674 502 differt
706 464 808 501 inter
839 476 1011 502 caussam
1038 470 1078 501 et
1103 463 1270 514 culpam,
1297 462 1399 500 inter
1423 467 1503 498 sta-

171 530 252 560 tum
277 528 318 559 et
343 534 558 559 excessum.
619 521 678 559 lta
703 520 918 560 huiusmodi
943 534 1027 565 non¹
1045 521 1252 567 institutio,
1292 518 1360 558 sed
1386 531 1501 556 exor-

170 579 310 618 bitatio
355 577 602 630 reprobanda
645 585 721 625 est,
772 577 979 617 secundum
1025 590 1224 616 censuram
1272 577 1502 615 institutoris

172 638 312 688 ipsius,
346 638 454 674 cuius
486 643 563 683 est,
597 643 692 674 tam:
733 637 900 674 crescite
927 643 967 673 et
990 635 1365 687 multiplicamini¹),
1392 646 1503 686 quam

174 702 232 732 et:
272 707 348 731 non
385 693 621 732 adulterabis
660 701 699 732 et
735 707 895 732 uxorem
932 692 1181 744 proximi'tui
1213 705 1288 730 non
1321 691 1505 742 concupi·

174 764 262 789 sees
276 753 328 799 2),
355 758 478 790 morte
504 752 697 802 punientis
722 758 762 789 et
787 752 987 802 incestam,
1011 751 1243 801 sacrilegam
1262 756 1377 801 atque
1397 761 1523 786 mon-⁷

175 816 364 846 struosam
401 810 439 846 in
471 809 662 846 masculos
694 815 734 846 et
763 809 802 846 in
832 807 1003 860 pecudes
1028 806 1225 846 libidinum
1251 805 1502 856 insaniam3).

177 865 257 904 Sed
290 873 329 904 ct
353 866 385 904 si
412 865 579 904 nubendi
611 867 685 904 iam
715 865 850 904 modus
874 867 1049 917 ponitur,
1089 878 1199 916 quem
1225 862 1379 915 quidem
1404 861 1505 914 apud

175 937 246 961 nos
272 924 457 974 spiritalis
482 925 582 962 ratio
609 924 809 974 paracleto
836 931 996 961 auctore
1029 921 1347 961 defenditffluum·
1365 921 1402 958 in
1429 918 1504 958 fide

175 982 458 1019 matrimonium
483 981 775 1033 praescribens,
803 980 973 1019 eiusdem
1000 980 1076 1019 erit
1101 979 1252 1018 modum
1279 979 1415 1030 figere,
1442 978 1506 1030 qui

176 1037 329 1076 modum
349 1037 554 1089 aliquando
576 1037 801 1086 diffuderat3
827 1039 859 1076 is
887 1039 1059 1089 colliget,
1087 1039 1149 1089 qui
1175 1037 1389 1089 sparsistis
1411 1047 1506 1074 cae-

178 1095 245 1133 det
270 1096 420 1142 silvam,
449 1097 511 1147 qui
536 1097 740 1147 plantavit3
774 1097 810 1149 is>
832 1103 952 1134 metet
975 1102 1167 1146 segetem,
1195 1095 1258 1146 qui
1282 1093 1504 1140 semi-navit,

178 1153 210 1189 is
237 1151 360 1190 dicet:
387 1160 582 1204 superest,
609 1160 651 1190 ut
675 1160 716 1191 et
741 1154 808 1205 qui
827 1166 971 1191 uxores
997 1152 1156 1199 habent,
1196 1153 1251 1191 sie
1277 1152 1370 1197 sint,
1398 1151 1506 1202 quasi

178 1223 255 1247 non
281 1209 450 1247 habeant
461 1211 515 1258 ⁴¹),
555 1210 661 1248 cuius
686 1217 727 1248 et
751 1217 857 1248 retro
883 1211 973 1248 fuit:
1013 1211 1180 1249 crescite
1206 1216 1248 1248 et
1276 1208 1507 1260 multiplica-

175 1268 289 1314 mini3
329 1266 499 1305 eiusdem
537 1267 640 1315 finis,
680 1268 787 1306 cuius
825 1274 865 1306 et
895 1269 1055 1306 initium.
1116 1267 1206 1306 Non
1238 1273 1365 1309 tamen
1380 1266 1506 1304 ‘accu-

180 1323 301 1362 sanda
327 1324 504 1362 caeditur
528 1325 641 1372 silva,
679 1338 753 1364 nec
777 1333 820 1364 ut
851 1325 1066 1367 damnanda
1090 1332 1247 1364 secatur
1271 1328 1404 1375 seges,
1437 1321 1506 1362 sed

180 1388 221 1418 ut
246 1383 411 1432 tempori
437 1395 505 1419 suo
531 1395 684 1432 parens.
747 1381 814 1421 Sic
852 1390 892 1421 et
917 1383 1104 1421 ‘connubii
1135 1395 1199 1421 res
1230 1396 1304 1420 non
1336 1388 1378 1419 ut
1397 1380 1507 1420 *mala

180 1451 356 1476 securem
389 1445 429 1476 et
459 1439 598 1477 falcem
631 1439 798 1478 admittit
827 1441 1080 1486 sanctitatis,
1100 1436 1168 1478 sed
1201 1446 1241 1477 ut
1265 1445 1412 1478 matura
1434 1437 1507 1485 de-

180 1496 303 1546 fungi,
331 1502 374 1533 ut
398 1497 470 1547 ipsi
496 1498 691 1544 sanctitati
717 1504 928 1543 reservata,
956 1498 1016 1535 cui
1045 1495 1244 1542 caedendo
1270 1500 1442 1548 praestat
1466 1502 1507 1534 et

181 1566 266 1591 esse
281 1553 334 1600 ⁵).
383 1551 505 1591 'Unde
538 1555 610 1592 iam
643 1554 770 1592 dicam
796 1554 906 1593 deum
931 1554 1162 1601 Marcionis,
1200 1567 1286 1592 eum
1311 1554 1506 1593 matrimo-

179 1611 282 1648 nium
314 1617 356 1648 ut
379 1611 516 1649 malum
548 1618 588 1650 et
612 1611 872 1664 impudicitiae
904 1614 1101 1663 negotium
1126 1610 1330 1663 reprobat,
1369 1609 1507 1649 adver·-

180 1681 242 1706 sus
268 1669 386 1719 ipsam
412 1669 543 1707 facere
576 1671 838 1717 sanctitatem,
877 1671 938 1709 cui
970 1669 1122 1708 videtur
1151 1668 1321 1708 studere.
1381 1667 1506 1706 Mate-

180 1726 275 1763 riam
301 1726 402 1763 enim
428 1727 511 1765 eius
534 1726 678 1774 eradit,
718 1729 804 1779 quia
837 1728 869 1765 si
894 1729 1049 1779 nuptiae
1081 1739 1158 1766 nou
1196 1733 1326 1773 erunt,
1363 1726 1506 1764 saucti-

179 1790 238 1820 tas
264 1783 367 1821 nulla
393 1790 465 1821 est.
524 1784 652 1823 Vacat
683 1787 782 1823 enim
814 1785 1071 1824 abstinentiae
1102 1785 1383 1831 testimonium,
1421 1796 1506 1822 eum

178 1840 338 1878 licentia
363 1842 542 1892 eripitur,
582 1843 758 1894 quoniam
790 1844 844 1881 ita
875 1841 1060 1894 quaedam
1086 1843 1124 1880 in
1151 1841 1314 1880 diversis
1326 1840 1506 1893 -proban-

178 1904 254 1934 tur.
317 1897 426 1936 Sicut
457 1906 498 1936 et
526 1900 647 1938 virtus
678 1901 716 1938 in
747 1901 975 1938 infirmitate-
994 1899 1260 1952 perficitur⁶)‚
1292 1900 1347 1938 sic
1366 1906 1414 1938 ct
1437 1898 1506 1937 ab·

179 1955 362 1992 stineutia
398 1955 567 1994 nubendi
603 1958 642 1995 iu
678 1958 863 1996 facultate
901 1957 1154 2008 dignoscitur.
1211 1954 1302 2004 Quis
1339 1955 1505 2008 denique

179 2011 374 2049 abstinens
401 2011 554 2051 dicetur
578 2014 729 2052 sublato
755 2028 822 2062 eo,
849 2028 871 2053 a
897 2028 971 2066 quo
997 2013 1264 2059 abstinendum
1290 2015 1373 2052 est?
1399 2013 1505 2062 Quae

177 2070 434 2120 temperantia
459 2071 572 2121 gulae
598 2073 637 2109 in
669 2072 811 2116 fame?
844 2072 950 2120 Quae
976 2073 1196 2111 ambitionis
1220 2070 1439 2123 repudiatio
1465 2072 1504 2110 in

178 2129 379 2178 egestate?
447 2127 552 2175 Quae
585 2129 754 2168 libidinis
786 2130 993 2169 infrenatio
1031 2131 1069 2168 in
1106 2125 1367 2175 castratione?
1425 2128 1505 2168 lam

177 2197 270 2222 vero
291 2191 502 2224 sementem
523 2188 678 2238 generis
699 2187 851 2228 humani
872 2190 1128 2240 compeSce-re‘
1150 2188 1188 2225 in
1209 2193 1343 2234 totum,
1370 2187 1503 2226 nescio

176 2255 226 2279 an
251 2242 325 2280 hoc
358 2255 508 2295 quoque
534 2245 677 2295 optimo
710 2244 784 2284 deo
812 2240 1012 2296 congruat.
1057 2244 1276 2293 'Quomodo
1303 2245 1403 2284 enim
1428 2243 1504 2290 sal—

174 2313 260 2337 vum
287 2299 477 2339 hominem
502 2302 624 2349 volet,
644 2304 762 2354 'quem
786 2310 893 2341 vetat
917 2304 1036 2350 nasci,
1064 2302 1112 2341 de
1139 2314 1215 2355 quo
1241 2302 1503 2341 nascituram

174 2357 365 2415 ferendo?
408 2358 607 2406 Quomodo
634 2360 803 2407 habebit,
830 2361 867 2398 in
894 2374 968 2412 quo
994 2361 1206 2400 bonitatem
1232 2366 1337 2405 suam
1361 2360 1500 2410 signet,

270 2508 305 2546 1)
332 2509 415 2539 Gen.
442 2511 481 2549 1,
507 2488 569 2540 28(
660 2509 698 2553 2)
729 2511 840 2542 Exod.
867 2513 929 2551 20,
957 2513 1010 2543 14.
1095 2490 1144 2550 ⁴3)
1175 2511 1255 2541 Lev.
1277 2489 1338 2549 zo,
1359 2505 1419 2542 ιο.
1446 2511 1499 2541 13.

175 2548 212 2588 4)
240 2553 257 2580 1
285 2554 361 2584 Cor·
388 2557 420 2594 7,
448 2557 502 2588 29,
598 2555 631 2597 5)
655 2558 712 2589 Sic
739 2558 833 2598 Rig.;
861 2559 967 2590 Rhen.
993 2558 1043 2588 ed.
1065 2558 1089 2587 1.
1110 2557 1366 2604 ‘praestaret
1391 2565 1500 2587 esse.

174 2594 211 2638 6)
229 2598 248 2626 2
264 2599 340 2628 Cor.
355 2602 409 2640 12,
433 2603 463 2631 9.
994 2622 997 2626 ,
1197 2617 1199 2620 -
1241 2629 1243 2631 ,
