1566 2808
125 183 233 219 162
294 169 295 172 ¹
373 184 902 218 ADv.MAR01oNEM
937 186 1115 217 1213ssss
1150 186 1206 217 ιν.

127 276 306 315 admittas
322 277 436 316 filium
452 265 629 324 homini-s,
655 278 844 325 Marcion,
872 280 1172 331 circumspicere
1199 292 1274 317 non
1288 292 1454 331 possum.

130 333 171 372 Si
197 335 317 385 patris
344 334 507 373 hominis
533 347 654 386 negas
677 332 744 374 ‘dei
770 334 906 383 filium„
941 338 973 375 si
999 344 1039 375 et
1065 336 1146 384 dei,
1175 336 1380 378 Herculem
1407 335 1455 376 de

127 391 258 429 fabula
284 392 381 430 facis
397 392 601 440 Christum,
629 394 660 431 si
687 393 818 432 matris
844 401 988 432 tantum
1014 388 1191 441 homin'is,
1218 407 1341 433 meum
1364 407 1457 447 eon-

129 448 256 496 ced-is,
284 450 316 487 si
342 462 466 501 neque
493 451 613 501 patris
628 452 665 499 1)
700 451 883 498 hominis,
917 464 1012 503 ergo
1045 453 1183 490 nullius
1208 451 1372 498 hominis
1398 444 1458 490 est

130 506 247 552 filius,
288 513 329 545 et
366 520 528 555 neccsse
567 514 627 546 est
658 507 896 546 mendacium
928 508 1146 556 admiserit,
1186 510 1249 564 qui
1281 523 1322 548 se
1355 509 1458 562 quod

129 577 206 601 non
239 571 326 602 erat
359 553 467 603 dixit.
531 565 652 604 Unum
683 573 813 618 potest
843 567 1029 617 angustiis
1061 568 1136 605 tuis
1167 567 1392 614 subvenire,
1425 568 1458 606 si

130 621 274 659 audeas
313 629 379 660 aut
417 622 529 661 deum
567 630 671 662 tuum
714 631 863 675 patrem
896 623 1040 662 Christi
1074 624 1267 663 hominem
1306 637 1456 682 quoque

132 680 420 729 cognominare,
443 679 541 731 quod
559 680 605 719 de
622 694 744 719 aeone
760 682 854 720 fecit
868 683 905 730 2)
927 681 1168 729 Valentinus,
1191 691 1257 733 aut
1269 683 1458 733 virginem

130 732 321 774 hominem
337 750 459 787 negat
462 751 495 783 e,
513 737 614 789 quod
630 752 675 777 ne
685 737 914 777 Valentinus
930 739 1080 791 quidem
1095 740 1202 778 fecit.
1229 727 1327 787 Quid
1343 753 1456 786 mmo,

130 794 163 831 si
195 795 278 845 ipso
311 795 421 832 titulo
465 795 532 832 filii
564 795 726 835 hominis
764 803 946 834 censetur
978 795 1152 835 Christus
1183 796 1283 848 apud
1314 795 1456 835 Danie-

131 851 280 899 lem?³)
326 851 466 890 Nonne
499 852 637 891 sufficit
667 852 715 891 ad
747 854 1015 905 probationem
1042 849 1261 906 prophetici
1289 854 1458 892 Christi?

131 908 225 946 Cum
252 909 352 947 enim
379 908 417 947 id
449 923 490 948 se
517 911 706 962 appellat,
741 910 840 963 quod
874 912 912 948 in
939 911 1131 949 Christum
1158 902 1459 978 praedicabatur

133 967 342 1012 creatoriS,
376 967 458 1005 sine
491 966 607 1006 dubio
640 969 761 1019 ipsum
793 981 834 1007 se
867 975 1040 1020 praestat
1064 969 1228 1020 intelligi
1219 983 1248 1016 1,
1281 970 1319 1007 in
1347 982 1458 1022 quem

130 1022 444 1075 praedicabatur.
507 1023 714 1063 Nominum
742 1027 957 1064 communio
984 1026 1164 1078 simplex,
1192 1028 1224 1064 si
1250 1027 1374 1073 forte,
1392 1027 1458 1075 yi-

133 1080 215 1119 deri
243 1088 391 1131 potest,
419 1088 459 1119 et
483 1088 610 1121 tamen
637 1095 708 1121 nec
737 1082 932 1121 Christum
965 1096 1038 1122 nec
1072 1083 1197 1122 Iesum
1227 1085 1363 1123 vocari
1389 1083 1458 1122 de-

129 1138 258 1175 buisse
291 1137 532 1176 defendimus
564 1138 799 1177 diversitatis
831 1139 1092 1184 conditionem
1124 1147 1315 1179 tenentes.
1375 1139 1458 1193 Ap-

131 1196 290 1247 pellatio
317 1202 464 1242 autem,
493 1195 595 1248 q'uod
621 1204 681 1234 est
706 1197 805 1234 filius
830 1196 1014 1244 hominis,
1047 1198 1086 1235 in
1113 1204 1290 1249 quantum
1318 1211 1367 1246 ex
1391 1211 1459 1237 ac-

132 1252 278 1291 cidenti
311 1252 484 1300 obvenit,
518 1254 556 1291 in
582 1261 727 1292 tantum
755 1253 908 1292 difficile
942 1262 1021 1302 est,
1054 1261 1097 1293 ut
1120 1262 1159 1293 et
1183 1257 1266 1307 ip‘sa
1293 1269 1458 1295 concur-

132 1317 193 1348 rat
218 1318 336 1361 super
362 1311 525 1349 nominis
553 1312 870 1350 communionem.
933 1311 994 1351 Ex
1018 1312 1212 1352 accidenti
1238 1314 1338 1352 enim
1363 1327 1457 1366 pro-

130 1368 215 1419 prio
255 1374 332 1413 est,
372 1370 535 1407 maxime
575 1368 660 1407 cum
699 1383 834 1408 caussa
871 1383 948 1408 non
989 1371 1170 1410 convenit
1206 1370 1360 1418 eadem,
1386 1384 1459 1424 per

132 1437 241 1482 quam
268 1423 449 1463 deveniat
479 1427 517 1463 in
545 1428 864 1465 communionem.
926 1427 1054 1479 Atque
1086 1427 1186 1467 adeo
1220 1429 1251 1476 si
1278 1436 1319 1467 et
1344 1429 1456 1468 Chri-

131 1489 210 1520 stus
234 1480 452 1520 Marcionis
490 1490 600 1521 natus
640 1496 689 1522 ex
725 1484 880 1522 homine
923 1484 1139 1532 diceretur,
1181 1491 1271 1524 tunc
1303 1492 1343 1524 et
1373 1487 1455 1538 ipse

132 1546 292 1591 caperet
316 1540 587 1591 appellationis
613 1543 940 1589 communionem,
969 1548 1009 1580 et
1035 1549 1166 1581 essent
1191 1541 1265 1581 duo
1293 1542 1360 1581 filii
1385 1544 1457 1582 ho-

130 1598 253 1644 minis,
276 1598 380 1636 sicut
405 1605 445 1636 et
470 1597 544 1636 duo
573 1598 716 1638 Christi
742 1606 782 1638 et
807 1598 881 1637 duo
909 1599 1028 1638 Iesus.
1079 1599 1190 1667 Ergo·
1213 1601 1457 1654 cumlappel-

131 1655 224 1692 latio
250 1656 408 1721 propria
434 1663 494 1694 est
518 1657 612 1704 eius,
640 1657 677 1694 in
705 1670 778 1709 quo
805 1657 923 1695 habet
948 1670 1133 1704 caussam,
1160 1659 1191 1696 si
1218 1665 1257 1696 et
1281 1658 1347 1697 alii
1373 1659 1455 1709 vin-

130 1710 300 1759 dicetur,
333 1713 371 1750 in
405 1726 478 1765 quo
511 1720 571 1752 est
602 1715 818 1752 communio
852 1715 1033 1761 nominis,
1068 1719 1155 1753 non'
1177 1716 1292 1754 etiam
1324 1716 1457 1768 appel-

130 1770 300 1816 lationis,
327 1778 509 1822 suspecta
533 1771 608 1809 iam
640 1771 683 1809 fit
714 1773 929 1810 communio
962 1773 1125 1810 nominis
1152 1778 1302 1825 quoque
1327 1774 1366 1812 in
1393 1787 1454 1821 eo,

131 1829 192 1864 cui
217 1827 438 1866 vindicatur
473 1829 555 1867 sine
595 1842 731 1867 caussa
757 1830 972 1867 communio
1000 1829 1289 1897 appellationis,
1329 1838 1369 1870 et
1393 1844 1452 1870 se-

131 1885 270 1935 quitur,
296 1892 338 1923 ut
362 1899 458 1924 unus
483 1885 660 1938 idemque
689 1885 888 1934 credatur,
918 1889 992 1939 qui
1006 1894 1046 1926 et
1071 1889 1232 1926 nominis
1259 1894 1298 1927 et
1322 1880 1455 1940 appel-

130 1941 285 1979 lationis
312 1945 496 1994 capacior
521 1945 731 1991 invenitur,
771 1944 857 1983 dum
883 1945 984 1983 alter
1009 1944 1246 1992 excluditur,
1288 1946 1350 1998 qui
1377 1959 1454 1984 non

128 1998 247 2037 habet
283 2000 553 2066 appellationis
598 2003 922 2060 communionem,
975 2016 1114 2041 carens
1155 2016 1305 2058 caussa.
1365 2002 1453 2042 Nee

128 2057 224 2094 alius
257 2057 332 2094 erit
363 2058 548 2108 capacior
577 2059 795 2111 utriusque,
832 2073 941 2111 quam
976 2062 1039 2112 qui
1070 2061 1208 2112 prior,
1244 2066 1284 2098 et
1314 2070 1453 2099 nomen

129 2115 286 2152 sortitus
312 2121 372 2152 est
392 2114 533 2153 Christi
560 2122 600 2154 et
624 2117 934 2168 appellationem
949 2118 1016 2155 filii
1042 2118 1216 2164 hominis,
1244 2111 1350 2163 [esus
1376 2119 1453 2157 sci-

128 2171 222 2210 licet
248 2172 450 2210 creatoris.
514 2172 585 2212 Hie
619 2181 703 2212 erat
726 2176 829 2213 visus
860 2174 1076 2226 Babylonio
1103 2175 1188 2229 regi
1220 2176 1276 2213 in
1284 2175 1453 2215 fornace

129 2242 211 2267 cum
227 2229 458 2282 martyribus
472 2231 548 2268 suis
564 2239 731 2283 quartus,
758 2239 935 2283 tanquam
957 2232 1054 2271 filius
1069 2233 1231 2270 hominis
1243 2233 1296 2282 4).
1346 2232 1453 2287 Idem
1486 2248 1488 2250 ·

126 2288 209 2339 ipse
242 2287 396 2326 Danieli
434 2289 627 2327 revelatus
666 2288 816 2327 diiecto
844 2290 942 2327 filius
980 2289 1144 2328 hominis
1174 2291 1334 2329 venien's
1358 2304 1451 2338 cum

128 2345 229 2383 coeli
254 2345 416 2384 nubibus
442 2345 558 2384 iudex
572 2347 623 2396 5),
650 2348 749 2385 sicut
775 2354 814 2386 et
839 2348 1029 2399 scriptura
1055 2336 1305 2391 dewinonstrat
1366 2347 1450 2386 Hoc

219 2493 255 2537 1)
282 2495 339 2527 Fr.
364 2490 483 2528 Iunius
516 2498 647 2529 emend.
674 2499 837 2530 matris.
946 2500 981 2538 2)
1007 2499 1114 2530 Rhen.
1140 2499 1237 2529 'effi-1.
1264 2499 1370 2538 quod
1404 2499 1451 2530 de
1495 2527 1501 2533 .

127 2549 172 2570 eo
198 2550 273 2571 nec
300 2539 421 2573 fecit.
455 2544 506 2573 Cf.
520 2545 594 2575 adv.
611 2545 743 2576 Valent.
758 2555 789 2576 c.
806 2547 836 2576 7.
852 2546 905 2575 12.
969 2544 1018 2587 3),
1034 2546 1122 2579 Dan.
1138 2545 1239 2586 7,13.
1302 2543 1337 2585 4)
1361 2545 1451 2578 Dan.

127 2587 158 2624 3,
176 2587 228 2616 25.
326 2588 361 2628 5)
388 2590 474 2620 Dan.
491 2592 522 2630 -ι,
539 2592 599 2620 13.Γ
1371 2598 1378 2607 '
