1566 2808
287 247 301 255 .
339 212 463 244 ADV.
499 211 866 244 MARCIONEM
903 212 1078 244 LIBER
1113 214 1138 244 1.
1340 213 1403 250 ΕΒ

79 315 153 357 que
179 301 280 356 apud
305 316 392 343 eum
418 304 613 355 exigitur?
667 303 710 343 Si
735 306 911 343 remissio
945 304 1174 344 delictorum
1200 313 1278 353 est,
1312 319 1406 358 quo-

77 359 193 400 modo
229 359 427 400 videbitur
445 360 597 402 delicta
634 360 847 408 dimittere,
888 364 950 414 qui
981 376 1057 401 uon
1088 362 1283 403 videbitur
1312 364 1406 402 reti-

78 419 311 471 neret-quin
334 419 535 470 retineret,
562 420 594 457 si
619 418 825 461 iudicaret.
887 419 929 458 Si
954 420 1145 459 absolutio
1171 422 1304 459 mortis
1320 428 1403 473 best,

79 475 272 528 quomodo
297 475 518 515 absolveret
542 489 566 514 a
590 484 727 523 morte,
755 478 818 529 qui
850 491 925 516 uon
952 475 1122 516 devinxit
1147 478 1196 517 ad
1222 481 1409 518 mortem?

79 533 317 573 devinxisset
340 534 460 581 enim,
488 535 519 572 si
545 547 569 575 a
600 534 810 586 primordio
837 534 1067 574 damnasset.
1130 534 1172 573 Si
1197 549 1409 587 regenera-

77 591 135 630 tio
167 597 231 630 est
253 591 450 638 bominis,
490 591 682 643 quomodo
720 600 947 645 regenerat,
987 594 1050 644 qui
1083 606 1159 630 non
1184 595 1411 644 generavit?

78 649 236 695 iteratio
275 650 375 687 enim
407 662 484 687 non
517 650 702 701 competit
731 651 788 696 ei,
826 663 850 688 a
875 663 949 702 quo
982 648 1072 701 quid
1105 663 1177 688 nec
1209 651 1327 689 semel
1352 651 1412 688 sa-

47 730 53 735 -
79 713 181 749 ctum
207 713 278 745 est.
341 705 384 746 Si
410 708 638 747 consecutio
663 714 723 746 est
746 708 902 758 spiritus
932 708 1075 752 sancti,
1116 706 1306 758 quomodo
1333 708 1413 758 spi-

79 764 194 803 ritum
218 763 421 809 attribuet,
454 764 518 815 qui
542 765 704 814 animam
730 777 807 801 non
832 764 939 815 prius
963 764 1150 802 eontulit?
1182 765 1270 816 quia
1295 764 1413 802 suffe-

80 827 190 860 ctura
225 827 286 870 est
316 819 596 872 quodammodo
634 821 790 872 spiritus
826 822 965 859 anima.
1029 819 1166 872 Signat
1198 822 1317 872 igitur
1341 821 1414 859 ho-

78 878 238 925 minem,
265 890 453 930 nunquam
473 877 580 929 apud
606 890 647 916 se
674 879 928 929 resignatum,
957 878 1059 917 lavat
1083 879 1288 925 bominem,
1316 892 1413 916 nuu-

79 948 192 988 qnam
216 934 319 987 apud
342 947 386 973 se
412 936 718 987 coinquinatum3
746 943 786 974 et
811 936 849 973 in
874 936 949 974 boc
976 942 1097 974 totum
1121 937 1255 987 salutis
1280 948 1417 975 sacra-

78 999 248 1032 mentum
267 1005 440 1042 *carnem
484 994 625 1045 mergit
668 1000 863 1032 exsortem
900 993 1064 1031 salutis?
1122 992 1208 1032 Nec
1246 995 1413 1032 rusticus

78 1050 393 1102 terramrigabit
416 1051 580 1089 fructum
602 1064 684 1088 -non
703 1051 925 1098 relaturam,
952 1051 1025 1088 nisi
1046 1057 1122 1089 tam
1142 1064 1273 1098 vanus,
1301 1064 1412 1103 quam

80 1107 176 1148 deus
199 1107 424 1154 Marcionis.
486 1107 655 1149 Proinde
682 1110 800 1161 θυι-1)
826 1115 983 1155 tautam,
1011 1109 1091 1146 sive
1117 1110 1307 1146 sarcinam
1333 1110 1413 1146 sive

81 1165 265 1217 gloriam,
290 1166 570 1205 infirmissimae
596 1172 663 1205 aut
686 1165 974 1216 indignissimae
1008 1166 1114 1203 carni
1140 1166 1302 1218 imponit
1326 1178 1416 1202 san-

81 1223 280 1263 ctitatem?
340 1222 438 1270 Quid
470 1222 596 1261 dicam
628 1229 755 1261 autem
787 1221 835 1260 de
862 1221 1088 1273 disciplinae
1113 1223 1302 1268 vanitate,
1342 1235 1416 1274 qua

82 1280 301 1318 sanctificat
335 1280 584 1318 substantiam
628 1281 824 1318 sanctam?
895 1278 994 1327 Quid
1030 1285 1095 1317 aut
1137 1286 1274 1317 onerat
1309 1278 1418 1317 infir-

82 1351 200 1384 mam,
238 1344 306 1378 aut
330 1344 494 1376 exornat
524 1335 746 1388 indignam?
806 1336 905 1384 Quid
930 1350 1007 1374 non
1032 1336 1154 1374 salute
1180 1343 1415 1382 remunerat,

83 1408 195 1447 quam
221 1401 360 1433 onerat
383 1395 446 1433 vel
472 1396 667 1437 exornat?
722 1393 832 1441 Quid
846 1392 1001 1431 fraudat
1024 1391 1244 1431 mercedem
1271 1394 1416 1444 operis,

83 1465 159 1499 non
183 1451 419 1504 rependens
428 1451 536 1490 carni
562 1451 748 1489 salutem?
797 1449 897 1498 Quid
921 1457 962 1521 et
986 1449 1174 1489 bonorem
1199 1450 1417 1489 sanctitatis

82 1511 122 1548 in
147 1509 221 1548 illa
237 1510 335 1548 mori
361 1509 530 1561 patitur?¹

198 1570 271 1609 29.
322 1566 412 1607 Non
443 1567 638 1633 tinguitur
660 1565 761 1618 apud
792 1566 897 1607 illum
924 1579 1038 1613 caro,
1075 1567 1149 1605 nisi
1173 1568 1304 1618 virgo,
1343 1567 1417 1604 nisi

83 1623 226 1671 vidua,
254 1625 330 1663 nisi
354 1623 528 1671 caelebs,
567 1625 640 1662 nisi
671 1623 849 1663 divortio
865 1625 1056 1676 baptisma
1079 1631 1270 1670 mercata,
1310 1625 1418 1676 quasi

84 1689 163 1721 uon
198 1683 316 1722 etiam
352 1681 587 1735 spadonibus
631 1695 686 1720 ex.
717 1683 859 1736 nup-tiis
902 1689 1007 1721 nata.
1084 1680 1176 1720 Sine
1215 1681 1331 1719 dubio
1370 1694 1420 1719 ex

84 1739 331 1779 dannatione
369 1740 541 1790 coniugii
578 1740 768 1777 institutio
811 1741 884 1778 ista
922 1738 1128 1778 constabit.
1195 1737 1418 1782 Videamus,

85 1810 136 1835 ιιι
171 1797 305 1842 iusta„
328 1808 405 1834 uon
441 1797 550 1847 quasi
581 1795 816 1843 destructuri
848 1797 1074 1834 felicitatem
1106 1796 1340 1842 sanctitatis,
1380 1801 1422 1832 ut

83 1853 206 1906 aliqui
225 1852 446 1892 Nicolaitae
472 1852 883 1891 assertores·libidiuis
907 1860 1021 1904 atque
1048 1852 1235 1899 luxuriae,
1262 1851 1332 1890 sed
1358 1852 1421 1903 qui

88 1911 334 1951 sanctitatem
359 1910 442 1948 sine
468 1911 686 1962 nuptiarum
712 1909 958 1952 damnatione
983 1911 1202 1948 noverimus
1228 1916 1268 1947 et
1292 1915 1420 1947 secte—

75 1981 174 2014 ιιι·
195 1974 238 2008 et
259 1967 544 2020 praeferamus,
570 1981 648 2006 non
672 1974 714 2005 ut
738 1967 839 2005 malo
862 1967 1024 2013 bonum,
1050 1965 1120 2005 sed
1144 1973 1186 2004 ut
1210 1965 1313 2004 bono
1340 1979 1420 2004 me-

89 2027 175 2066 lius.
234 2025 326 2064 Non
356 2026 458 2064 enim
490 2026 732 2078 proiicimns,
772 2023 1101 2076 scd-deponimus
1137 2024 1307 2076 nuptias,
1346 2036 1419 2062 nec

89 2082 409 2137 praescribimus,
442 2082 515 2122 sed-
536 2081 739 2126 suademus
764 2081 1029 2128 sanctitatem,
1062 2088 1261 2120 servantes
1287 2088 1326 2121 et
1349 2080 1421 2119 bo-

90 2155 199 2188 num,
238 2148 279 2181 et
306 2141 444 2181 melius
474 2154 545 2192 pro
569 2139 714 2179 viribus
738 2141 924 2192 cuiusque
948 2138 1156 2187 sectando,
1195 2146 1285 2177 tunc
1312 2137 1421 2177 deni-

92 2211 183 2252 que
192 2198 411 2250 coniugium
443 2203 599 2237 exserte
624 2196 902 2255 defendentes,
926 2210 1010 2236 cum
1036 2197 1191 2235 inimice
1216 2203 1422 2235 accusatur

92 2256 303 2322 spurcitiae
333 2257 499 2294 nomine
518 2256 558 2293 in
588 2248 889 2295 destructionem
922 2255 1131 2300 creatoris,
1171 2254 1234 2305 qui
1259 2250 1421 2304 proinde

94 2313 315 2364 coniugium
348 2325 422 2364 pro
452 2314 514 2352 rei
541 2312 745 2352 honestate
774 2311 975 2352 benedixit
1004 2313 1043 2350 in
1082 2316 1315 2349 crementum
1354 2321 1423 2359 ge-

93 2372 199 2411 neris
234 2370 408 2416 humani,
447 2369 763 2421 quemadmodum
800 2377 842 2408 et
876 2370 1094 2408 universum
1126 2366 1359 2406 conditionis
1384 2366 1423 2404 in

95 2431 271 2481 integros
306 2434 347 2466 et
382 2426 506 2465 bonos
542 2439 644 2465 usus.
703 2426 794 2464 Non
824 2426 913 2465 ideo
946 2434 1072 2465 autem
1098 2432 1140 2463 et
1166 2424 1242 2462 eibi
1268 2422 1424 2462 damna-

96 2487 248 2536 buntur,
275 2485 364 2539 quia
384 2484 584 2537 operosius
604 2484 783 2535 exquisiti
803 2484 840 2521 in
861 2484 986 2535 gulam
1008 2484 1258 2528 committunt,
1284 2487 1327 2519 ut
1350 2493 1423 2519 uec

129 2630 140 2636 ι
191 2612 229 2656 1)
255 2612 467 2645 Rhen.ed.1.
496 2621 642 2653 vanus,
670 2612 714 2641 ut
738 2611 769 2641 d.
794 2611 852 2651 M„
878 2619 934 2650 pr.
963 2618 1055 2641 cum
1081 2611 1148 2640 etc.
