1604 2800
147 209 253 248 25⁰
582 205 707 236 ADV.
745 202 1038 236 PRAxEAN.

147 301 379 343 substantiae
412 306 451 337 et
482 298 590 336 unius
627 304 747 336 status
779 303 820 335 et
851 297 958 335 unius
995 295 1214 347 potestatis,
1253 294 1340 346 quia
1375 307 1470 335 unus

148 361 253 405 deus,
287 371 336 396 ex
361 370 434 409 quo
461 363 501 395 et
526 353 666 406 gradus
691 355 754 393 isti
780 361 818 392 et
843 355 989 393 formae
1016 358 1055 391 et
1079 353 1230 404 species
1256 352 1294 390 in
1319 353 1470 393 nomine

145 418 266 470 patris
292 422 332 454 et
356 415 424 453 filii
450 421 489 452 et
514 413 666 464 spiritus
692 412 815 451 sancti
841 410 1082 462 deputantur.
1122 407 1474 467 Quom‘odo'autem

148 486 342 512 numerum
380 473 461 510 sine
506 469 690 508 divisione
728 469 938 520 patiuntur,
981 465 1239 520 procedentes
1289 472 1474 506 tractatus

149 529 473 570 demonstrabunt.

263 591 301 628 3.
353 585 555 638 Simplices
582 585 680 623 enim
708 596 858 636 quique,
891 595 937 622 ne
965 581 1126 621 dixerim
1152 578 1411 633 imprudentes
1437 586 1477 620 et

150 645 312 691 idiotae,
346 656 442 695 quae
474 642 596 681 maior
627 654 779 693 semper
804 639 1043 680 credentium
1069 649 1158 692 pars
1190 645 1268 685 est,
1301 637 1477 690 quoniam

149 710 189 742 ct
207 704 289 754 ipsa
308 701 442 751 regula
468 698 558 738 fidei
579 713 601 737 a
619 698 788 751 pluribus
815 696 887 737 diis
912 698 1033 738 seculi
1052 695 1101 735 ad
1120 696 1270 735 unicum
1291 701 1330 734 et
1346 706 1478 734 verum

152 760 262 798 deum
294 759 494 803 transfert,
520 770 596 795 non
627 756 887 806 intelligentes
913 756 1064 794 unicum
1091 752 1262 806 quidem,
1295 751 1363 792 sed
1394 763 1479 790 cum

150 830 217 854 sua
244 815 440 865 οἰκονομίᾳ
477 826 562 852 esse
601 812 851 859 credendum,
891 818 1151 864 expavescunt
1175 809 1224 850 ad
1250 807 1478 862 οἰκονομίαν.

148 872 362 910 Numerum
389 877 427 908 et
452 869 740 921 dispositionem
773 870 954 907 trinitatis
986 868 1211 906 divisionem
1235 871 1482 919 praesumunt

153 929 327 974 unitatis,
367 925 516 978 quando
554 927 677 963 unitas
709 938 758 964 ex
789 931 910 963 semet
942 925 1024 976 ipsa
1055 923 1232 962 derivans
1270 924 1480 961 trinitatem

153 999 232 1024 uon
258 984 476 1023 destruatur
500 983 548 1020 ab
574 982 658 1028 illa,
692 981 759 1020 sed
790 980 1091 1021 administretur.
1158 979 1290 1031 Itaque
1322 978 1417 1018 duos
1443 984 1483 1017 et

156 1052 233 1081 tres
258 1043 332 1080 iam
358 1041 533 1078 iactitant
558 1052 580 1077 a
604 1039 714 1076 nobis
739 1037 970 1090 praedicari,
997 1050 1039 1076 se
1063 1049 1157 1075 vero
1183 1037 1294 1074 unius
1318 1034 1382 1075 dci
1402 1035 1483 1074 cul-

156 1108 260 1137 tores
285 1103 541 1149 praesumunt‚
569 1096 674 1147 quasi
701 1108 775 1133 non
802 1101 841 1133 et
866 1094 990 1133 unitas
1016 1093 1292 1132 irrationaliter
1317 1091 1484 1131 collecta

155 1155 346 1195 haeresim
395 1154 539 1199 faciat,
584 1159 623 1191 et
667 1153 814 1191 trinitas
852 1150 1095 1190 rationaliter
1137 1162 1306 1203 expensa
1341 1149 1484 1188 verita-

157 1224 232 1251 tem
265 1212 484 1250 constituat.
558 1209 841 1256 Monarchiam,
881 1208 1072 1260 inquiunt,
1110 1215 1295 1247 tenemus.
1356 1205 1407 1245 Et
1430 1207 1485 1245 ita.

155 1270 292 1308 solium
316 1270 435 1321 ipsum
461 1267 650 1306 vocaliter
675 1267 891 1318 exprimunt
916 1266 1029 1304 etiam
1055 1264 1202 1311 Latini,
1235 1271 1274 1302 et
1301 1270 1375 1307 tam
1401 1264 1484 1316 opi-

154 1327 244 1372 fice,
259 1327 296 1373 1)
323 1332 364 1363 ut
387 1332 497 1377 putes
522 1325 609 1363 illos
629 1331 702 1363 tam
724 1324 822 1362 bene
842 1323 1062 1374 intelligere
1088 1321 1348 1362 monarchiam
1373 1333 1484 1372 quam

158 1384 370 1421 enuntiant.
413 1380 491 1418 Sed
506 1381 763 1420 monarchiam
784 1393 923 1420 sonare
943 1378 1096 1418 student
1109 1378 1248 1425 Latini,
1269 1374 1487 1430 οἰκονομίαν

156 1440 376 1488 intelligere
403 1438 535 1474 nolunt
560 1439 672 1475 etiam
701 1436 854 1475 Graeci.
915 1436 968 1475 At
993 1450 1086 1488 ego,
1119 1437 1150 1475 si
1177 1434 1266 1488 quid
1291 1435 1486 1487 utriusque

158 1496 312 1545 linguae
338 1495 579 1545 praecerpsi,
612 1494 871 1532 monarchiam
897 1494 990 1531 nihil
1016 1493 1117 1532 aliud
1143 1493 1364 1544 significare
1389 1491 1486 1539 scio,

163 1564 269 1603 quam
302 1550 496 1601 singulare
529 1557 568 1587 et
591 1550 742 1587 unicum
774 1551 991 1601 imperium3
1018 1563 1106 1588 ·non
1137 1557 1264 1589 tamen
1294 1549 1488 1602 praeseri-

159 1608 255 1647 bere
280 1606 539 1645 monarchiam
564 1605 672 1652 ideo,
706 1607 789 1657 quia
815 1607 924 1644 unius
949 1607 1016 1652 sit,
1055 1619 1158 1652 eum,
1192 1607 1298 1643 cuius
1323 1607 1390 1651 sit,
1421 1612 1488 1644 aut

162 1665 276 1703 filium
303 1677 379 1702 non
405 1663 560 1709 habere,
592 1669 657 1701 aut
681 1664 799 1714 ipsum
826 1676 867 1701 se
893 1662 964 1700 sibi
991 1663 1104 1701 filium
1131 1663 1285 1709 fecisse,
1317 1668 1383 1700 aut
1405 1674 1488 1700 mo-

162 1721 357 1759 narchiam
389 1733 493 1758 suam
526 1733 600 1757 non
632 1731 702 1771 per
733 1732 826 1771 quos
862 1719 955 1757 velit
992 1717 1272 1758 administrare.
1343 1717 1488 1770 Atquin

163 1779 302 1817 nullam
322 1777 409 1815 dico
432 1777 728 1815 dominationem
750 1777 801 1814 ita
822 1777 931 1814 unius
956 1777 1014 1814 sui
1038 1789 1137 1823 esse,
1163 1776 1217 1815 ita
1242 1775 1486 1827 singularem,

160 1837 215 1874 ita
240 1835 518 1881 monarchiam,
550 1841 590 1872 ut
621 1847 696 1873 non
727 1834 842 1872 etiam
873 1846 943 1886 per
967 1834 1062 1873 alias
1086 1833 1279 1886 proximas
1302 1845 1489 1885 personas

163 1892 461 1938 administretur,
490 1904 581 1943 quas
607 1893 687 1943 ipsa
713 1891 958 1943 prospexerit
983 1891 1165 1930 officiales
1191 1890 1277 1930 sihi.
1327 1888 1370 1929 Si
1393 1900 1487 1929 vero

163 1957 204 1988 et
228 1949 325 1988 filius
356 1949 473 1988 fuerit
504 1949 558 1995 ei,
598 1949 704 1987 cuius
741 1948 963 1987 monarchia
993 1949 1060 1995 sit,
1100 1961 1176 1986 non
1212 1948 1340 1987 statim
1371 1945 1488 1991 dividi

164 2020 260 2054 eam,
293 2013 332 2045 et
356 2006 614 2044 monarchiam
640 2018 726 2045 esse
753 2004 950 2052 desinere,
982 2007 1015 2044 si
1038 2005 1232 2057 particeps
1263 2005 1344 2044 eius
1375 2002 1489 2043 adsu-
1510 2048 1519 2053 X

163 2071 287 2102 matur
311 2070 351 2102 et
376 2063 492 2110 filius,
524 2061 592 2101 sed
625 2061 786 2114 proinde
813 2063 913 2102 illius
939 2075 1023 2102 esse
1048 2062 1334 2115 principaliter,
1365 2074 1389 2099 a
1412 2073 1487 2112 quo

166 2121 467 2159 communicatur
490 2120 528 2158 in
554 2120 687 2167 filium,
719 2127 759 2159 et
784 2119 871 2159 dum
895 2120 996 2161 illius
1021 2126 1098 2166 est,
1136 2117 1298 2171 proinde
1335 2130 1488 2157 monar-

167 2177 288 2215 chiam
321 2190 425 2223 esse,
465 2190 559 2228 quae
586 2190 609 2216 a
634 2176 780 2217 duobus
811 2184 886 2216 tam
916 2177 1038 2216 unicis
1069 2177 1300 2215 continetur.
1366 2174 1490 2226 Igitur

148 2234 198 2271 ⁷51
222 2241 262 2271 et
286 2234 506 2272 monarchia
538 2232 663 2272 divina
694 2247 765 2286 per
795 2241 852 2272 tot
878 2234 1057 2285 *legiones
1081 2241 1121 2273 et
1145 2233 1340 2273 exercitus
1368 2243 1488 2283 ange-

165 2289 287 2328 lorum
314 2290 609 2339 administratur,
635 2292 733 2330 sient
759 2292 941 2343 scriptum
967 2297 1043 2330 est:
1075 2291 1198 2330 milies
1224 2290 1374 2330 centies
1395 2301 1488 2329 cen·

263 2446 298 2489 1)
316 2449 418 2479 Rhen.
436 2451 588 2491 scripsit:
614 2450 664 2481 Et
689 2451 750 2481 ita
775 2460 920 2482 sonum
945 2451 1080 2490 ipsum
1107 2460 1192 2483 voc.
1217 2459 1333 2490 expr.
1358 2446 1486 2480 etiam

168 2492 329 2532 Latini,
357 2496 481 2526 etiam
507 2496 638 2535 opici,
665 2505 764 2534 quam
791 2497 1026 2528 coniecturam
1048 2497 1156 2527 ceteri
1175 2497 1247 2527 edd.
1268 2498 1484 2535 receperunt.

169 2537 336 2578 sedRig.,
351 2539 386 2569 in
399 2541 496 2571 cuius
518 2542 590 2572 cod.
603 2542 669 2582 leg.
718 2542 768 2572 Et
793 2542 853 2572 ita
878 2551 1024 2573 sonum
1050 2558 1097 2565 —
1118 2543 1216 2583 Lat„
1242 2541 1366 2573 etiam
1392 2539 1485 2580 opi-

168 2581 287 2622 ficis,
315 2585 477 2616 coniecit:
503 2587 695 2625 opifices.
