1566 2808
0 2070 18 2114 Π.-
0 2030 8 2058 ,,,,
0 1932 23 2021 ww?
0 1873 6 1878 ,

244 196 321 229 ΒΕ
351 196 988 246 PRAEscnlr'rlonus
1023 195 1276 229 HAERET.
1353 193 1425 230 1⁰

99 288 308 341 genuino.
357 288 452 329 Item
483 288 533 328 ad
565 288 787 328 Corinthios
818 290 1020 341 scriptum,
1059 287 1161 340 quod
1193 292 1325 326 essent
1352 286 1424 326 ad-

99 345 175 385 hue
213 343 410 394 carnales,
448 347 512 398 qni
548 346 650 386 lacte
688 345 967 393 educarentur,
1007 345 1173 385 nondum
1212 344 1344 383 idonei
1374 343 1425 383 ad

99 402 297 456 pabulum;
331 405 394 455 qni
427 410 624 455 putarent,
656 417 698 444 se
732 405 833 443 scire
867 403 1027 456 aliquid,
1069 401 1219 455 quando
1258 400 1424 440 nondum

100 461 264 508 seirent,
290 459 606 513 quemadmodum
638 463 730 500 sciri
762 462 1028 514 oporteret2).
1097 460 1191 499 Cum
1223 466 1425 511 correptas

99 516 291 557 eeclesias
327 525 543 570 opponunt,
582 518 744 558 credant
780 526 821 558 et
855 518 1090 558 emendatas.
1154 516 1232 556 Sed
1269 523 1310 555 et
1339 517 1425 555 illas

98 582 405 627 recognoscant,
438 574 486 614 de
519 589 676 628 quarum
702 575 777 615 fide
810 584 850 615 et
875 577 1039 615 scientia
1064 583 1104 614 et
1129 574 1425 613 conversatione

99 631 296 684 apostolus
317 631 461 684 gaudet
480 640 520 671 et
539 632 613 671 deo
636 635 780 685 gratias
801 635 881 685 agit
894 635 953 700 ³),
981 645 1076 684 quae
1089 634 1127 679 4)
1157 639 1284 670 tamen
1307 629 1424 669 hodie

101 702 187 729 cum
213 689 290 728 illis
315 691 507 742 correptis
531 691 641 729 unius
666 692 917 729 institutionis
942 692 1025 728 iura
1040 691 1076 736 5)
1104 689 1279 737 miscent.

214 749 284 788 28.
331 745 420 797 Age
440 760 539 785 nunc
562 761 694 786 omnes
714 749 952 794 erraverint;
980 746 1165 798 deceptus
1191 746 1243 783 sit
1267 751 1308 783 et
1332 758 1426 797 apo-

96 803 220 843 stolus
239 801 287 842 de
308 804 527 842 testimonio
548 803 747 843 reddendo
775 803 1053 857 [quibasdamh
1081 803 1222 841 nullam
1242 815 1426 854 respexe-

98 861 151 899 rit
172 861 327 913 spiritus
358 868 532 908 sanctus,
560 862 619 914 ¹uti
645 875 728 900 eam
754 863 792 900 in
816 863 1021 901 veritatem
1048 859 1262 900 deduceret
1278 859 1339 909 ⁶),
1377 857 1427 897 ad

36 964 39 965 ⁷
97 916 175 957 hoc
198 918 334 957 missus
358 931 382 956 a
408 918 582 966 Christo,
615 918 663 958 ad
690 920 763 957 hoc
790 919 1001 971 postulatus
1027 917 1075 957 de
1100 924 1226 970 patre,
1256 923 1299 955 ut
1323 923 1428 955 esset

97 972 241 1014 doctor
269 976 444 1018 veritatis
463 976 523 1023 ⁷);
557 977 777 1028 neglexerit
802 977 970 1015 officium
997 975 1060 1015 dei
1085 976 1255 1022 villicus,
1282 974 1427 1012 Christi

96 1032 284 1080 vicarius,
322 1034 450 1088 sinens
487 1034 676 1072 ecclesias
713 1035 827 1073 aliter
858 1035 1010 1072 interim
1036 1033 1275 1084 intelligere,
1313 1031 1428 1070 aliter

97 1088 277 1138 credere,
304 1090 406 1142 quod
432 1092 513 1142 ipse
540 1104 611 1142 per
636 1092 833 1143 apostolos
860 1091 1131 1143 praedicabat.
1159 1087 1300 1141 ecquid
1324 1089 1427 1127 veri-

96 1145 223 1183 simile
248 1154 320 1190 est,
347 1154 388 1181 ut
412 1150 471 1181 tot
495 1157 541 1181 ac
568 1151 698 1182 tantae
725 1149 763 1182 in
788 1161 900 1186 unam
921 1148 1035 1187 fidem
1061 1148 1301 1186 erraverint?
1331 1144 1428 1183 Nul-

98 1197 158 1239 lus
181 1199 285 1238 inter
306 1200 445 1237 multos
469 1207 628 1238 eventus
659 1206 719 1237 est
747 1209 844 1236 unus
869 1197 1012 1241 exitus3
1043 1199 1213 1232 variasse
1240 1192 1428 1231 debuerat

99 1267 214 1294 error
243 1254 446 1295 doetrinae
479 1251 733 1290 ecclesiarum
752 1253 805 1299 3).
867 1251 1048 1291 Ceterum
1080 1249 1182 1302 quod
1207 1248 1306 1301 apud
1332 1250 1428 1289 mul-

98 1318 161 1346 tos
183 1325 298 1346 unum
323 1311 531 1354 invenitur,
558 1321 635 1345 non
666 1315 725 1346 est
756 1314 922 1346 erratum
942 1308 994 1357 ⁹).
1054 1306 1211 1346 Audeat
1235 1320 1330 1357 ergo
1357 1307 1428 1345 ali-

99 1364 184 1416 quis
208 1363 360 1411 dicere,
387 1365 475 1402 ilios
500 1377 672 1411 errasse,
705 1366 768 1416 qui
795 1364 1048 1403 tradiderunt.

212 1423 283 1463 29.
322 1420 483 1473 Quoquo
510 1420 625 1459 modo
651 1422 700 1459 sit
725 1428 907 1468 erratum,
933 1429 1009 1459 tam
1036 1419 1102 1459 diu
1126 1421 1258 1472 utique
1284 1433 1426 1471 regna-

97 1479 232 1527 vitfl’)
258 1490 389 1524 error,
416 1491 526 1529 quam
553 1477 618 1516 diu
643 1478 826 1517 haereses
851 1493 927 1517 non
953 1485 1075 1517 erant.
1135 1477 1298 1530 Aliquos
1321 1477 1427 1516 Mar-

99 1535 264 1574 cionitas
294 1541 342 1574 et.
356 1534 651 1574 Valentinianos
677 1536 878 1575 liberanda
902 1538 1046 1575 veritas
1072 1535 1337 1587 exspectabat.
1365 1535 1427 1574 In-

98 1599 210 1646 terea
232 1605 437 1645 perperam
463 1593 902 1644 evangelizabatur11);
930 1600 989 1632 tot
1013 1594 1131 1632 miliia
1156 1593 1312 1632 millium
1336 1605 1426 1644 per-

96 1662 231 1703 peram
267 1651 406 1703 tineto,
444 1657 503 1688 tot
529 1663 648 1703 opera
680 1650 771 1690 fidei
807 1664 1009 1704 perperam
1046 1650 1330 1697 administrata,
1369 1656 1427 1688 tot

96 1707 280 1755 virtutes,
323 1714 383 1746 tot
419 1708 650 1747 charismata
687 1722 890 1761 perperam
928 1715 1108 1761 operata,
1146 1715 1206 1746 tot
1241 1706 1426 1746 sacerdo-

98 1764 172 1810 tia,
200 1770 259 1802 tot
282 1765 574 1813 ministeria12)
602 1779 803 1818 perperam
831 1767 981 1812 funeta,
1007 1772 1067 1803 tot
1091 1764 1255 1816 denique
1282 1770 1426 1830 marty-

98 1821 159 1860 ria
183 1833 385 1873 perperam
418 1829 617 1866 coronata.
677 1822 757 1861 Aut
787 1823 820 1861 si
853 1836 924 1861 nec
957 1835 1159 1875 perperam
1191 1835 1263 1860 nee
1295 1822 1334 1859 in
1359 1834 1426 1859 va-

99 1891 211 1918 cuum
230 1879 315 1927 ¹³),
354 1879 465 1931 quale
492 1884 569 1926 est,
607 1886 650 1919 ut
673 1878 783 1927 ante'
788 1893 851 1918 res
883 1879 952 1918 dei
978 1880 1275 1927 currerent¹⁴),
1314 1891 1425 1944 quam

99 1936 207 1975 cuius
231 1934 295 1974 dei
319 1943 451 1974 notum
477 1938 604 1975 esset?
645 1945 751 1979 ante.
762 1937 990 1983 Christiani,
1030 1949 1140 1988 quam
1167 1936 1341 1975 Christus
1367 1936 1425 1973 in-

95 1995 259 2032 ventus?
299 2000 389 2032 ante
427 1994 629 2041 haereses,
668 1991 779 2046 quam
815 2007 908 2034 vera
945 1993 1148 2033 doctrina?
1208 1992 1287 2032 Sed
1324 1994 1425 2031 enim

97 2049 139 2088 in
164 2050 336 2090 omnibus
360 2052 505 2091 veritas
529 2052 734 2103 imaginem
759 2051 968 2099 antecedit,
994 2058 1082 2104 post
1105 2051 1267 2103 rem15)
1293 2051 1426 2090 simili-

192 2163 233 2206 ι)
250 2165 327 2198 eal.
350 2168 383 2206 1,
409 2169 441 2197 e.
491 2182 493 2185 -
536 2165 570 2206 2)
595 2145 707 2199 ισοξ.
733 2169 766 2209 2,
794 2170 813 2199 1
839 2178 888 2206 sq.
914 2169 946 2207 8,
972 2169 1004 2200 2.
1033 2170 1087 2207 16,
1116 2150 1188 2199 19(
1266 2168 1302 2207 a)
1328 2156 1424 2199 Rom.

39 2195 60 2232 ν’
100 2216 134 2250 2,
158 2210 191 2240 8.
283 2213 322 2252 4)
346 2213 453 2244 naen.
478 2213 568 2246 ed.1.
593 2214 677 2252 qui.
782 2214 819 2252 5)
845 2214 917 2254 mg.
941 2214 1044 2246 tuse.
1151 2211 1189 2256 6)
1216 2214 1262 2244 10.
1290 2214 1343 2250 14,
1371 2215 1425 2243 26.

100 2255 212 2294 ’1)Ῑιι.
237 2258 292 2296 15,
318 2259 374 2290 26.
478 2260 515 2298 8)
547 2259 654 2291 Rhen.
688 2259 742 2291 ed.
776 2262 800 2292 1.
831 2269 913 2290 var.
945 2261 1031 2291 deb.
1063 2260 1255 2291 ordinem
1293 2259 1425 2288 doctr.

100 2301 206 2332 eccl.
264 2303 302 2342 9)
314 2303 457 2335 Praeter
470 2305 670 2336 Rhenanu‘m
685 2306 781 2336 editt.
801 2315 920 2337 omnes
942 2307 1087 2337 addunt:
1112 2306 1181 2336 sed
1207 2304 1425 2334 traditum.

101 2344 163 2390 1⁰)
188 2347 295 2379 Rhen.
310 2350 490 2380 erravit.
585 2351 645 2391 151)
670 2352 813 2383 Praeter
824 2352 1025 2382 Rhenanum
1040 2352 1135 2382 editt.
1151 2358 1287 2382 omnes:
1314 2358 1427 2388 perp.

100 2400 264 2434 evang„
302 2404 524 2434 perperam
558 2397 829 2428 credebatur.
924 2399 984 2438 12)
1010 2397 1091 2428 Cod.
1115 2395 1302 2436 Agobardi:
1337 2405 1427 2435 my·-

100 2439 252 2470 steria.
354 2441 414 2481 13)
439 2440 548 2472 Rhen.
577 2442 628 2472 ed.
653 2442 677 2472 1.
701 2444 766 2473 tot
790 2443 876 2474 den.
901 2444 1111 2482 martyria
1137 2451 1361 2482 perperam
1387 2444 1429 2473 et

31 2487 33 2489 ’
99 2483 144 2516 in
169 2494 357 2517 vaenum.
406 2486 635 2521 Qualeent
659 2489 725 2519 etc.
774 2488 873 2524 Quae
894 2489 1059 2537 dedimus,
1081 2490 1115 2519 in
1132 2488 1257 2519 ceteris
1272 2488 1346 2520 edd.
1360 2497 1427 2519 ex-

35 2543 50 2562 x
100 2532 206 2563 aaut.
323 2531 384 2574 14)
410 2532 518 2564 Rhen.
546 2532 580 2562 in
601 2532 652 2564 ed.
674 2534 700 2566 1.
716 2537 890 2572 curent,
916 2535 1037 2565 deinde
1057 2544 1075 2565 e
1100 2534 1174 2566 eod.
1201 2535 1302 2567 Gorz.
1329 2543 1427 2566 cur-

34 2587 46 2611 jv
92 2577 256 2622 urerent.
351 2578 411 2619 15)
426 2578 484 2610 Sic
499 2581 593 2610 recte
607 2579 699 2619 Rig.;
726 2580 850 2611 ceteri:
877 2585 1110 2619 postremo.

1136 2623 1199 2667 2*
