1624 2826
183 206 294 242 294
446 203 575 236 ADV.
612 203 971 235 MARCIONEM
1008 204 1182 235 LIBER
1219 204 1259 235 V.

186 306 290 345 sunt,
330 296 510 336 iudicium
545 295 632 334 dico
665 303 705 334 et
729 297 843 343 iram,
877 297 991 334 etiam
1019 296 1085 334 illa
1110 296 1227 348 ipsius
1253 295 1328 334 sint
1346 299 1519 334 *necesse*

187 364 258 404 est,
286 368 357 408 per
382 367 478 407 quae
505 353 601 392 haec
629 354 773 392 liabent
799 355 979 405 transigi,
1007 354 1246 405 evangelium
1271 359 1312 391 et
1327 351 1514 407 Cly-istus.

189 415 240 453 Et
264 413 366 453 ,ideo
398 412 550 451 vehitur
581 412 618 449 in
644 419 955 462 transgressores
988 412 1103 462 legis,
1137 410 1325 449 docentes
1355 423 1431 448 non
1457 410 1517 448 fu-

190 471 268 510 rari
305 477 345 509 et
375 470 612 519 furantes,¹)
652 476 694 507 ut
726 470 838 508 homo
871 468 932 508 dei
966 469 1088 520 legis,
1128 482 1202 507 non
1228 475 1272 506 ut
1297 470 1516 507 creatorem

191 531 310 581 ipsum
349 527 406 565 his
443 526 563 564 modis
603 533 787 578 tangens,
839 528 901 579 qui
939 534 977 565 et
1017 527 1135 565 furari
1174 533 1309 565 vetans
1345 523 1516 564 fraudem

189 584 428 624 mandaverit
453 586 490 622 in
515 584 733 636 Aegyptios
759 586 843 623 auri
876 592 915 624 et
945 585 1163 636 argenti,²)
1203 581 1518 636 quemadmodum

192 650 232 681 et
263 650 394 682 cetera
420 643 457 680 in
484 642 586 680 illum
613 649 852 694 retorquent.
905 641 1067 681 Scilicet
1092 642 1289 694 apostolus
1313 640 1521 680 verebatur

193 701 398 739 convitium
425 699 498 737 deo
532 700 654 751 palam
687 701 838 747 facere,
878 713 899 738 a
938 713 1011 751 quo
1045 714 1120 738 non
1150 699 1360 738 verebatur
1384 697 1521 737 dever-

193 759 311 796 tisse?
369 756 480 794 Adeo
507 764 632 795 autem
660 757 824 806 ludaeos
855 758 1088 804 incesserat,
1127 763 1167 809 ut
1197 757 1406 807 ingesserit
1430 768 1522 808 pro-

194 815 386 867 pheticam
425 815 748 865 increpationem:
789 821 948 866 propter
978 827 1047 853 vos
1079 826 1216 852 nomen
1250 813 1310 852 dei
1343 813 1522 864 blasphe-

195 872 377 920 matur.³)
413 871 530 918 Quam
557 884 651 922 ergo
679 884 912 923 perversum,
939 879 978 909 ut
1005 873 1086 923 ipse
1113 871 1398 923 blasphemaret
1423 883 1522 916 eum,

198 931 303 968 cuius
339 928 628 980 blasphemandi
666 942 800 967 caussa
844 929 963 967 malos
1001 928 1229 981 exprobrat!
1271 928 1449 966 Praefert
1485 933 1525 979 et

199 987 530 1025 circumcisionem
558 985 687 1024 cordis
713 987 1032 1038 praeputiationi,
1071 984 1172 1037 apud
1203 984 1314 1023 deum
1340 985 1439 1036 legis
1465 991 1526 1023 est

198 1045 300 1082 facta
328 1043 569 1082 circumcisio
597 1042 746 1089 cordis,
786 1057 861 1082 non
889 1045 1027 1090 carnis,
1061 1044 1215 1095 spiritu,
1243 1051 1319 1081 non
1345 1042 1523 1091 litera.⁴)

200 1100 343 1149 Quodsi
370 1101 465 1138 haec
492 1107 550 1138 est
577 1101 818 1139 circumcisio
853 1100 1091 1139 Hieremiae:
1132 1107 1171 1138 et
1197 1097 1526 1139 circumcidemini

198 1158 398 1210 praeputia
425 1156 572 1204 cordis3
593 1158 630 1205 ⁵)
669 1159 768 1196 sicut
794 1165 832 1196 et
858 1158 1032 1210 Moyses:
1067 1156 1394 1197 circumcidemini
1421 1155 1526 1196 duri-

201 1215 369 1254 cordiam
406 1214 643 1262 vestram:⁶)
683 1216 764 1253 eius
796 1217 871 1254 erit
908 1217 1087 1267 spiritus,
1128 1213 1411 1254 circumcidens
1443 1214 1525 1265 cor,

202 1274 306 1311 cuius
333 1279 371 1310 et
402 1272 512 1310 litera
544 1279 691 1310 metens
724 1286 876 1312 carnem
909 1274 1015 1320 eius,
1054 1280 1093 1312 et
1119 1272 1282 1312 Iudaeus
1308 1273 1370 1325 qui
1394 1273 1432 1311 in
1459 1285 1527 1311 oc·-

202 1331 331 1376 culto,
371 1330 476 1368 cuius
514 1337 554 1368 et
592 1329 754 1368 Iudaeus
791 1332 827 1368 in
866 1332 1067 1382 aperto,'¹)
1109 1332 1195 1383 quia
1234 1343 1305 1370 nec
1345 1328 1527 1370 Iudaeum

203 1388 399 1425 nominare
448 1387 566 1425 vellet
608 1388 803 1438 apostolus
846 1401 921 1426 non
972 1387 1199 1426 Iudaeorum
1250 1387 1313 1427 dei
1362 1399 1527 1427 servum.

203 1444 307 1482 Tunc
340 1443 420 1489 lex,
453 1457 551 1481 nunc
583 1445 725 1482 iustitia
752 1444 813 1483 dei
840 1457 909 1495 per
935 1444 1046 1483 fidem
1073 1445 1273 1494 Christiss)
1337 1445 1443 1494 Quae
1469 1451 1530 1484 est

205 1503 277 1539 ista
314 1499 534 1538 distinctio?
589 1499 756 1539 Servivit
793 1501 885 1540 deus
923 1509 1008 1540 tuus
1045 1501 1286 1554 dispositioni
1325 1503 1528 1548 creatoris,

206 1557 299 1596 dans
325 1559 359 1596 ei
386 1565 534 1608 tempus
559 1565 599 1597 et
624 1558 700 1609 legi
727 1558 833 1606 eius,
884 1573 931 1597 an
958 1560 1039 1598 eius
1066 1567 1177 1606 tunc,
1207 1560 1314 1597 cuius
1340 1567 1380 1598 et
1405 1561 1532 1599 nunc?

205 1615 297 1653 Eius
335 1615 421 1661 lex,
462 1616 567 1653 cuius
598 1623 638 1653 et
670 1615 764 1654 fides
802 1617 963 1664 Christi3
1004 1616 1199 1655 distinctio
1238 1616 1530 1668 dispositionum

206 1680 288 1719 est,
327 1686 401 1710 non
429 1671 600 1711 deorum.
661 1673 796 1712 Monet
821 1674 1049 1713 iustificatos
1074 1688 1124 1713 ex
1150 1673 1224 1712 fide
1252 1673 1414 1722 Christi,
1455 1687 1531 1712 non

205 1743 254 1769 ex
281 1730 381 1781 lege,
408 1743 543 1781 pacem
570 1729 616 1768 ad
644 1729 754 1769 deum
780 1731 984 1780 habere.9)
1046 1731 1107 1770 Ad
1135 1734 1270 1783 quem?
1301 1730 1418 1770 Cuius
1442 1744 1532 1770 nus-

207 1800 314 1839 quam
341 1788 478 1832 fuimus
504 1788 648 1834 hostes,
675 1801 722 1826 an
749 1790 856 1828 cuius
883 1790 960 1840 legi
987 1796 1026 1828 et
1052 1797 1212 1828 naturae
1237 1788 1534 1828 rebellavimus?

205 1844 303 1883 Nam
329 1846 360 1884 si
386 1846 423 1882 in
437 1838 533 1882 ‘eum
562 1847 746 1897 competit
778 1860 874 1898 pax,
915 1860 998 1885 cum
1026 1860 1099 1899 quo
1126 1847 1199 1885 fuit
1221 1846 1362 1885 bellum
1379 1875 1390 1894 ,
1430 1847 1467 1885 ei
1492 1852 1533 1884 et

205 1902 512 1949 iustificabimur,
551 1910 590 1940 et
615 1904 696 1941 eius
722 1905 797 1942 erit
823 1904 1008 1951 Christus,
1037 1918 1087 1943 ex
1113 1906 1219 1943 cuius
1246 1903 1320 1943 fide
1346 1903 1532 1943 ivstiflea-

206 1959 341 2005 bimur,
369 1958 416 1997 ad
443 1960 548 1997 cuius
574 1973 707 2012 pacem
735 1963 918 2012 competit
944 1961 1069 2014 redigi
1094 1962 1226 2000 hostes
1252 1962 1334 2000 eius
1359 1961 1524 2014 aliquan·

209 2015 271 2054 do.
311 2016 392 2053 Lex
417 2024 555 2063 autem,
589 2018 720 2068 inquit,
748 2019 1002 2067 subintroivit,
1029 2027 1071 2058 ut
1095 2018 1310 2058 abundaret
1335 2018 1530 2057 delictum.

209 2073 361 2120 Quare?
408 2080 449 2110 ut
474 2074 824 2125 superabundaret,
863 2078 1007 2129 inquit,
1046 2078 1258 2129 gratia-1⁰)
1322 2074 1533 2115 Cuius'dei

208 2132 351 2181 gratia,
384 2131 415 2168 si
448 2144 521 2168 non
550 2133 655 2171 cuius
681 2140 721 2172 et
746 2134 832 2173 lex?
868 2134 950 2173 Nisi
978 2136 1007 2174 si
1036 2141 1192 2174 creator
1215 2133 1305 2173 ideo
1326 2134 1482 2186 'legem'
1497 2135 1532 2182 1)

207 2188 476 2235 intercalavit,
515 2196 553 2226 ut
592 2192 786 2241 negotium
824 2201 1053 2244 procuraret
1084 2193 1235 2244 gratiae
1273 2191 1335 2231 dei
1373 2191 1532 2230 alterius

208 2245 423 2298 etquidem
455 2247 617 2294 aemuli,
638 2261 703 2287 “nc
736 2249 897 2289 dixerim
929 2252 1075 2301 ignoti,
1113 2257 1177 2298 ut,
1217 2247 1532 2303 quemadmodum

301 2419 335 2458 1)
367 2420 462 2451 Rom.
488 2422 519 2459 2,
549 2422 603 2451 21.
697 2424 734 2463 2)
759 2424 869 2456 Exod.
893 2427 945 2464 12,
966 2427 1009 2456 34
1024 2435 1072 2464 q.
1122 2426 1173 2458 cr.
1199 2425 1276 2456 adv.
1301 2424 1411 2455 Marc.
1433 2423 1464 2462 4,
1479 2423 1533 2452 24.
1556 2433 1566 2436 -

209 2463 246 2507 3)
272 2466 367 2497 Rom.
390 2468 420 2506 2,
445 2467 498 2496 24.
547 2469 608 2498 les.
637 2470 690 2508 52,
720 2472 749 2501 5.
869 2471 906 2510 4)
932 2473 1027 2503 Rom.
1057 2473 1087 2508 2,
1115 2473 1168 2502 29.
1289 2468 1322 2510 5)
1351 2471 1416 2500 ler.
1441 2466 1478 2507 4,
1502 2469 1534 2497 4·

209 2511 246 2549 6)
271 2512 372 2542 Deut.
393 2513 447 2551 10,
469 2514 522 2544 16.
618 2513 652 2555 7)
677 2516 772 2547 Rom.
799 2518 830 2556 2,
853 2519 895 2546 28
922 2527 971 2556 sq.
1067 2518 1104 2557 8)
1130 2518 1225 2548 Rom.
1243 2518 1274 2557 3,
1301 2517 1341 2547 21
1358 2524 1407 2553 sq·
1500 2512 1535 2552 9)

208 2557 304 2587 Rom.
321 2559 399 2595 5,1.
517 2560 576 2599 10)
602 2560 644 2590 ib.
666 2571 695 2591 v.
722 2564 775 2593 20.
894 2562 954 2606 11)
980 2564 1166 2603 V.1egem
1193 2572 1263 2593 nou
1287 2563 1342 2592 est
1366 2561 1400 2591 in
1426 2559 1533 2590 Rhen.

209 2603 260 2634 ed,
286 2604 330 2644 L,
358 2602 414 2633 sed
443 2607 561 2642 postea
587 2608 739 2639 additum
765 2611 807 2640 ab
833 2610 907 2648 ipso
933 2610 1110 2648 Rhennnm
1138 2608 1290 2639 Pamelio
1316 2608 1350 2638 et
1373 2606 1534 2646 Rigaltio.
