1604 2800
349 136 423 169 DE
454 134 972 168 RESURRECTIONE
1005 137 1233 169 CARle,
1347 135 1450 174 151

118 229 323 276 linaceus,
356 227 397 267 id
421 235 481 268 est
502 226 648 275 Adam,
679 227 870 268 secundus
894 228 1007 267 homo
1033 227 1082 267 de
1108 228 1235 276 coelo,
1250 230 1288 276 1)
1325 229 1365 269 id
1389 238 1451 270 est

119 300 247 328 sermo
271 285 349 333 dei,
374 284 415 325 id
438 293 501 324 est
523 285 710 333 Christus,
742 299 819 324 non
844 286 939 325 alias
964 292 1090 326 tamen
1114 287 1250 333 homo,
1282 286 1377 327 licet
1399 287 1449 328 de

121 345 250 392 coelo,
275 344 347 383 nisi
372 344 463 396 quia
487 350 528 382 et
551 345 632 396 ipse
658 357 751 382 caro
772 350 885 395 atque
906 345 1044 391 anima,
1070 343 1172 396 quod
1192 345 1319 391 homo,
1347 344 1451 397 quod

118 401 258 441 Adam.
306 400 406 441 Nam
431 407 473 440 et
496 414 612 453 supra
635 402 859 440 novissimus
883 400 1008 440 Adam
1035 400 1159 441 dictus
1180 401 1228 441 de
1250 403 1449 441 consortio

118 459 356 499 substantiae
381 459 654 498 commercium
678 459 841 497 nominis
872 460 1008 505 traxit,
1041 460 1130 511 quia
1154 473 1226 499 nec
1251 459 1375 498 Adam
1401 472 1452 500 ex

119 517 265 556 semine
291 529 398 562 caro,
432 515 532 568 quod
557 523 598 554 et
622 515 808 555 Christus.
870 516 1001 564 Qualis
1027 529 1122 567 ergo
1149 518 1320 563 choicus,
1353 517 1452 556 tales

119 581 162 612 et
186 574 327 620 choici,
354 573 476 625 qualis
501 574 696 620 coelestis,
723 574 821 612 tales
846 581 886 612 et
910 574 1169 623 coelestes,²)
1226 573 1452 613 Substantia

119 631 244 670 tales?
272 643 321 669 an
352 631 475 682 primo
507 629 734 682 disciplina?
769 630 908 670 dehinc
939 638 979 670 et
1011 630 1218 683 dignitate,
1257 645 1368 684 quam
1393 631 1451 670 di-

119 688 283 740 sciplina
304 689 497 740 captavit?
525 689 643 740 Atqui
669 702 691 727 a
712 688 923 727 substantia
948 689 1051 727 nullo
1076 688 1191 727 modo
1216 689 1452 741 separabun-

121 752 186 784 tur
211 745 340 784 choici
366 752 480 796 atque
506 745 699 783 coelestes
723 746 842 784 semel
867 746 915 783 ab
941 746 1117 797 apostolo
1143 747 1318 784 homines
1343 746 1450 784 dicti.

121 800 166 841 Si
190 803 292 841 enim
317 808 360 841 et
378 801 553 840 Christus
575 802 680 840 solus
705 815 798 840 vere
825 802 1020 848 coelestis,
1047 804 1123 840 imo
1143 810 1185 841 et
1201 803 1454 855 supercoele-

118 859 202 905 stis,
228 859 343 897 homo
371 865 509 904 tamen,
537 872 611 910 qua
636 872 730 897 caro
757 866 871 910 atque
897 860 1037 906 anima,
1063 860 1183 898 nihilo
1204 861 1346 898 exista
1365 860 1452 898 sub-

118 916 345 956 stantiarum
360 915 583 955 conditione
597 929 620 954 a
634 916 772 955 choica
793 917 978 968 qualitate
999 916 1244 956 discernitur.
1284 916 1454 956 Proinde

118 980 160 1013 et
182 974 247 1027 qui
273 974 468 1012 coelestes
491 973 699 1012 secundum
725 973 829 1012 illum
849 987 925 1012 nou
945 973 993 1013 de
1012 974 1224 1013 substantia
1244 976 1453 1026 praesenti,

118 1029 190 1071 sed
225 1030 439 1076 ‹le-futura
475 1031 654 1070 claritate
692 1031 886 1070 coelestes
921 1030 1136 1082 praedicati
1174 1033 1453 1083 intelliguntur,

120 1089 212 1141 quia
240 1095 283 1127 et
312 1095 438 1135 retro,
476 1087 577 1126 unde
609 1087 808 1126 distinctio
840 1089 914 1126 ista
946 1089 1132 1134 manavit,
1170 1088 1218 1127 de
1256 1088 1455 1139 diguitatis

119 1143 342 1184 differentia
379 1151 534 1183 ostensa
570 1151 653 1190 est,
698 1145 775 1182 alia
810 1145 1154 1196 supercoelestium
1191 1146 1340 1196 gloria,
1380 1146 1455 1183 alia

120 1208 502 1254 superterrenorum,
535 1206 575 1240 et
605 1202 681 1239 alia
710 1202 822 1247 solis,
861 1201 936 1239 alia
968 1202 1098 1248 lunae,
1136 1202 1214 1240 alia
1243 1203 1454 1248 stellarum,

122 1260 214 1311 quia
238 1264 279 1297 et
301 1258 413 1297 stella
438 1271 462 1296 a
486 1258 599 1296 stella
624 1257 754 1297 differt
779 1260 816 1297 in
843 1259 1033 1309 gloria,³)
1059 1272 1135 1297 non
1160 1266 1287 1298 tamen
1309 1260 1346 1297 iu
1366 1259 1456 1298 sub-

120 1316 276 1354 stantia.
338 1315 511 1367 Denique
542 1317 751 1368 praemissa
781 1315 1000 1354 differentia
1032 1316 1230 1367 dignitatis
1255 1317 1294 1354 in
1319 1316 1456 1355 eadem

121 1372 335 1412 substantia
360 1380 401 1411 et
425 1386 524 1411 nunc
550 1372 759 1411 sectandae
785 1379 828 1411 et
851 1380 941 1411 tunc
967 1373 1230 1424 capessendae
1260 1373 1457 1424 subiungit

122 1431 238 1469 etiam
263 1430 587 1476 exhortationem,
613 1437 654 1467 ut
678 1437 717 1468 et
742 1430 804 1468 hic
830 1429 999 1468 habitum
1020 1429 1163 1468 Christi
1187 1438 1383 1469 sectemur
1407 1443 1459 1469 ex

122 1486 344 1539 disciplina,
377 1493 417 1525 et
447 1487 527 1524 illic
559 1487 750 1537 fastigium
784 1500 1064 1539 consequamur
1092 1500 1144 1526 ex
1174 1488 1320 1538 gloria,
1357 1489 1459 1526 sicut

122 1545 357 1596 portavimus
372 1545 573 1596 imaginem
591 1544 732 1590 choici,
759 1551 954 1596 portemus
970 1546 1082 1583 etiam
1098 1546 1302 1596 imaginem
1323 1558 1458 1597 super-

122 1601 372 1650 coelestis-⁴)
411 1600 650 1640 Portavimus
669 1603 768 1640 enim
789 1603 992 1651 imaginem
1012 1602 1141 1639 choici
1160 1615 1232 1653 per
1251 1603 1457 1654 collegium

122 1659 455 1710 transgressionis,
484 1671 554 1708 per
572 1659 806 1696 consortium
825 1660 971 1703 mortis,
999 1670 1069 1708 per
1087 1659 1261 1696 exsilium
1274 1659 1456 1710 paradisi.

124 1714 225 1753 Nam
244 1716 317 1754 etsi
336 1715 374 1752 in
395 1724 512 1752 earne
531 1714 791 1765 hic‘portatur
809 1715 935 1764 imago
959 1713 1085 1761 Adae,
1110 1714 1179 1753 sed
1206 1729 1280 1753 non
1301 1728 1458 1754 carnem

126 1783 327 1809 monemur
356 1783 573 1821 exponere,
606 1783 639 1807 si
671 1783 747 1807 non
774 1783 946 1816 carnem,
979 1783 1075 1821 ergo
1108 1773 1456 1819 conversationem,

125 1834 170 1866 ut
198 1825 360 1880 proinde
392 1833 432 1865 et
463 1826 645 1865 coelestis
681 1827 884 1877 imaginem
922 1834 1115 1877 gestemus
1145 1828 1183 1866 in
1215 1829 1344 1876 uobis,
1382 1842 1458 1867 non

127 1886 202 1924 iam
229 1883 312 1931 dei,
345 1896 417 1922 nec
448 1884 521 1921 iam
548 1884 586 1921 iu
613 1883 725 1921 coelo
753 1884 971 1931 constituti,
1002 1884 1071 1923 sed
1102 1884 1312 1924 secundum
1338 1887 1458 1924 linea·

129 1948 260 1981 menta
279 1941 422 1979 Christi
448 1939 674 1978 incedentes
698 1941 736 1978 in
761 1941 966 1980 sanctitate
987 1949 1027 1980 et
1046 1943 1190 1981 iustitia
1215 1949 1256 1980 et
1278 1944 1457 1982 veritate.

130 1998 259 2051 Atque
273 1997 374 2037 adeo
388 1997 437 2036 ad
451 1997 690 2048 disciplinam
711 2004 831 2036 totum
850 1998 924 2037 hoc
945 1997 1097 2050 dirigit,
1117 2006 1161 2038 ut
1172 1999 1236 2038 hic
1250 1999 1356 2039 dicat
1369 2014 1459 2052 por·

129 2055 283 2095 landam
303 2056 506 2106 imaginem
522 2054 666 2093 Christi
680 2056 717 2093 in
730 2056 804 2094 ista
824 2069 941 2095 carne
956 2058 1047 2095 etin
1060 2058 1135 2095 isto
1149 2064 1322 2109 tempore
1343 2057 1459 2096 disci·

129 2113 270 2165 plinae.
309 2112 510 2151 Portemus
524 2113 623 2150 euim
636 2114 885 2165 praeceptivo
901 2113 1015 2152 modo
1029 2113 1176 2161 dicens,
1191 2114 1280 2153 huic
1294 2116 1459 2166 tempori

131 2170 317 2221 loquitur,
349 2170 388 2207 in
420 2183 494 2222 quo
520 2169 633 2208 homo
659 2170 762 2209 nulla
785 2171 861 2209 alia
884 2172 1095 2210 substantia
1121 2179 1197 2218 est,
1231 2185 1340 2224 quam
1366 2185 1458 2210 caro

132 2234 173 2266 et
197 2228 341 2274 auima3
367 2233 433 2265 aut
456 2228 489 2265 si
514 2240 622 2278 qnam
649 2226 775 2273 aliam,
800 2227 839 2266 id
865 2236 924 2267 est
949 2230 1177 2274 coelestem,
1209 2229 1458 2266 substantiam

132 2285 231 2323 haec
257 2283 353 2323 fides
377 2291 546 2336 spectat,
573 2284 661 2323 huic
686 2291 812 2323 tamen
837 2287 1071 2337 repromissa
1095 2287 1162 2332 sit,
1196 2287 1258 2324 cui
1283 2284 1332 2323 ad
1356 2285 1459 2323 illam

134 2341 338 2381 elaborare
376 2340 589 2380 mandatur.
667 2341 762 2380 Cum
797 2343 917 2393 igitur
950 2344 1153 2394 imaginem
1186 2350 1226 2381 et
1257 2343 1384 2382 choici
1420 2348 1460 2380 et

229 2525 265 2565 1)
292 2527 310 2555 1
324 2526 400 2556 Cor,
418 2527 470 2565 15,
485 2526 540 2556 4¹1.
624 2524 663 2569 2)
688 2525 733 2559 ib.
748 2534 778 2556 v.
791 2526 847 2558 48.
930 2526 968 2566 3)
994 2527 1038 2558 ib.
1052 2537 1083 2559 v.
1097 2529 1153 2559 41.
1237 2527 1276 2572 4)
1302 2530 1346 2562 ih.
1360 2540 1391 2561 v.
1404 2531 1459 2561 49.
