1566 2808
315 141 439 185 Anv‘.
468 134 830 183 ‘MARcmNEM
866 152 1042 184 mnssn
1077 154 1133 186 ιν.
1293 154 1404 191 189

82 256 155 296 que
181 242 457 296 disceptatum,
485 245 572 296 quia
599 243 645 282 de
673 245 842 283 novitate
869 244 1077 283 divinitatis
1091 238 1202 285 'nihil
1228 255 1314 286 crat
1337 260 1403 287 us-

41 306 55 313 *
81 313 155 353 que
181 300 305 340 adhuc
331 299 486 348 editum,
514 302 625 340 sicuti
651 314 723 340 nec
750 301 1016 354 disceptatum,
1044 315 1115 341 nec
1137 317 1250 356 posse
1273 304 1404 344 retor-

81 358 190 409 queri
221 370 271 397 ex
300 358 382 410 ipsa
413 359 584 397 novitate
616 359 864 397 institutionis
897 361 1076 412 cuiusque
1110 363 1202 400 satis
1234 363 1348 401 aliam
1380 375 1403 401 a

82 415 238 454 Christo
263 413 560 462 demonstratam
588 415 836 463 divinitatem,
866 416 1015 468 quando
1041 425 1080 455 et
1106 419 1226 470 ipsam
1252 421 1403 458 novita-

83 474 465 525 tempronuntiatam
491 487 520 511 a.
539 481 717 511 creatore
746 475 962 512 constiterit
987 476 1023 512 in
1046 475 1199 514 Christo
1220 490 1298 514 non
1318 489 1402 515 esse

82 527 302 580 mirandam.
365 529 416 568 Et
446 525 662 582 oportuerit
687 532 816 582 utique
842 532 945 582 prius
971 531 1082 570 alium
1109 532 1222 571 deum
1249 535 1402 585 exponi,

80 593 219 638 postea
243 585 482 638 disciplinam
510 589 590 626 eius
617 587 758 634 induci,
786 589 873 656 ‘8¹³⁴'
899 587 991 627 deus
1006 591 1276 628 auctoritatem
1290 604 1403 642 prae·-

81 650 160 682 stet
195 643 446 696 disciplinae,
485 644 671 683 non'deo
709 645 929 696 disciplina3
974 647 1045 683 nisi
1081 647 1113 683 si
1150 653 1192 684 et
1226 647 1402 685 Marcion

79 700 194 752 plane
221 707 295 739 tam
319 714 523 753 perversas
549 714 623 740 non
650 714 720 752 per
744 702 964 751 magistrum
991 702 1122 740 literas
1147 701 1302 749 didicit,
1334 703 1403 742 sed

80 769 153 809 per
175 757 308 799 literas
340 759 582 808 magistrum·
639 757 779 796 Cetera
811 756 858 796 de
885 758 1045 796 sabbato
1072 759 1122 796 ita
1153 758 1295 810 dirigo.
1361 759 1403 798 Si

80 812 293 868 sabbatum„
316 814 489 853 Christus
527 816 764 861 intervertit,
804 811 1015 853 >secundum
1055 817 1270 868 exemplum
1308 818 1404 856 fecit

82 872 289 919 creatoris3
333 871 519 924 siquidem
551 873 590 911 in
617 871 817 911 obsidione
845 873 1010 911 civitatis
1037 872 1300 913 Hierichuntis
1327 876 1403 912 cir-

81 928 246 978 emlata
282 942 353 981 per
388 942 516 968 muros
552 943 645 968 arca
679 931 898 968 testamenti
926 937 1015 968 octo
1038 932 1074 980 1)
1094 925 1256 978 diebus,
1288 933 1403 970 etiam

81 984 260 1032 sabbato,
305 999 354 1026 ex
386 994 595 1039 praecepto
629 988 818 1026 creatoris
850 987 1049 1026 sabbatum
1082 990 1309 1040 operatione
1336 988 1403 1027 de-

81 1044 238 1090 struxit,
268 1050 311 1082 ut
334 1046 487 1095 putant,
520 1046 582 1096 qui
607 1045 681 1086 hoe
708 1051 747 1083 et
773 1043 818 1083 de
846 1044 1000 1083 Christo
1028 1046 1265 1092 existimant,
1293 1047 1403 1096 igno-

81 1106 212 1148 rantes
242 1113 367 1152 nequo
385 1101 583 1140 Christum
609 1102 806 1140 sabbatum
839 1101 1223 1154 destruxisse-neque
1250 1110 1404 1141 creato-

83 1157 258 1203 remf'ilt
286 1170 375 1196 mox
400 1157 657 1206 docebimus,
675 1165 714 1196 et
739 1165 865 1196 tamen
890 1171 961 1209 per
986 1158 1109 1196 Iesum
1136 1166 1226 1198 tunc
1253 1172 1402 1210 quoque

84 1226 310 1253 concussum
335 1222 395 1256 est
420 1214 636 1262 sabbatum,
673 1222 716 1253 ut
745 1222 784 1253 et
815 1215 889 1253 hoc
921 1216 958 1253 in
987 1215 1175 1254 Christum
1209 1217 1404 1254 renuntia-

83 1277 204 1310 retur.
263 1270 432 1319 Etiamsi,
456 1271 546 1310 odio
579 1273 773 1314 insecutus
799 1279 858 1310 est
883 1272 1211 1313 sollemnissimum
1239 1271 1404 1311 ludaeo-

83 1341 165 1366 rum
200 1327 327 1375 diem,
371 1336 412 1366 ut
438 1328 611 1377 Christus
647 1343 723 1366 non
757 1328 1006 1375 Iudaeorum,
1034 1328 1098 1379 ⁴de
1130 1328 1220 1366 odio
1253 1342 1402 1380 quoque

83 1382 232 1433 sabbati
262 1386 459 1438 professus
491 1393 708 1424 creatorem
739 1392 780 1423 ut
806 1384 977 1422 Christus
1009 1386 1126 1436 ipsius
1145 1386 1401 1437 sequebatur,

83 1442 455 1497 exclamantem-ore
480 1442 646 1480 Esaiae:
673 1443 895 1480 neomenias
921 1448 960 1480 et
984 1442 1143 1480 sabbata
1167 1450 1295 1481 vestra
1323 1442 1405 1481 odit

82 1500 376 1549 anima-mea.2)
410 1498 488 1538 Sed
514 1507 554 1538 et
578 1500 674 1538 haec
702 1512 853 1551 quoquo
879 1498 993 1536 modo
1021 1498 1125 1538 dicta
1150 1501 1240 1547 sint,
1264 1501 1402 1539 scimus

82 1554 336 1597 adhibendam
362 1564 488 1595 tamen
519 1558 558 1595 in
582 1557 655 1596 hac
687 1558 817 1608 specie
844 1557 958 1594 etiam
983 1556 1182 1608 abruptam
1208 1556 1403 1596 defensio·

83 1626 168 1652 nem
205 1612 388 1654 adversus
424 1614 623 1666 abruptam
660 1615 989 1666 provocationem.
1056 1613 1169 1653 Nunc
1207 1622 1247 1653 et
1283 1616 1402 1665 ipsam

84 1672 282 1721 materiam
319 1670 571 1723 disceptabo,
597 1673 647 1715 ,in
678 1684 752 1726 qua
780 1672 862 1709 visa
894 1677 954 1708 est
979 1663 1178 1710 destruere
1201 1671 1403 1709 sabbatum

86 1727 228 1766 Christi
254 1726 468 1778 disciplina.
529 1726 756 1767 Esurierant
780 1727 978 1778 discipuli,
1017 1740 1063 1765 ea
1095 1727 1157 1766 die
1184 1729 1310 1779 spicas
1336 1727 1404 1766 de-

87 1791 240 1836 cerptas
264 1784 436 1822 manibus
462 1784 705 1831 effrixerant3
738 1783 861 1821 cibum
889 1785 1038 1835 operati
1064 1784 1181 1822 ferias
1206 1792 1402 1836 ruperant.

87 1841 256 1884 Excusat
284 1842 372 1880 illos
394 1838 578 1881 -Christus
610 1849 650 1880 et
679 1852 768 1879 reus
799 1847 859 1879 est
889 1840 1038 1878 sabbati
1063 1841 1176 1888 laesi,
1219 1849 1405 1880 accusant

86 1899 290 1951 pharisaei.
350 1897 527 1937 Marcion
555 1905 683 1950 captat
707 1905 827 1953 status
853 1899 1161 1945 controversiae,
1193 1905 1235 1936 ut
1259 1898 1403 1950 aliquid

87 1953 235 1995 cludam
267 1969 351 1995 cum
384 1956 463 1995 mei*
489 1954 631 1994 domini
660 1956 823 1994 veritate
856 1956 991 2006 scripti
1020 1962 1061 1997 et
1088 1956 1315 2003 voluntatis3
1355 1955 1402 1994 de

85 2009 277 2065 scriptura
312 2014 412 2052 enim
450 2014 609 2053 sumitur
642 2014 831 2052 creatoris
868 2019 907 2050 et
944 2011 991 2050 de
1029 2012 1171 2051 Christi
1207 2014 1402 2052 voluntate

86 2066 215 2117 color,
260 2071 366 2123 quasi
393 2069 440 2108 de
467 2070 642 2122 exemplo
668 2069 809 2117 David,
838 2070 1081 2121 ,introgressi
1107 2070 1276 2109 sabbatis
1307 2077 1404 2108 tem-

85 2127 202 2181 plum,
228 2134 269 2166 et
293 2129 443 2180 operati
470 2128 593 2166 cibum
619 2126 805 2168 audenter
828 2127 963 2165 fractis
979 2127 1148 2179 panibus
1168 2128 1404 2180 propositio-

79 2180 158 2224 nis.
177 2185 217 2232 ³)
276 2183 507 2231 Meminerat
543 2185 643 2223 enim
673 2192 714 2224 et
743 2185 808 2223 ille
839 2185 914 2222 hoc
951 2186 1189 2236 privilegium
1223 2184 1403 2223 donatum

86 2236 248 2280 sabbato
274 2254 298 2280 a
322 2241 554 2294 primordio,
598 2255 671 2294 quo
698 2240 779 2281 dies
804 2242 886 2294 ipse
912 2249 1131 2294 compertus
1156 2249 1215 2280 est
1238 2242 1402 2287 veniam,

86 2299 218 2338 ieiunii
255 2297 358 2337 dico.
421 2299 513 2337 Cum
552 2300 652 2338 enim
688 2299 946 2351 prohibuisset
983 2306 1139 2337 creator
1174 2299 1212 2337 in
1248 2297 1404 2336 biduum

86 2356 165 2407 legi
189 2368 349 2403 manna,
394 2355 630 2396 solummodo
656 2357 828 2408 permisit
852 2357 890 2394 in
915 2369 1126 2408 parasceue
1141 2384 1152 2403 ,
1188 2362 1230 2394 ut
1255 2355 1404 2394 sabbati

124 2527 127 2533 Κ
178 2493 218 2538 1)
241 2495 334 2527 Pam.
360 2498 395 2526 et
419 2496 493 2536 Rig.
519 2498 696 2535 septem.
766 2495 802 2535 2)
829 2496 893 2528 les,
917 2496 949 2536 1,
977 2497 1028 2526 14,
1105 2495 1140 2535 3)
1167 2495 1249 2527 Luc.
1263 2495 1394 2537 6,1-4

23 2526 26 2528 .
88 2541 107 2570 1
132 2541 222 2572 Sam.
246 2542 301 2581 21,
329 2542 349 2571 2
374 2551 444 2580 sqq.
