1604 2800
202 187 263 224 22
560 186 633 218 DE
670 185 868 218 CARNE
905 185 1160 217 CHRISTI.

203 280 336 320 dendis
363 286 609 332 operaretur,
649 279 845 317 extraneis
877 276 1013 317 defixis
1039 278 1076 316 in
1102 278 1225 324 illum,
1264 283 1339 316 tam
1366 278 1528 330 proximi

201 339 373 377 aberant.
436 337 610 389 Denique
637 337 910 388 superveniunt
934 343 974 375 et
999 336 1094 374 foris
1119 335 1346 381 subsistunt,
1373 347 1453 374 nec
1471 336 1530 374 in—

200 403 372 442 troeunt,
400 408 474 434 non
502 402 768 447 computantes
794 394 958 442 scilicet,
986 392 1075 446 quid
1101 394 1201 431 intus
1227 399 1429 444 ageretur,
1456 405 1528 432 nec

199 454 387 492 sustinent
429 454 582 499 saltem,
633 454 740 504 quasi
782 453 1025 491 necessarius
1063 450 1207 503 aliquid
1244 450 1430 490 afferrent
1462 463 1528 497 eo,

199 510 300 563 quod
325 512 389 549 ille
416 518 491 549 tum
519 511 682 549 maxime
707 510 862 562 agebat,
889 509 958 549 sed
983 509 1145 561 amplius
1170 509 1419 560 interpellant
1443 515 1484 548 et
1507 521 1530 547 a

199 576 305 607 tanto
345 582 463 620 opere
502 575 725 607 revocatum
761 569 906 607 volunt.
970 567 1047 606 Oro
1075 574 1131 613 te,
1170 566 1349 619 Apelles,
1387 566 1528 613 velta,

197 627 393 673 Marcion,
433 628 464 665 si
490 627 592 665 forte
619 626 750 664 tabula
775 625 909 665 ludens
934 626 995 664 vel
1023 623 1070 663 de
1097 624 1347 664 histrionibus
1373 631 1438 662 aut
1462 637 1528 662 au-

197 686 291 736 rigis
329 683 568 723 contendens
605 685 674 722 tali
711 685 844 722 nuntio
884 684 1125 730 avocareris,
1176 695 1304 721 nonne
1343 681 1527 721 dixisses:

197 755 294 794 quae
335 742 424 779 mihi
460 749 596 788 mater,
635 749 700 780 aut
737 742 800 793 qui
837 742 1004 780 fratres?
1062 741 1183 780 Deum
1221 739 1452 793 praedicans
1490 747 1529 778 et

197 799 364 851 probans
380 798 566 846 Christus,
595 799 720 850 legem
747 806 787 837 et
811 799 1021 851 prophetas
1047 797 1271 850 adimplens,
1298 798 1394 836 tanti
1419 804 1527 837 retro
1580 840 1585 848 Ι

197 857 283 895 aevi
310 857 512 907 caliginem
546 853 790 908 dispargens,
830 855 986 906 indigue
1025 869 1113 894 usus
1146 862 1205 894 est
1235 855 1310 894 hoc
1343 854 1448 894 dicto
1479 853 1526 893 ad

197 913 486 966 percutiendam
514 913 823 952 incredulitatem
849 914 945 951 foris
971 914 1150 951 stantium
1174 913 1237 951 vel
1263 911 1310 951 ad
1325 913 1527 951 excutien-

197 971 282 1010 dam
320 972 645 1023 importunitatem
683 971 729 1010 ab
769 984 888 1023 opere
921 972 1210 1010 revocantium?
1270 970 1451 1009 Ceterum
1477 968 1526 1008 ad

198 1028 410 1080 negandam
437 1031 673 1067 nativitatem
706 1029 802 1067 alius
833 1029 1088 1067 necessarius·
1108 1029 1243 1066 fuisset
1273 1028 1309 1066 ei
1342 1028 1450 1066 locus
1487 1034 1527 1066 et

196 1094 343 1138 tempus
370 1094 409 1125 et
435 1086 531 1125 ordo
558 1088 763 1133 sermonis,
802 1099 877 1125 non
904 1088 1005 1133 eius,
1039 1086 1101 1138 qui
1127 1092 1259 1137 posset
1283 1085 1525 1138 pronuntiari

195 1145 310 1182 etiam
337 1145 384 1182 ab
412 1157 478 1191 eo,
507 1145 568 1183 cui
594 1152 633 1183 et
659 1151 783 1183 mater
808 1151 912 1183 esset
937 1151 976 1183 et
1001 1144 1159 1190 fratres,
1200 1156 1283 1182 cum
1310 1141 1524 1194 indignatio

196 1209 376 1254 parentes
402 1216 477 1241 non
504 1210 634 1254 neget,
661 1201 729 1240 sed
755 1202 947 1254 obiurget.
970 1203 1007 1249 1)
1069 1201 1243 1253 Denique
1269 1202 1442 1253 potiores
1467 1200 1525 1239 fe-

196 1260 250 1298 cit
285 1260 401 1306 alios,
440 1268 481 1299 et
516 1262 691 1299 meritum
729 1261 981 1312 praelationis
1019 1259 1245 1307 ostendens,
1290 1258 1522 1298 audientiam

196 1317 348 1356 scilicet
371 1318 493 1365 verbi,
521 1317 772 1365 demonstrat,
799 1331 873 1370 qua
899 1317 1122 1357 conditione
1143 1318 1345 1370 negaverit
1364 1324 1523 1356 matrem
1558 1350 1562 1352 ,

195 1381 235 1412 et
271 1375 431 1423 fratres,
471 1389 544 1427 qua
581 1377 681 1414 enim
719 1377 816 1414 alios
852 1375 925 1414 sibi
962 1375 1178 1427 adoptavit,
1218 1376 1280 1428 qui
1312 1375 1349 1414 ei
1380 1374 1525 1414 adhae-

195 1431 350 1479 rebant,
390 1445 437 1471 ea
474 1433 680 1484 abnegavit
711 1433 816 1480 illos,
857 1434 919 1484 qui
951 1433 998 1471 ab
1025 1445 1073 1470 eo
1099 1433 1350 1472 absistebant.
1413 1431 1525 1472 Solet

195 1490 309 1527 etiam
346 1488 556 1542 adimplere
596 1490 786 1536 Christus,
826 1490 927 1542 quod
958 1490 1056 1528 alios
1088 1489 1217 1528 docet.
1280 1490 1401 1538 Quale
1427 1502 1524 1542 ergo

195 1553 292 1592 erat,
319 1547 350 1584 si
377 1546 522 1586 docens
548 1561 624 1585 non
650 1548 746 1586 tanti
773 1548 904 1586 facere
931 1554 1090 1586 matrem
1116 1554 1182 1585 aut
1205 1548 1366 1594 fratres,
1393 1549 1524 1599 quanti

194 1603 258 1642 dei
283 1604 457 1652 verbum,
490 1606 572 1657 ipse
599 1604 662 1643 dei
687 1605 843 1644 verbum
870 1606 1042 1644 nuntiata
1067 1611 1188 1643 matre
1215 1611 1256 1643 et
1279 1605 1523 1644 fraternitate

194 1660 421 1700 desereret?
479 1662 649 1714 Negavit
674 1663 802 1715 itaque
827 1669 1027 1714 parentes,
1067 1661 1259 1714 quomodo
1292 1661 1426 1701 docuit
1456 1675 1524 1702 ne-

193 1718 341 1770 gandos
373 1733 443 1771 pro
477 1719 540 1759 dei
573 1733 706 1772 opere.
768 1719 847 1758 Sed
878 1721 974 1758 alias
1000 1720 1123 1771 figura
1150 1727 1209 1759 est
1234 1731 1459 1772 synagogae
1484 1721 1524 1758 in

192 1784 314 1815 matre
353 1778 534 1817 abiuncta
565 1786 605 1816 et
636 1777 864 1816 Iudaeorum
891 1779 928 1816 in
954 1778 1137 1816 fratribus
1162 1775 1387 1816 incredulis.
1450 1776 1524 1816 Fo-

192 1835 244 1872 ris
275 1841 359 1873 erat
391 1836 428 1873 in
461 1836 536 1875 illis
568 1836 708 1882 Israel,
747 1835 925 1887 discipuli
957 1843 1084 1874 autem
1117 1836 1204 1874 novi
1237 1836 1338 1874 intus
1363 1833 1523 1874 audien·

192 1898 250 1930 tes
276 1900 315 1931 et
341 1892 546 1933 credentes
572 1901 612 1932 et
638 1893 895 1933 cohaerentes
922 1893 1076 1932 Christo
1109 1893 1316 1932 ecclesiam
1348 1891 1522 1932 delinea-

192 1948 300 1995 bant,
339 1964 447 2002 quam
485 1952 675 2003 potiorem
714 1958 874 1990 matrem
912 1958 952 1990 et
989 1950 1204 2003 digniorem
1237 1951 1520 1990 fraternitatem

193 2014 371 2045 recusato
411 2010 555 2048 carnali
593 2022 738 2061 genere
776 2010 1020 2061 nuncupavit.
1100 2007 1248 2048 Eodem
1291 2021 1405 2047 sensu
1453 2007 1521 2047 de-

192 2064 305 2115 nique
332 2072 371 2103 et
396 2066 450 2103 illi
476 2067 748 2106 exclamationi
773 2066 993 2119 respondit,
1032 2080 1109 2105 non
1141 2067 1274 2106 matris
1305 2072 1455 2105 uterum
1481 2072 1521 2104 et

192 2120 312 2159 ubera
337 2135 494 2174 negans,
523 2124 591 2163 sed
616 2126 814 2165 feliciores
839 2124 1064 2177 designans,
1092 2125 1154 2176 qui
1178 2123 1336 2163 verbum
1363 2122 1427 2162 dei
1452 2136 1519 2162 au-

191 2177 309 2217 diunt.

306 2241 345 2278 8.
397 2236 500 2276 Solis
537 2240 619 2278 istis
658 2241 852 2293 capitulis,
893 2240 1028 2293 quibus
1060 2240 1222 2279 maxime
1254 2240 1431 2278 instructi
1461 2240 1519 2277 vi.-

190 2292 328 2332 dentur
364 2294 435 2333 sibi
471 2295 647 2335 Marcion
686 2305 727 2336 et
761 2298 939 2350 Apelles,
978 2296 1187 2337 secundum
1218 2298 1421 2336 veritatem
1459 2297 1518 2335 in-

190 2352 289 2402 tegri
322 2359 361 2391 et
397 2354 610 2405 incorrupti
648 2357 839 2407 evangelii
877 2356 1155 2408 interpretatis,
1195 2355 1288 2393 satis
1324 2366 1410 2393 esse
1448 2353 1512 2392 de-

188 2407 324 2447 buerat
373 2409 421 2448 ad
464 2412 733 2463 probationem
777 2415 903 2452 carnis
940 2414 1127 2452 humanae
1165 2413 1204 2452 in
1248 2412 1402 2451 Christo
1445 2422 1516 2462 per

190 2463 450 2507 defensionem
490 2470 712 2509 nativitatis.
799 2469 879 2510 Sed
924 2472 1100 2523 quoniam
1140 2477 1180 2509 et
1217 2469 1280 2508 isti
1315 2467 1515 2520 Apelleia-

280 2591 317 2634 1)
344 2594 416 2633 Rig.
437 2597 531 2626 Cum
558 2597 637 2628 ind.
659 2606 743 2636 par.
764 2600 908 2637 negat,
935 2607 1015 2628 uon
1036 2599 1178 2638 negat,
1206 2595 1277 2626 sed
1302 2595 1513 2635 obiurgat.
