1624 2826
202 220 304 259 258
361 212 365 213 ⁷
457 221 587 252 Anv.
626 218 983 251 MARCIONEM
1019 219 1193 250 mnER
1229 219 1269 250 v.

204 316 333 366 utique
371 313 536 351 scissent
577 310 856 351 abscedendum
892 311 965 349 sibi
1010 324 1095 350 esse
1138 324 1161 349 a
1203 310 1291 362 lege
1329 310 1409 349 eius
1446 309 1523 359 dei,

206 385 316 424 quem
353 371 598 421 reliquissent
641 370 754 407 alium
793 369 928 407 secuti.
1004 369 1095 416 Quis
1138 368 1236 407 enim
1281 374 1529 419 exspectaret

207 429 348 467 diutius
385 426 555 474 discere,
594 426 692 478 quod
730 439 864 465 novam
897 425 1060 465 deberet
1096 426 1238 464 sectari
1275 424 1527 477 disciplinam,

209 487 270 538 qui
296 498 430 523 novum
458 483 567 522 deum
593 485 830 536 recepisset?
878 482 957 521 lmo
984 484 1070 535 quia
1097 482 1229 522 cadem
1257 481 1407 535 quidem
1432 481 1530 521 divi-

208 545 307 582 nitas
338 540 634 594 praedicabatur
664 543 701 579 in
733 541 955 591 evangelio,
989 554 1085 593 quac
1112 553 1263 591 semper
1289 546 1379 578 nota
1403 540 1531 578 fuerat

209 602 247 639 in
285 600 392 650 lege,
431 597 631 649 disciplina
665 612 758 637 vcro
790 612 866 636 non
897 597 1050 645 eadem,
1089 598 1150 636 hic
1177 604 1262 636 erat
1285 604 1388 635 totus
1414 608 1531 649 quae-

210 657 344 695 stionis
369 663 502 702 status,
528 669 574 693 an
601 656 663 694 lex
689 656 876 694 creatoris
901 655 947 693 ab
975 656 1175 706 evangelio
1203 654 1364 693 deberet
1377 653 1532 693 excludi

211 715 250 752 in
276 714 428 751 Christo
457 714 656 751 creatoris.
719 713 892 764 Denique
919 713 1028 751 aufer
1053 713 1152 751 hunc
1178 719 1329 758 statum,
1356 717 1396 750 et
1418 717 1534 750 vacat

213 771 398 823 quaestio.
447 769 622 808 Vacante
649 777 773 808 autem
806 771 1042 820 quaestione,
1075 770 1176 807 ultro
1209 769 1381 807 omnibus
1412 781 1535 820 agno-

214 827 431 872 scentibus,
470 825 740 865 discedendum
779 827 851 862 sibi
877 839 961 863 esse
999 826 1045 862 ab
1079 825 1212 862 ordine
1240 825 1429 863 creatoris
1465 837 1536 876 per

214 883 326 923 fidem
366 881 429 921 dei
465 883 641 927 alterius,
681 882 783 920 nulla
814 882 989 933 apostolo
1023 881 1184 919 materia
1216 882 1465 933 competisset
1495 880 1534 920 id

215 949 289 979 tam
316 953 447 992 presse
475 938 658 986 docendi,
699 937 799 990 quod
829 939 929 977 ultro
962 937 1056 976 fides
1088 939 1169 989 ipsa
1196 937 1394 977 dictasset.
1458 937 1536 990 Igi-

217 1005 277 1036 tur
315 1004 396 1035 tota
431 998 592 1034 intentio
625 996 812 1048 epistolae
849 996 956 1034 istius
994 996 1085 1033 nihil
1117 993 1219 1033 aliud
1251 994 1386 1041 docet,
1425 1008 1536 1047 quam

216 1055 313 1105 legis
339 1053 611 1092 discessionem
638 1054 853 1091 venientem
886 1052 933 1090 de
967 1053 1155 1090 creatoris
1187 1050 1457 1102 dispositione,
1487 1058 1538 1091 'ut

217 1111 339 1150 adhuc
366 1123 626 1161 suggeremus.
678 1108 719 1147 Si
751 1110 840 1147 item
873 1110 1009 1148 nullius
1040 1110 1127 1146 novi
1161 1107 1224 1147 dei
1256 1109 1402 1147 exserit
1430 1121 1537 1147 men-

216 1170 371 1214 tionem,
399 1166 498 1218 quod
525 1180 704 1219 nusquam
727 1167 847 1216 magis
873 1167 1041 1212 fecisset,
1070 1179 1177 1216 quam
1199 1166 1237 1203 in
1262 1166 1334 1204 ista
1360 1167 1536 1212 materia,

216 1232 258 1263 ut
281 1225 466 1262 rationem
493 1224 644 1261 scilicet
669 1222 907 1274 ablegendae
934 1223 1030 1273 legis
1056 1224 1168 1260 unica
1190 1222 1259 1261 bac
1285 1229 1323 1261 et
1349 1221 1539 1262 sufficien-

217 1282 361 1319 tissima
398 1280 619 1318 delinitione
662 1287 900 1331 proponeret
937 1292 1058 1317 novae
1097 1278 1328 1325 divinitatis,
1378 1286 1539 1332 apparet

220 1337 408 1390 quomodo
435 1338 598 1375 scribat:
626 1338 743 1374 miror
767 1351 835 1375 vos
861 1343 935 1375 tam
964 1338 1040 1374 cito
1074 1336 1273 1375 transferri
1300 1336 1347 1375 ab
1374 1349 1442 1384 eo,
1474 1337 1539 1389 qui

218 1408 286 1432 vos
310 1396 463 1431 vocavit
487 1394 525 1430 in
551 1394 730 1443 gratiam,
757 1393 805 1431 ad
831 1392 931 1431 aliud
959 1394 1264 1444 evangelium,¹)
1302 1406 1352 1432 ex
1377 1403 1540 1432 conver-

222 1451 368 1488 satione
395 1448 514 1495 aliud,
542 1463 615 1486 non
642 1462 691 1487 ex
715 1451 923 1499 religione,
951 1463 999 1487 ex
1024 1449 1242 1500 disciplina,
1269 1464 1344 1488 non
1370 1464 1419 1490 ex
1439 1450 1541 1490 divi·

222 1507 359 1552 nitate,
398 1506 572 1556 quoniam
599 1505 748 1556 quidem
774 1506 1009 1555 evangelium
1037 1506 1178 1544 Christi
1209 1520 1230 1544 a
1259 1507 1348 1557 lege
1374 1520 1540 1548 evocare

224 1562 385 1601 deberet
410 1560 457 1599 ad
484 1562 657 1612 gratiam,
684 1575 759 1599 non
785 1575 806 1599 a
832 1569 1009 1600 creatore
1035 1561 1083 1599 ad
1109 1563 1222 1600 alium
1248 1562 1373 1604 deum.
1406 1563 1540 1604 Ne‘mo

225 1621 322 1658 enim
349 1619 434 1670 illos
459 1625 631 1657 moverat
661 1632 684 1656 a
710 1626 905 1665 creatore,
942 1626 983 1665 ut
1013 1618 1237 1657 viderentur
1271 1620 1327 1658 sic
1358 1621 1407 1659 ad
1438 1621 1541 1659 aliud

225 1676 462 1727 evangelium
488 1676 712 1722 transferri,
746 1677 851 1727 quasi
877 1674 961 1714 dum
988 1674 1034 1713 ad
1063 1683 1278 1715 creatorem
1306 1678 1542 1716 transferun-

225 1740 297 1778 tur.
357 1732 454 1771 Nam
481 1739 521 1770 et
545 1732 741 1779 adiiciens,
770 1732 868 1784 quod
895 1732 996 1771 aliud
1023 1734 1258 1783 evangelium
1287 1735 1440 1772 omnino
1465 1747 1542 1774 non

226 1796 352 1836 esset,
392 1791 579 1828 creatoris
611 1790 816 1828 confirmat
851 1788 914 1836 id,
954 1789 1067 1841 quod·
1091 1803 1176 1828 csse
1203 1789 1389 1837 defendit.
1441 1790 1483 1829 Si
1501 1793 1542 1840 ²)
1593 1795 1598 1798 ”

226 1848 324 1886 enim
350 1853 390 1884 et
414 1853 569 1884 creator
593 1847 830 1897 evangelium
856 1847 1101 1898 repromittit,
1129 1846 1262 1885 dicens
1288 1847 1542 1899 perEsaiam:

227 1902 392 1942 ascende
418 1904 455 1940 in
481 1911 644 1941 montem
671 1904 878 1950 excelsum,
905 1905 966 1955 qui
992 1905 1236 1955 evangelizas
1251 1903 1372 1952 Sioni,
1399 1905 1543 1944 extolle

226 1973 359 1998 vocem
386 1961 423 1997 in
447 1960 612 1998 valentia
637 1968 712 2007 tua,
741 1956 805 2011 qui
834 1961 1075 2011 evangelizas
1103 1961 1412 2011 Hierusalem-³)·
1449 1962 1543 2001 Item

229 2015 276 2054 ad
303 2017 559 2067 apostolorum
585 2030 804 2068 personam:
855 2031 963 2069 quam
988 2017 1352 2070 tempestivi-pedes
1377 2029 1544 2070 evange·-

230 2073 421 2111 lizantium
446 2086 592 2123 pacem,
620 2075 959 2124 evangelizantium
984 2074 1144 2124 bona,4)
1173 2076 1301 2128 utique
1321 2081 1360 2114 et
1379 2077 1544 2124 nationi7

230 2128 299 2168 bus
331 2130 695 2179 evangelizantium,
734 2133 908 2183 quoniam
940 2140 978 2171 et
1009 2133 1046 2171 in
1079 2134 1229 2172 nomine
1267 2133 1373 2180 eius,
1410 2133 1543 2185 inquit,

231 2187 405 2224 nationes
436 2187 666 2238 sperabunt,
706 2187 846 2227 Christi
877 2191 1050 2237 scilicet,
1089 2191 1148 2231 cui
1181 2191 1254 2229 ait:
1303 2190 1410 2243 posui
1441 2190 1545 2229 te'in

231 2244 356 2282 lumen
382 2244 632 2291 nationun1.5)
694 2244 762 2283 Est
791 2253 914 2285 autem
948 2249 1184 2299 evangelium
1215 2248 1329 2286 etiam
1355 2247 1416 2286 dei
1442 2248 1544 2292 novi,

232 2300 332 2352 quod
356 2301 431 2347 vis,
469 2307 558 2339 tunc
584 2302 630 2339 ab
658 2304 830 2353 apostolo
857 2303 1064 2343 defensum.
1126 2304 1204 2344 [am
1236 2317 1331 2355 ergo
1357 2304 1433 2343 duo
1458 2309 1547 2342 sunt

232 2358 429 2408 evangelia
455 2357 554 2409 apud
580 2358 673 2397 duos
699 2358 804 2407 deos,
831 2368 870 2399 ct
893 2363 1072 2400 mentitus
1097 2363 1172 2401 erit
1190 2362 1386 2413 apostolus
1399 2360 1561 2406 dicens„

234 2414 351 2465 quod,
370 2414 471 2452 aliud
509 2417 660 2454 omnino
698 2430 774 2455 non
809 2419 937 2467 est,⁶)
966 2433 1049 2457 cum
1080 2420 1129 2457 sit
1153 2426 1193 2457 et
1222 2417 1342 2464 aliud,
1380 2430 1464 2456 cum
1489 2417 1545 2455 sic

326 2550 361 2589 1)
388 2552 462 2582 Gal.
476 2553 507 2592 1,
523 2555 553 2584 6.
567 2555 597 2583 7.
694 2552 728 2595 2)
745 2556 966 2587 Scribendum
982 2556 1131 2587 videtur:
1158 2555 1236 2587 Sic.
1307 2555 1343 2595 3)
1367 2555 1432 2585 les.
1447 2554 1546 2593 4o‚9.

236 2594 273 2633 4)
298 2596 360 2627 les.
376 2599 428 2637 52,
445 2599 475 2628 7.
569 2600 604 2639 5)
629 2601 845 2642 les.42‚4.6.
939 2600 975 2642 c.)
1003 2601 1077 2632 Gal.
1092 2603 1123 2643 1,
1139 2602 1169 2630 τ.
