1624 2826
370 208 497 240 ADv.
534 208 897 240 MARCIONEM
934 209 1110 240 LIBER
1142 210 1182 241 V.
1338 203 1440 247 ‘252

113 301 202 352 lege
228 301 417 340 creatoris
442 300 608 352 abrupit.
647 299 785 353 Neque
811 302 910 339 enim
936 302 1142 341 verisimile
1169 308 1239 348 cst,
1266 307 1308 340 ut
1331 315 1442 341 aver-

114 365 200 397 teus
224 371 248 397 a
273 357 463 397 Iudaismo
489 372 565 396 non
591 359 739 410 pariter
765 358 1006 406 ostenderet,
1046 360 1083 398 in
1110 359 1215 398 cuius
1242 358 1304 397 dei
1330 358 1443 398 fidem

114 422 330 463 averteret,
369 417 457 468 quia
481 429 593 454 nemo
620 417 783 454 transire
810 424 941 468 posset
966 431 989 456 a
1015 424 1214 463 creatore,
1252 418 1443 463 nesciens,

115 472 164 512 ad
195 486 305 525 quem
335 472 606 512 transeundum
643 474 715 512 sibi
747 481 861 515 esset.
925 474 1014 513 Sive
1048 476 1146 513 enim
1174 474 1346 513 Christus
1370 474 1446 513 iam

115 530 231 570 alium
256 529 369 570 deum
393 531 648 577 revelaverat,
681 532 914 583 sequebatur
940 534 1054 571 etiam
1080 532 1247 590 apostoli
1273 532 1445 577 testatio,

114 588 257 634 velue
294 602 371 627 non
408 589 489 627 eius
527 587 590 627 dei
628 590 824 640 apostolus
862 590 1087 636 haberetur,
1133 602 1241 641 quem
1275 589 1447 627 Christus

116 645 378 692 revelaverat,
417 652 457 684 ct
482 647 569 697 quia
594 659 669 684 non
697 646 839 684 licebat
863 646 1048 686 abscondi
1075 647 1122 685 ab
1148 647 1346 698 apostolo,
1385 647 1448 698 qui

118 703 191 742 lam
217 703 409 748 revelatus
434 703 570 741 fuisset
594 703 806 751 aChrist03
833 706 912 743 sive
940 705 1032 742 nibil
1060 705 1134 742 tale
1161 703 1208 741 de
1235 703 1310 742 deo
1336 704 1448 741 Chri-

118 767 198 798 stus
222 760 475 805 revelaverat,
502 767 608 798 tanto
635 762 755 810 magis
781 760 827 798 ab
854 762 1030 812 apostolo
1057 760 1244 798 debuerat
1270 761 1448 806 revelari,

119 818 183 869 qui
207 817 282 854 iam
307 829 384 854 non
408 823 541 867 posset
564 817 612 852 ab
644 817 740 861 alio,
779 830 854 853 non
888 817 1104 856 credendus
1130 818 1211 855 sine
1239 816 1379 864 dubio,
1418 819 1449 855 si

118 887 192 913 nec
223 873 271 911 ab
308 872 486 924 apostolo
521 872 729 912 revelatus.
799 873 908 921 Quod
946 874 1095 912 idcirco
1134 876 1448 926 praestruximus,

118 938 163 970 ut
196 931 270 969 iam
306 930 398 968 hinc
432 929 682 982 profiteamur
713 943 782 968 nos
819 931 980 983 proinde
1017 932 1266 983 probaturos,
1310 933 1451 970 nullum

121 989 235 1028 alium
261 986 373 1029 deum
399 987 447 1026 ab
473 988 650 1039 apostolo
678 988 959 1034 circumlatum,
986 990 1086 1027 sicut
1111 989 1353 1041 probavimus
1379 1002 1450 1028 nec

121 1059 146 1086 a
176 1045 355 1092 Christo,
393 1057 444 1083 ex
479 1045 596 1096 ipsius
627 1045 757 1097 utique
790 1047 963 1098 epistolis
995 1046 1126 1093 Pauli,
1166 1059 1258 1098 quas
1290 1046 1451 1098 proinde

104 1103 315 1150 ‚mutilatas
352 1103 467 1140 etiam
506 1099 553 1140 de
592 1115 751 1141 numero
782 1104 907 1142 forma
938 1105 1012 1142 iam
1037 1104 1227 1142 haeretici
1259 1105 1452 1155 evangelii

123 1159 411 1214 praeiudicasse
437 1158 605 1198 debebit.

396 1265 458 1290 nn
496 1264 756 1290 ειηετοωι
790 1265 851 1291 Α»
879 1255 1181 1302 canariis-¹)
1335 1280 1353 1285 -

242 1336 284 1374 2.
343 1330 599 1383 Principalem
643 1330 826 1371 adversus
871 1333 1096 1371 Iudaismum
1141 1333 1341 1384 epistolam
1386 1346 1455 1371 nos

129 1401 280 1442 quoque
306 1389 552 1435 confitemur,
598 1402 695 1440 quae
723 1389 879 1435 Galatas
905 1390 1033 1429 docet.
1083 1389 1362 1442 Amplectimur
1398 1397 1456 1428 et-

129 1448 230 1486 enim
255 1459 403 1485 omnem
429 1447 531 1483 illam
559 1446 656 1496 legis
680 1448 824 1485 veteris
848 1447 1110 1494 abolitionem,
1139 1454 1179 1484 ut
1204 1454 1243 1486 et
1267 1448 1386 1499 ipsam
1407 1446 1455 1485 de

129 1504 321 1543 creatoris
354 1503 573 1541 venientem
606 1502 876 1555 dispositione,
915 1506 1016 1543 sicut
1053 1517 1169 1556 saepe
1207 1505 1279 1542 iam
1312 1505 1348 1542 in
1382 1505 1456 1542 isto

129 1559 268 1600 ordine
294 1561 539 1599 tractavimus
565 1559 613 1598 de
639 1560 862 1612 praedicata
890 1563 1095 1601 novatione
1122 1575 1144 1600 a
1170 1562 1368 1614 prophetis
1394 1561 1458 1600 dei

128 1619 266 1658 nostri.
342 1617 487 1665 Quodsi
524 1625 680 1656 creator
717 1618 867 1670 quidem
903 1627 1038 1658 vetera
1076 1632 1232 1658 cessura
1269 1620 1456 1671 promisit,

129 1676 239 1715 novis
269 1675 422 1714 scilicet
453 1676 633 1722 orituris,
685 1675 859 1715 Christus
889 1690 983 1715 vero
1021 1684 1169 1728 tempus
1201 1676 1459 1714 distinctionis

131 1733 241 1772 istius
267 1733 349 1780 (lex
373 1739 413 1770 et
436 1733 650 1784 prophetae
681 1746 800 1784 usque
832 1733 880 1772 ad
914 1734 1110 1783 Ioannem)
1125 1735 1167 1785 ²)
1194 1735 1393 1772 terminum
1421 1734 1457 1770 in

132 1788 278 1828 Ioanne
302 1795 474 1827 statuens
499 1791 601 1826 inter
624 1797 824 1841 utrumque
851 1790 1023 1828 ordinem
1051 1790 1304 1828 desinentium
1319 1788 1459 1828 exinde

132 1853 311 1889 veterum
331 1851 372 1882 et
395 1846 657 1895 incipientium
684 1859 894 1884 novorum:
945 1848 1166 1884 necessarie
1199 1853 1238 1886 et
1263 1847 1460 1898 apostolus

133 1904 174 1954 in
210 1902 364 1940 Christo
402 1908 489 1953 post
524 1901 705 1939 Ioannem
743 1903 915 1948 revelato
952 1910 1085 1942 vetera
1123 1904 1311 1951 infirmat,
1362 1917 1461 1942 nova

133 1972 229 1999 vero
264 1959 492 2005 confirmat,
537 1966 650 2010 atque
687 1960 742 1998 ita
778 1973 854 1998 non
891 1961 1049 1999 alterius
1087 1960 1150 1999 dei
1187 1960 1299 2000 fidem
1338 1969 1459 2008 curat,

127 2029 248 2069 <quam
274 2017 482 2063 creatoris,
521 2015 621 2068 apud
653 2029 764 2068 quem
796 2025 836 2056 et
864 2025 998 2057 vetera
1025 2017 1232 2057 decessura
1257 2018 1461 2071 praedica-

134 2074 287 2128 bantur.
348 2074 471 2124 Igitur
502 2080 541 2112 et
573 2074 670 2124 legis
702 2073 914 2114 destructio
947 2083 986 2114 et
1017 2077 1208 2127 evangelii
1239 2075 1461 2115 aedificatio

63 2136 72 2144 ‘
135 2145 208 2185 pro
239 2144 298 2170 me
330 2131 477 2169 faciunt
507 2132 545 2169 in
578 2131 650 2168 ista
681 2144 829 2184 quoque
861 2134 1025 2185 epistola
1055 2133 1104 2171 ad
1130 2146 1213 2172 eam
1241 2131 1461 2172 Galatarum

135 2190 485 2240 praesumptionem
523 2188 778 2239 pertinentes,
817 2203 889 2242 qua
927 2191 1219 2242 praesumebant
1257 2191 1461 2236 Christum,

137 2253 181 2284 ut
203 2253 295 2297 puta
320 2246 509 2283 creatoris
534 2246 649 2287 salva,
666 2248 854 2286 creatoris
879 2248 967 2300 lege
994 2247 1240 2294 credendum,
1269 2247 1369 2299 quod
1396 2246 1464 2285 ad-

139 2303 214 2341 huc
250 2301 479 2340 incredibile
521 2301 886 2356 videretur‘legem
930 2318 950 2344 a
995 2319 1063 2344 suo
1108 2312 1268 2344 auctore
1306 2303 1462 2355 deponi.

139 2358 263 2398 Porro
301 2360 333 2396 si
365 2360 518 2397 omuino
550 2360 664 2398 alium
696 2359 807 2400 deum
832 2363 880 2401 ab
906 2363 1083 2414 apostolo
1110 2361 1324 2408 audissent,
1362 2361 1464 2399 ultro

234 2509 271 2548 1)
296 2509 366 2539 Has
380 2508 622 2548 inscriptiones
642 2519 662 2540 a
677 2510 826 2550 Rigaltio
845 2511 989 2541 omissas
1004 2513 1038 2542 et
1052 2513 1093 2542 ab
1113 2511 1190 2541 aliis
1210 2511 1304 2542 editt.
1325 2510 1358 2542 in
1373 2520 1464 2542 mar-

141 2557 221 2643 ⁸3⁰?
233 2555 410 2631 apppgitizg
426 2555 558 2594 placuit
578 2555 633 2586 hic
654 2558 688 2587 et
702 2559 823 2595 postea
843 2567 861 2588 e
875 2557 1032 2588 Rhenani
1045 2555 1256 2589 editionibus
1270 2557 1465 2591 restituere,

142 2604 164 2632 2
215 2610 284 2632 auc.
343 2624 352 2641 ‚
413 2624 422 2632 .

200 2659 401 2691 Tamum..
433 2660 488 2689 111.
1127 2653 1180 2690 17
