1566 2808
140 186 215 223 66
401 186 526 217 ADV.
561 185 924 216 MARCIONEM
958 185 1136 216 LIBER
1172 187 1197 217 1.

140 281 269 319 alieni.
304 278 396 318 Scio
423 277 614 324 dicturos,
647 278 776 329 atquin
802 277 900 318 hane
927 290 1011 316 esse
1037 278 1288 330 principalem
1313 284 1355 317 et
1377 290 1466 330 per·

141 339 282 377 fectam
307 336 535 385 bonitatem,
563 348 646 373 cum
673 336 754 373 sine
780 335 857 373 ullo
883 334 1014 374 debito
1040 336 1310 374 familiaritatis
1335 336 1373 374 in
1400 348 1468 374 ex-

141 403 298 434 traneos
339 394 556 432 voluntaria
598 399 638 430 et
680 393 803 432 libera
843 392 1068 440 effunditur,
1113 393 1468 446 secundumquam

142 453 319 491 inimicos
345 464 495 503 quoque
522 457 675 488 nostros
701 457 741 489 et
765 450 839 489 hoc
866 452 1018 490 nomine
1043 452 1117 489 iam
1150 459 1357 490 extraneos
1383 450 1470 489 dili-

143 522 237 561 gere
264 509 474 547 iubeamur.
523 507 630 546 xCum
663 521 759 559 ergo
791 521 868 546 non
900 522 923 546 a
953 507 1165 560 primordio
1191 509 1382 547 hominem
1407 520 1490 547 re·-

144 567 288 619 spexit‚
316 580 342 611 a·
363 564 574 618 primordio
601 573 839 612 extraneum,
867 565 1055 604 cessando
1082 565 1363 618 praeiudicavit
1387 579 1472 604 cum

145 631 332 663 extraneo
372 624 465 662 nihil
502 623 575 661 sibi
613 636 714 662 esse.
790 623 970 662 Ceterum
1009 622 1249 675 disciplinam
1283 621 1475 675 diligendi

146 689 370 721 extraneum
388 681 450 719 vel
470 681 661 720 inimicum
682 682 892 720 antecessit
910 688 1157 732 praeceptum
1179 680 1364 732 diligendi
1383 693 1475 733 pro-

144 739 285 790 ximum
313 746 486 790 tanquam
514 739 695 790 teipsum,
723 738 824 790 quod
851 739 924 776 etsi
950 752 1000 777 ex
1024 739 1112 789 lege
1139 740 1341 785 creatoris,
1370 745 1410 777 et
1434 744 1476 776 tu

148 809 297 850 quoque
335 795 428 834 illud
461 796 644 848 excipere
681 795 858 842 debebis,
897 802 939 833 ut
970 809 992 834 a
1025 795 1179 834 Christo
1217 810 1293 834 non
1325 795 1476 834 destru-

149 861 268 900 ctum,
308 852 376 892 sed
408 854 534 904 potiu's
567 860 816 891 exstructum.
878 852 976 891 Nam
1009 867 1083 904 quo
1115 855 1237 903 magis
1263 853 1476 905 proximum

148 910 305 962 diligas,
338 910 502 961 diligere
529 910 672 948 iuberis
704 911 897 948 inimicum
931 917 970 946 et
995 917 1232 947 extraneum.
1294 909 1477 962 Exagge-

148 969 248 1006 ratio
287 975 347 1006 est
384 966 537 1005 debitae
574 966 759 1004 bonitatis
797 966 952 1003 exactio
992 965 1201 1005 indebitae.
1263 965 1479 1007 Antecedit

149 1033 274 1064 autem
302 1024 433 1063 debita
458 1023 684 1070 indebitam,
718 1030 760 1061 ut
783 1024 1026 1075 principalis,
1059 1031 1102 1062 ut
1125 1023 1281 1076 dignior
1306 1025 1479 1063 ministra

150 1090 190 1121 et
222 1083 362 1121 comite
395 1095 480 1128 sua,
519 1081 558 1120 id
590 1089 649 1119 est
685 1079 871 1120 indebita.
934 1080 1046 1119 Prior
1070 1083 1207 1133 igitur,
1247 1095 1330 1120 cum
1357 1082 1479 1133 prima

149 1140 333 1178 bonitatis
359 1140 458 1177 ratio
485 1140 535 1177 sit
559 1140 597 1176 in
624 1151 703 1177 rem
730 1151 834 1176 suam
855 1138 1031 1176 exhiberi
1051 1152 1100 1177 ex
1124 1139 1282 1186 iustitia,
1309 1137 1481 1178 secunda

151 1203 278 1236 autem
309 1197 348 1234 in
373 1196 536 1234 alienam
563 1209 611 1234 ex
637 1194 891 1235 redundantia
922 1196 1089 1237 iustitiae
1116 1209 1232 1248 super
1258 1195 1480 1235 Scribarum

152 1261 193 1293 et
217 1254 531 1292 Pharisaeorum:
559 1253 670 1305 quale
697 1260 774 1299 est,
806 1252 1014 1291 secundam
1047 1255 1082 1292 ei
1109 1255 1297 1293 rationem
1322 1254 1479 1300 referri,

154 1312 215 1351 cui
242 1308 373 1349 deficit
404 1312 542 1363 prima,
581 1325 657 1348 uon
683 1310 840 1349 habenti
865 1311 1059 1362 proprium
1086 1311 1297 1359 hominem,
1337 1325 1383 1350 ac
1401 1323 1481 1364 xpel·

152 1369 228 1407 hoc
256 1381 408 1420 quoque
436 1370 599 1419 exiguae
615 1370 678 1415 ¹)?
725 1367 848 1406 Porro
875 1369 1028 1418 exigua,
1057 1382 1153 1421 quae
1180 1378 1286 1410 suum
1312 1375 1388 1407 n'on
1413 1369 1483 1407 ha-

153 1426 254 1472 buit,
282 1425 471 1477 quomodo
499 1427 536 1463 in
562 1425 726 1463 alienum
752 1424 1003 1463 redundavit?
1056 1426 1206 1465 Exhibe
1232 1427 1482 1478 principalem

154 1484 363 1530 rationem,
403 1490 443 1521 et
475 1490 563 1521 tunc
594 1482 748 1521 vindica
779 1490 1015 1534 sequentem.
1077 1483 1194 1522 Nulla
1219 1497 1282 1523 res
1308 1485 1392 1522 sine
1419 1496 1482 1522 or-

156 1538 244 1580 dine
270 1541 470 1578 rationalis
501 1547 630 1592 potest
658 1539 866 1587 vindicari,
905 1547 1012 1578 tanto
1037 1541 1165 1588 abest,
1203 1548 1244 1580 ut
1274 1542 1374 1580 ratio
1400 1542 1485 1593 ipsa

155 1599 194 1637 in
220 1598 347 1650 aliquo
380 1597 553 1636 ordinem
585 1599 745 1636 amittat.
814 1596 874 1636 Sit
903 1611 1002 1636 nunc
1035 1606 1074 1637 et
1105 1613 1125 1637 a
1159 1598 1328 1637 secundo
1361 1597 1485 1650 gradu

157 1656 347 1707 incipiens
373 1657 472 1694 ratio
499 1655 701 1701 bonitatis,
734 1655 772 1692 in
799 1663 1024 1694 extraneum
1049 1657 1220 1703 scilicet,
1248 1669 1320 1694 nee
1346 1669 1485 1694 secun-

159 1712 227 1751 dus
264 1713 320 1751 illi
363 1713 504 1764 gradus
546 1714 714 1751 ratione*
743 1713 936 1750 constabit
978 1713 1055 1751 alio
1092 1713 1206 1752 modo
1251 1713 1482 1752 destructus.

156 1770 263 1809 Tunc
296 1772 395 1809 enim
427 1771 627 1808 rationalis
659 1770 863 1808 habebitur
897 1770 959 1808 vel
990 1770 1160 1809 secunda
1190 1771 1229 1808 in
1261 1777 1486 1809 extraneum

157 1828 328 1874 bonitas,
356 1829 387 1866 si
413 1828 494 1866 sine
520 1828 658 1865 iniuria
684 1827 766 1865 eius
793 1834 994 1878 operetur,
1022 1829 1127 1866 cuius
1153 1835 1212 1866 est
1237 1840 1312 1867 res.
1347 1828 1487 1876 Quam-

160 1898 309 1936 cunque
341 1885 554 1923 bonitatem
584 1884 728 1923 iustitia
759 1885 880 1935 prima
912 1884 1028 1923 efficit
1052 1886 1292 1924 rationalem.
1353 1885 1420 1923 Sic
1446 1891 1488 1924 et

159 1942 197 1980 in
224 1943 425 1993 principali
451 1941 573 1992 gradu
599 1942 798 1980 rationalis
825 1943 917 1988 erit,
957 1956 1041 1980 cum
1068 1944 1106 1981 in
1137 1956 1218 1981 rem
1244 1956 1348 1981 suam
1375 1942 1486 1982 exhi-

159 1999 292 2045 betur,
331 2001 363 2037 si
400 2001 499 2037 iusta
536 2000 604 2046 sit;
643 1999 698 2037 sic
737 2005 776 2037 et
812 1999 850 2036 in
890 2006 1112 2038 extraneum
1139 2001 1339 2039 rationalis
1362 1999 1487 2040 videri

160 2058 323 2109 poterit,
362 2057 393 2094 si
426 2070 501 2094 non
538 2057 588 2094 sit
618 2057 770 2094 iniusta.
833 2056 1013 2094 Ceterum
1039 2058 1160 2109 qualis
1184 2058 1349 2104 bonitas,
1389 2069 1486 2109 quae

161 2127 233 2166 per
257 2115 430 2152 iniuriam
466 2121 637 2160 constat,
676 2120 716 2151 et
748 2112 899 2164 quidem
931 2127 1001 2165 pro
1033 2117 1248 2153 extraneo?
1306 2114 1487 2153 Fortasse

163 2172 263 2210 enim
289 2185 359 2223 pro
386 2170 599 2209 domestico
626 2171 865 2221 aliquatenus
891 2172 1090 2210 rationalis
1122 2172 1311 2211 habeatur
1334 2171 1488 2211 bonitas
1523 2175 1527 2177 ’

162 2230 361 2267 iniuriosa.
421 2228 498 2266 Pro
525 2236 712 2266 extraneo
742 2241 855 2275 vero,
890 2230 951 2266 cui
977 2242 1049 2267 nec
1075 2229 1197 2281 proba
1223 2230 1393 2281 legitime
1420 2228 1488 2268 de-

163 2286 340 2333 beretur,
390 2299 464 2338 qua
506 2286 656 2324 ratione
699 2292 774 2323 tam
818 2286 957 2324 iniusta
999 2288 1198 2326 rationalis
1235 2285 1490 2326 defendetur?

166 2343 265 2392 Quid
290 2344 390 2382 enim
415 2344 607 2390 iniustius,
647 2342 736 2394 quid
768 2344 931 2395 iniquius
963 2351 1004 2383 et
1033 2345 1261 2397 improbius,
1301 2357 1409 2397 quam
1434 2345 1489 2382 ita

165 2402 292 2440 alieno
318 2402 554 2440 benefacere
586 2413 718 2448 servo,
756 2408 798 2439 ut
823 2400 976 2440 domino
1010 2400 1213 2454 eripiatur,
1242 2409 1292 2450 ,ut
1316 2401 1382 2440 alii
1403 2401 1488 2439 vin-

260 2540 297 2583 1)
324 2542 430 2573 Rhen.
456 2541 507 2572 ed.
527 2542 550 2571 1.
577 2550 656 2572 non
682 2541 886 2572 habentis
904 2558 952 2565 —
971 2541 1166 2581 exiguae.
1216 2540 1329 2572 Latin.
1355 2542 1389 2571 et
1415 2539 1487 2580 Rig.

167 2596 248 2617 non
276 2587 455 2617 habenti
482 2605 520 2611 —
547 2587 742 2628 exiguae.
1004 2603 1007 2606 ·
