1604 2800
537 146 662 185 Μὶν.
699 146 989 180 PRAXEAN.
1339 153 1434 191 aa

102 236 231 277 Habet
254 239 455 285 rationem,
482 244 526 286 et·
547 250 631 277 cnm
656 239 807 277 unicum
834 237 945 292 deum
971 241 1115 287 statuit,
1147 248 1187 281 et
1212 256 1295 283 cum
1321 243 1431 294 dnos,

101 302 251 348 patrem
276 301 317 334 et
340 295 470 342 filium,
498 294 677 342 ostendit,
710 303 749 334 et
774 295 912 335 sufficit
936 297 1022 336 sibi.
1081 298 1216 341 Filium
1242 303 1433 343 nominari

101 352 150 392 ab
176 365 224 392 ea
249 359 412 392 constat.
473 351 590 391 Salvo
617 354 718 392 enim
745 353 823 392 filio
849 361 958 393 recte
983 356 1134 395 unicum
1161 356 1272 397 deum
1302 366 1432 411 potest

31 412 34 414 ’
102 407 399 458 determinasse,
431 410 539 450 cuius
568 417 630 450 est
652 411 765 449 filius.
824 411 914 450 Non
940 413 1040 452 enim
1066 412 1206 455 desiuit
1230 429 1335 463 esse,
1367 419 1432 470 qni

101 466 220 507 babet
243 467 374 514 fllium,
401 469 483 520 ipse
508 469 655 515 unicu5‚
682 481 751 507 suo
777 469 929 508 scilicet
954 471 1118 517 nomine,
1146 474 1323 524 quotiens
1347 475 1432 514 sine
1476 471 1479 473 ‘

102 523 181 564 lilio
201 526 397 565 nominatu
470 524 565 565 Sine
578 526 656 564 filio
671 533 796 570 autem
811 528 1039 575 nominatur,
1062 542 1146 567 cum
1164 530 1433 582 principaliter

101 580 380 628 determinatur
399 538 591 635 *iffi—prima
621 596 806 642 persona,
840 597 936 636 quae
968 593 1058 626 ante
1089 586 1157 626 filii
1182 601 1320 627 nomen
1345 597 1433 628 erat

100 639 372 692 proponenda,
405 642 492 693 quia
524 648 637 692 pater
665 648 754 680 ante
787 644 1056 693 cognoscitur,
1094 650 1135 683 et
1165 651 1254 696 post
1282 653 1432 697 patrem

99 695 200 737 filins
223 699 453 737 nominatur.
491 698 616 748 Igitur
639 712 733 737 unus
758 697 853 738 deus
877 707 1001 751 pater,
1027 708 1068 741 et
1091 701 1235 753 absque
1261 715 1309 741 eo
1334 704 1432 742 alins

99 767 179 794 non
202 761 274 794 est.
290 754 330 807 ¹)
381 754 490 803 Quod
517 756 599 806 ipse
625 755 796 794 inferens
821 769 897 797 non
923 757 1039 797 lilium
1064 765 1195 809 negat,
1221 759 1290 798 sed
1316 761 1431 799 alium

99 809 225 859 deum.
287 811 468 850 Ceterum
499 812 596 850 alius
621 825 644 850 a
668 818 778 863 patre
810 812 909 851 filius
938 827 1016 852 non
1041 821 1112 853 est.
1174 814 1350 867 Denique
1375 818 1433 854 in-

98 870 208 921 spice
224 870 433 921 ,sequentia
456 867 673 907 huiusmodi
697 870 1061 920 pronuntiationum,
1086 878 1127 910 et
1151 872 1323 911 invenies
1349 874 1433 912 fere.

43 938 48 941 ·
98 924 157 965 ad.
173 924 365 967 idolorum
391 926 634 964 factitatores
665 932 779 977 atque
812 926 1276 969 cultoresdefinitionem
1301 943 1434 969 earum

97 984 311 1036 pertinere,
342 990 385 1022 ut
408 981 687 1022 multitudinem
712 983 895 1022 falsorum
922 983 1082 1023 deornm
1106 986 1198 1024 nnio
1223 985 1432 1026 divinitatis

98 1039 284 1092 expellat,
310 1039 456 1079 habens
480 1046 608 1078 tamen
633 1040 764 1085 filium,
791 1047 932 1090 quanto
958 1039 1190 1080 individuum
1216 1050 1258 1081 et
1280 1044 1432 1095 insepa-

97 1103 222 1137 ratum
247 1110 270 1136 a
293 1103 424 1149 patre,
444 1094 562 1135 *tanto
588 1097 626 1134 in
651 1103 762 1148 patre
792 1096 1063 1148 reputandum,
1097 1099 1170 1137 etsi
1202 1107 1278 1137 non
1310 1102 1432 1139 nomi-

98 1161 245 1194 natum.
306 1153 450 1206 Atquin
475 1154 507 1192 si
532 1153 768 1192 nominasset
790 1153 907 1201 illum,
940 1163 1171 1206 separasset,
1197 1157 1252 1195 ita
1277 1155 1430 1197 dicens:

99 1211 390 1264 aliusvpraeter
420 1224 479 1250 me
511 1224 588 1249 non
619 1218 696 1258 est,
734 1211 807 1249 nisi
844 1211 943 1250 filins
979 1225 1099 1251 meus.
1170 1213 1299 1252 Alium
1330 1215 1432 1254 enim

101 1270 217 1309 etiam
242 1268 360 1314 filium
383 1269 555 1315 fecisset,
588 1281 698 1320 quem
723 1266 883 1307 de·aliis
907 1271 1139 1321 excepisset.
1189 1269 1286 1309 Puta
1310 1272 1433 1311 solem

99 1324 254 1365 dicere:
291 1339 367 1377 ego
399 1326 477 1373 sol,
515 1332 556 1364 et
584 1326 681 1364 allus
713 1332 871 1377 praeter
894 1339 955 1366 me
981 1340 1056 1364 uon
1083 1334 1160 1373 est,
1197 1329 1271 1367 nisi
1302 1327 1432 1367 radius

98 1396 226 1432 meu-⁴13
257 1396 385 1422 nonne
417 1382 643 1422 denotasset
670 1384 896 1430 vanitatem,
928 1384 1036 1435 quasi
1067 1397 1144 1425 non
1174 1391 1215 1422 et
1238 1383 1368 1424 radius
1393 1387 1433 1424 in

98 1441 182 1481 sole
207 1440 439 1493 deputetur?
470 1440 603 1492 ltaque
629 1447 787 1491 praeter
809 1447 934 1479 semet
956 1442 1077 1492 ipsum
1102 1454 1180 1480 non
1205 1446 1292 1481 esse
1316 1443 1433 1481 alium

99 1496 227 1546 deum,
251 1498 335 1539 boc>
353 1504 512 1550 propter
536 1496 794 1541 idololatriam
815 1504 890 1536 tam
909 1499 1105 1536 nationum
1122 1511 1236 1550 quam
1257 1498 1431 1545 lsraelis;

98 1557 215 1600 etiam
239 1562 402 1607 propter
426 1555 660 1602 haereticos,
688 1555 764 1606 qui,
790 1555 891 1593 sicut
910 1556 1088 1594 nationes
1108 1556 1292 1602 manibus,
1319 1557 1373 1596 ita
1390 1564 1435 1602 et

97 1613 171 1666 ipsi
201 1613 331 1665 verbis
362 1611 467 1651 idola
502 1612 760 1658 fabricantur,
798 1611 836 1649 id
868 1619 927 1650 est
958 1613 1072 1650 alium
1105 1611 1216 1650 deum
1247 1620 1287 1650 et
1317 1613 1434 1652 alium

99 1669 305 1709 Christum.
365 1669 489 1719 Igitur
512 1676 553 1706 et
577 1680 661 1706 cum
686 1681 729 1706 se
755 1681 865 1705 unum
880 1667 1181 1718 pronuntiabat,
1215 1668 1295 1707 filio
1319 1676 1434 1720 pater

96 1725 433 1778 procurabanne
464 1724 512 1762 ab
538 1725 615 1762 alio
642 1723 716 1762 deo
741 1723 917 1761 Christus
947 1725 1099 1762 venisse
1131 1723 1434 1771 credatur,.sed

98 1783 147 1822 ab
172 1783 260 1829 illo,
292 1782 356 1833 qui
387 1780 655 1832 praedixerat:
688 1793 763 1830 ego
796 1779 889 1818 deus
914 1787 955 1818 et
978 1781 1075 1819 alius
1099 1780 1243 1832 absque
1269 1795 1329 1821 me
1349 1795 1432 1824 non

99 1846 172 1886 est,
185 1840 227 1887 ²)
253 1840 317 1891 qni
342 1851 383 1876 se
408 1838 574 1884 unicum,
600 1835 670 1875 sed
689 1850 774 1875 cum
789 1837 869 1875 filio
884 1836 1065 1884 ostendit,
1093 1851 1176 1876 cum
1191 1851 1266 1890 quo
1281 1839 1431 1879 coelum

98 1897 204 1936 solus
228 1894 416 1936 extendit.
430 1896 467 1942 3)

217 1956 283 1996 19.
346 1953 445 2000 Quin
469 1958 509 1991 et
539 1951 614 1990 hoc
646 1949 790 1990 dictum
822 1952 904 1990 eius
936 1952 976 1990 in
1006 1960 1269 2003 argumentum
1300 1954 1431 2004 singn-

100 2011 266 2050 latitatis
289 2010 495 2062 arripient:
534 2007 710 2055 extendi,
740 2010 874 2061 inquit,
908 2009 1058 2048 coelum
1083 2011 1199 2049 solus.
1213 2012 1252 2058 ⁴)
1304 2010 1431 2058 Quan-

100 2075 179 2108 tum
209 2067 260 2107 ad
290 2075 446 2107 ceteras
482 2067 661 2113 virtutes,
698 2067 801 2105 solus
837 2073 1084 2118 praestruens
1120 2067 1305 2107 adversus
1337 2081 1432 2106 con—

100 2127 270 2165 iecturas
289 2125 588 2171 haeretieorum,
609 2124 671 2175 qui
690 2123 866 2163 mnndum
887 2124 935 2163 ab
955 2125 1104 2176 angelis
1117 2132 1158 2164 et
1176 2124 1431 2176 potestatibus

101 2181 265 2222 diversis
277 2183 409 2221 volunt
428 2188 626 2227 structum,
653 2181 716 2232 qui
735 2188 777 2220 et
795 2182 916 2233 ipsum
935 2189 1153 2221 creatorem
1173 2189 1239 2220 ant
1251 2181 1431 2231 angelum

100 2241 267 2287 faciunt,
305 2246 371 2278 ant
405 2238 456 2278 ad
491 2239 592 2285 alia,
630 2251 727 2289 quae
763 2239 1021 2285 extrinsecus,
1058 2246 1101 2278 nt
1137 2251 1256 2290 opera
1287 2237 1429 2283 mundi,

103 2299 345 2349 ignorantem
377 2309 526 2348 quoque
558 2295 817 2334 subornatum.
883 2294 963 2334 Aut
993 2297 1024 2334 si
1056 2296 1111 2334 sic
1143 2296 1246 2333 solus
1279 2294 1430 2332 coelum

104 2354 297 2401 extendit,
330 2352 521 2406 quomodo
552 2354 615 2391 isti
647 2360 893 2404 praesumunt
916 2354 954 2390 in
979 2365 1199 2404 perversum
1227 2352 1427 2396 haeretici,

104 2413 213 2465 quasi
250 2412 454 2463 singularis
490 2424 566 2449 non
603 2408 827 2448 admittatur
864 2408 1009 2461 Sophia
1045 2410 1110 2447 illa
1147 2408 1299 2448 dicens:
1345 2421 1429 2447 cum

199 2511 424 2583 1)1es'.45,5.
498 2538 724 2578 2)1es.45‚5.
745 2538 796 2566 18.
823 2537 921 2577 44‚o.
1003 2536 1254 2575 3)1es.44‚24.
1327 2534 1428 2574 wib.
