1566 2808
107 207 176 245 SS
365 207 490 240 ADV.
526 205 895 240 MARCIONEM
930 206 1107 238 LIBER
1141 207 1182 239 11.

106 301 183 341 him
209 300 355 352 positus
380 300 418 338 in
445 306 573 338 monte
600 306 736 338 sancto
763 298 844 347 dei,
872 298 911 338 id
937 301 1058 339 estin
1085 299 1318 338 sublimitate
1345 311 1439 339 coe-

107 359 215 404 lesti,
255 356 302 395 de
341 370 414 408 qua
446 364 605 395 satanan
639 356 814 395 dominus
853 370 1002 409 quoque
1035 356 1228 397 decidisse
1260 363 1436 405 testatur,

107 429 180 454 nec
206 415 308 453 inter
332 413 481 466 lapides
507 415 643 465 igneos
675 413 913 466 demoratus,
946 416 1048 453 inter
1073 421 1309 465 gemmantes
1334 414 1438 454 side-

107 487 189 512 rum
215 471 430 510 ardentium
456 471 599 518 radios,
626 470 726 509 unde
753 473 867 509 etiam
895 473 1000 524 quasi
1027 473 1155 523 fulgur
1179 472 1353 511 deiectus
1378 480 1439 512 est

108 538 260 569 satanas
275 531 326 578 1).
390 528 469 568 Sed
500 530 581 581 ipse
614 535 752 567 auctor
784 528 917 567 delicti
949 530 986 567 in
1018 543 1185 581 persona
1215 531 1439 582 peccatoris

107 589 181 627 viri
206 586 482 634 denotabatur,
521 594 630 625 retro
658 585 808 638 quidem
835 587 1141 638 invituperabilis
1166 600 1189 625 a
1214 586 1276 626 die
1303 587 1438 626 condi-

107 646 225 684 tionis
251 658 362 692 suae,
389 659 410 683 a
437 644 511 683 deo
538 645 576 682 in
602 644 741 683 bonum
768 643 964 691 conditus,
993 651 1033 682 ut
1057 658 1080 683 a
1103 644 1206 683 bono
1234 643 1438 684 conditore

109 703 459 755 invituperabilium
493 701 772 748 conditionum,
811 709 850 740 et
882 702 1056 741 excultus
1088 702 1187 740 omni
1220 703 1346 754 gloria
1371 715 1440 741 an-

111 760 257 812 gelica,
296 767 336 798 et
360 758 459 812 apud
487 758 599 797 deum
626 760 873 806 constitutus,
914 772 986 811 qua
1011 759 1134 797 bonus
1159 759 1437 812 apudbonum,

109 825 246 871 postea
281 831 374 856 vero
413 831 436 855 a
472 818 679 868 semetipso
723 817 929 854 translatus
967 817 1005 854 in
1043 817 1193 855 malum.
1266 817 1327 856 Ex
1362 831 1438 869 quo

111 877 230 922 enim,
263 876 403 927 inquit,
443 881 703 927 apparuerunt
727 874 902 912 laesurae
928 881 1036 920 tuae,
1069 875 1125 912 illi
1151 887 1217 912 eas
1242 874 1457 926 reputans(

111 933 244 986 quibus
271 934 423 971 scilicet
443 933 556 971 laesit
579 932 770 970 hominem
798 932 962 970 electum
989 931 1036 969 ad
1064 931 1127 970 dei
1153 931 1437 984 obsequium²)‚

110 998 224 1030 etex
254 991 320 1029 illo
353 990 531 1042 deliquit,
571 1003 620 1029 ex
652 1003 725 1041 quo
759 989 940 1028 delictum
973 990 1193 1036 seminavit,
1232 997 1345 1042 atque
1367 991 1440 1029 (ita

111 1047 254 1088 exinde
291 1048 587 1100 negotiationis,
633 1047 672 1086 id
710 1054 769 1085 cst
794 1048 983 1094 malitiae,
1029 1060 1120 1086 suae
1158 1047 1438 1086 multitudinem

111 1106 306 1152 exercuit,
346 1105 576 1144 delictorum
609 1105 762 1143 scilicet
793 1112 833 1143 et
863 1106 1110 1153 censuun13),
1149 1118 1226 1143 non
1252 1106 1373 1144 minus
1399 1112 1440 1144 et

110 1165 192 1215 ipse
220 1163 332 1201 liberi
358 1163 508 1200 arbitrii
534 1163 748 1208 institutus,
778 1167 827 1199 ‘ut
851 1163 1019 1213 spiritus.
1081 1161 1192 1200 Nihil
1218 1163 1317 1201 enim
1344 1161 1440 1201 deus

109 1221 323 1274 proximum
361 1220 433 1258 sibi
471 1233 546 1258 non
584 1219 764 1257 libertate
803 1217 990 1257 eiusmodi
1028 1217 1263 1258 ordinasset:
1319 1219 1439 1268 Quem

111 1286 238 1326 tamen
264 1285 303 1316 et
329 1276 641 1329 praedamnando
670 1284 829 1315 testatus
862 1284 922 1315 est
952 1276 999 1315 ab
1018 1277 1284 1316 ‘institutionis
1315 1278 1441 1316 forma

110 1335 269 1375 libidine
302 1336 461 1387 propria
500 1342 715 1386 conceptae
753 1335 855 1373 ultro
888 1335 1057 1372 malitiae
1095 1335 1358 1382 exorbitasse,
1397 1340 1438 1374 el:

111 1399 365 1431 commeatum
399 1393 688 1443 operationibus
721 1392 802 1430 eius
834 1390 1080 1430 admetiendo
1113 1388 1301 1431 ration‘em
1326 1393 1440 1431 boni-

111 1451 201 1489 tatis
227 1463 318 1488 suae
345 1451 437 1501 egit,
466 1448 605 1488 eodem
633 1449 794 1494 consilio
822 1447 1006 1487 differens
1033 1450 1328 1500 exstinctionem
1355 1448 1439 1488 dia-

109 1508 208 1554 boli,
260 1521 334 1559 quo
373 1508 536 1558 hominis
574 1507 870 1545 restitutionem.
945 1506 1155 1545 Certamini
1193 1508 1295 1546 enim
1331 1507 1440 1547 dedit

110 1566 290 1617 spatium,
329 1572 370 1603 ut
406 1571 447 1603 et
477 1565 590 1602 homo
624 1564 760 1603 eadem
786 1564 937 1602 arbitrii
968 1564 1147 1605 libertate
1174 1563 1341 1604 elideret
1365 1566 1437 1604 ini-

109 1624 267 1669 micum,
307 1636 380 1674 qua
410 1621 632 1662 succiderat
655 1623 729 1669 illi,¹
768 1621 936 1674 probans
968 1635 1093 1669 suam,
1132 1635 1208 1660 non
1234 1622 1317 1670 dei,
1340 1623 1439 1661 *cul-.

110 1693 231 1732 pam,-
252 1687 292 1718 et
328 1681 382 1718 ita
413 1680 573 1719 salutem
607 1677 722 1731 digne
753 1692 823 1731 per
852 1680 1054 1717 victoriam
1086 1687 1358 1732 recuperaret,
1398 1687 1439 1720 et

110 1737 285 1775 diabolus
312 1738 476 1789 amarius
508 1738 709 1788 puniretur
733 1737 780 1775 ab
807 1750 870 1784 eo,
897 1749 1006 1788 quem
1026 1737 1192 1775 eliserat
1216 1745 1305 1776 ante
1332 1737 1439 1777 ‹levi-

110 1802 214 1841 ctus,
242 1802 281 1833 et
306 1794 401 1833 deus
427 1802 533 1833 tanto
560 1796 681 1846 magis
705 1794 830 1833 bonus
856 1795 1113 1841 inveniretur,
1151 1796 1344 1837 sustinens
1366 1796 1437 1836 ho-

109 1852 246 1890 minem
280 1853 552 1903 gloriosiorem
589 1853 627 1890 in
658 1850 876 1904 paradisum
909 1851 958 1890 ad
990 1853 1185 1891 licentiam
1218 1843 1435 1906 decerpen-

112 1908 184 1948 dae
210 1910 362 1948 arboris
387 1911 488 1949 vitae
515 1911 590 1948 iam
617 1909 664 1948 de
690 1911 768 1949 vita
794 1923 1072 1960 regressurum.

227 1972 292 2008 11.
344 1967 467 2017 Igitur
491 1980 609 2018 usque
635 1966 683 2005 ad
710 1967 891 2014 delictum
918 1967 1080 2006 hominis
1101 1966 1201 2007 ‘deus
1225 1969 1438 2020 apl-imor-

108 2023 173 2063 dio
198 2030 342 2063 tantum
368 2024 509 2071 bonus,
547 2024 690 2063 exinde
721 2024 837 2062 iudex
862 2031 901 2062 et
927 2038 1102 2071 severus,
1141 2032 1181 2064 et
1206 2025 1315 2077 quod*
1331 2025 1437 2065 Mar-

109 2082 278 2122 cionitae
304 2082 454 2129 volunt,
482 2095 631 2121 saevus.
683 2081 820 2120 Statim
846 2082 984 2120 mulier
1007 2083 1046 2121 in
1071 2080 1270 2122 doloribus
1295 2097 1435 2135 parere

108 2146 149 2178 et
171 2140 258 2178 viro
284 2140 431 2178 servire
464 2138 667 2178 damnatur
678 2141 739 2189 4),
778 2139 847 2179 sed
881 2153 977 2191 quae
1010 2147 1111 2179 ante.
1130 2141 1213 2179 sine
1234 2141 1318 2179 ulla
1343 2152 1438 2180 cun·

106 2197 327 2236 tristatione
357 2210 429 2249 per
460 2196 773 2236 benedictionem
806 2198 1084 2236 incrementum
1116 2198 1437 2249 generisssaudie‘-⁴

107 2261 186 2293 rat:
214 2256 381 2294 crescite
406 2262 551 2294 tantum
577 2262 617 2294 et
641 2255 962 2307 multiplicamini3
988 2254 1064 2307 ⁴sed
1093 2268 1194 2307 quae
1210 2251 1437 2295 {wadium-

107 2313 204 2351 rium
240 2313 431 2360 masculo,
469 2325 546 2351 non
582 2314 621 2351 in
651 2313 849 2351 servitium
876 2313 1005 2351 fuerat
1030 2312 1241 2352 destinata.⁴
1298 2309 1435 2358 Statim

108 2376 147 2408 ct
171 2377 276 2410 terra
301 2369 545 2410 maledicitur
557 2372 609 2421 5),
648 2370 717 2409 sed
743 2380 831 2410 ante
855 2369 1078 2409 benedicta.
1140 2369 1278 2414 Statim
1302 2371 1434 2410 tribuli

199 2472 238 2517 1)
263 2476 346 2506 Luc.
373 2477 427 2516 10,
456 2477 511 2506 18.
606 2475 643 2515 2)
671 2475 747 2506 Sic
755 2477 844 2508 coni.
870 2472 1037 2506 Latinius.
1081 2464 1189 2518 Rhen.
1207 2474 1258 2505 ed.
1278 2475 1302 2505 1.
1327 2474 1433 2509 hom.

107 2521 294 2550 ‘electum
322 2530 342 2551 a.
368 2522 436 2552 dei
462 2521 679 2560 obsequio.
729 2522 930 2563 Ciaconius,
955 2522 1045 2563 mg„
1072 2521 1194 2555 Seml:
1219 2521 1320 2558 honi.
1346 2521 1432 2552 eie·

107 2570 218 2652 {51:5¹1
244 2567 354 2642 83ᾱὶὲί
379 2568 598 2608 obsequio·
693 2566 732 2610 3)
757 2568 832 2608 Rig.
858 2577 1070 2600 sensuum.
1162 2567 1200 2607 4)
1227 2568 1310 2598 Gen.
1324 2568 1356 2608 3,
1378 2569 1432 2599 16.

197 2621 248 2642 eu.
289 2633 298 2652 ,
337 2615 366 2642 8.
