1604 2800
589 193 664 224 DE
694 190 895 224 AN1MA.
1313 192 1416 231 ιω

82 285 249 333 scilicet,
282 285 371 338 quia
397 285 701 337 contingentium
726 286 929 325 veritatem
955 283 1058 324 illam
1083 297 1263 324 arcanam
1289 292 1330 325 et
1353 300 1415 326 su-

70 356 240 397 pernam
260 350 302 382 et
319 341 420 395 apud
444 343 618 395 pleroma
643 344 902 390 constitutam,
934 342 1217 382 haereticarum
1242 342 1415 384 idearum

80 408 342 449 sacramenta3
373 400 449 439 hoc
480 401 580 439 enim
613 408 701 440 sunt
732 401 865 447 αἰῶνες
896 407 936 439 et
966 400 1222 452 genealogiae
1247 401 1413 441 illorum.

79 457 215 510 Itaque
239 465 281 498 et
304 471 456 498 sensum
483 457 666 505 dividunt,
699 465 739 497 et
763 458 1087 498 intellectualibus
1113 457 1263 510 quidem
1289 472 1313 498 a
1337 460 1416 511 spi-

79 516 185 555 ritali
209 529 279 555 suo
305 516 464 562 semine,
491 516 729 555 sensualibus
742 529 836 555 vero
857 516 904 555 ab
925 516 1092 563 animali,
1118 517 1207 568 quia
1225 517 1415 568 spiritalia

80 573 186 612 nullo
217 572 333 612 modo
365 574 495 625 capiat
531 580 572 612 et
601 575 702 613 illius
735 573 886 626 quidem
919 586 1004 612 esse
1036 573 1264 621 invisibilia,
1304 574 1415 613 huius

78 643 174 670 vero
203 631 372 670 visibilia
396 637 437 670 et
461 631 617 670 humilia
643 638 684 670 et
708 632 953 684 temporalia,
993 644 1090 683 quae
1123 644 1239 670 sensu
1271 643 1416 671 conve-

78 689 234 727 niantur
258 689 296 727 in
322 688 551 739 imaginibus
585 690 808 728 constituta.
877 687 933 728 Ob
966 688 1063 728 haec
1096 701 1192 740 ergo
1217 695 1417 741 praestru-

76 746 202 784 ximus
233 759 358 798 neque
396 746 561 784 animum
592 745 696 784 aliud
728 745 818 797 quid
850 758 955 793 esse,
995 759 1106 798 quam
1142 747 1293 785 animae
1324 759 1417 797 sug-

78 809 228 854 gestum
246 809 296 841 'et
318 809 523 849 structum,
556 815 680 854 neque
711 804 883 854 spiritum
910 809 1137 842 extraneum
1163 802 1272 854 quid,
1304 815 1416 855 quam

78 858 182 912 quod
206 867 247 899 et
270 861 354 912 ipsa
377 873 450 911 per
473 861 615 898 flatum.
678 859 859 898 Ceterum
891 860 1111 898 accessioni
1143 859 1415 911 deputandum,

78 914 182 970 quod
206 924 274 956 aut
300 916 394 956 deus
419 924 557 970 postea
582 924 648 955 aut
672 916 848 956 diabolus
873 916 1104 969 adspiraret.
1165 917 1216 956 Et
1240 931 1340 957 nunc
1365 917 1418 957 ad

77 974 337 1015 differentiam·
361 975 591 1014 sensualium
613 982 654 1013 et
671 975 988 1013 intellectualium
1014 988 1091 1013 non
1116 973 1221 1014 aliud
1246 975 1418 1014 admitti·

77 1045 178 1080 mus,
207 1046 321 1085 quam
352 1045 480 1071 rerum
512 1032 774 1078 diversitates,
814 1032 1072 1082 corporalium
1103 1038 1144 1070 et
1173 1033 1414 1084 spiritalium,

19 1092 24 1097 '
75 1090 282 1129 visibilium
304 1096 345 1128 et
368 1089 631 1135 invisibilium,
664 1088 943 1140 publicatarum
969 1095 1010 1127 et
1034 1101 1280 1135 arcanarum,
1313 1088 1418 1141 quod

77 1146 168 1185 illae
206 1148 362 1192 sensui,
406 1147 502 1184 istae
540 1146 754 1184 intellectui
793 1145 1069 1192 attribuantur,
1113 1145 1213 1197 apud
1251 1146 1417 1184 animam

77 1210 206 1242 tamen
232 1210 273 1242 et
297 1204 380 1243 istis
406 1211 446 1241 et
470 1204 544 1242 illis
570 1203 757 1255 obsequio
784 1202 994 1255 deputatis,
1028 1214 1127 1255 quae
1157 1202 1319 1254 perinde
1343 1215 1415 1255 per

79 1274 220 1313 corpus
241 1261 462 1312 corporalia
482 1261 636 1307 sentiat,
664 1259 978 1312 quemadmodum
1004 1273 1076 1312 per
1100 1261 1262 1299 animum
1284 1261 1415 1298 incor-

77 1319 230 1371 poralia
253 1319 458 1370 intelligat,
485 1318 591 1357 salvo
618 1331 679 1365 eo,
708 1325 748 1356 ut
774 1319 889 1357 etiam
914 1319 1067 1364 sentiat,
1100 1316 1187 1356 dum
1213 1318 1411 1368 intelligit.

76 1375 168 1415 Non
199 1376 300 1415 enim
331 1383 373 1414 et
402 1376 546 1414 sentire
578 1376 798 1427 intelligere
829 1382 907 1422 est,
946 1382 987 1413 et
1016 1375 1237 1426 intelligere
1268 1375 1415 1413 sentire

78 1435 163 1472 est?
175 1435 212 1482 ι)
244 1451 249 1455 ·
278 1432 359 1472 Aut
390 1432 480 1485 quid
506 1433 582 1472 erit
611 1446 765 1479 sensus,
803 1434 877 1471 nisi
909 1433 991 1471 eius
1016 1433 1094 1479 rei,
1127 1445 1225 1484 quae
1251 1433 1416 1470 sentitur

76 1491 323 1530 intellectus?
360 1490 457 1539 Quid
484 1492 560 1529 erit
584 1491 817 1537 intellectus,
844 1490 916 1528 nisi
943 1491 1025 1528 eius
1050 1490 1120 1536 rei,
1148 1502 1245 1541 quae
1271 1489 1416 1527 intelli-

77 1549 354 1600 gitursensus?
386 1547 495 1587 Unde
521 1549 596 1586 ista
621 1555 812 1587 tormenta
839 1546 1072 1586 cruciandae
1098 1547 1354 1599 simplicitatis
1374 1554 1418 1586 et

75 1604 369 1658 suspendendae
406 1607 609 1644 veritatis?
664 1606 756 1653 Quis
793 1605 885 1644 mibi
922 1604 1122 1643 exhibebit
1151 1617 1303 1643 sensum
1336 1617 1412 1642 non

76 1663 358 1715 intelligentem
390 1662 493 1714 quod
524 1663 660 1709 sentit,
700 1670 766 1700 aut
801 1662 1040 1700 intellectum
1073 1673 1150 1698 non
1181 1662 1412 1700 sentientem

77 1719 180 1773 quod
211 1720 413 1770 intelligit,
445 1726 488 1757 ut
517 1719 658 1770 probet
688 1719 850 1757 alterum
881 1719 964 1756 sine
990 1718 1115 1755 altero
1127 1717 1166 1764 2>
1193 1719 1334 1769 posse?
1370 1715 1413 1755 Si

77 1777 299 1828 corporalia
320 1775 470 1827 quidem
490 1777 718 1821 sentiuntur,
745 1775 1004 1826 incorporalia
1024 1786 1118 1812 vero
1133 1775 1413 1824 intelliguntur,

78 1846 206 1872 rerum
221 1845 367 1884 genera
381 1831 534 1870 diversa
553 1839 652 1877 sunt,
674 1845 749 1870 non
770 1831 963 1870 domicilia
978 1844 1111 1870 sensus
1125 1838 1164 1870 et
1177 1831 1412 1878 intellectus,

77 1889 117 1929 id
142 1897 215 1937 est,
240 1903 317 1928 non
343 1890 468 1928 anima
494 1896 535 1927 et
558 1890 718 1929 animus.
758 1887 931 1940 Denique
951 1901 974 1927 a
993 1902 1068 1940 quo
1087 1889 1305 1928 sentiuntur
1323 1901 1412 1928 cor·-

78 1948 255 2001 poralia?
283 1948 316 1986 si
341 1947 389 1985 ab
414 1948 552 1992 anima,
579 1959 675 1997 ergo
699 1946 774 1984 iam
796 1953 836 1984 et
854 1946 1040 1985 sensualis
1065 1953 1125 1985 est
1148 1947 1308 1993 animus,
1334 1959 1412 1984 non

77 2012 224 2044 tantum
243 2005 531 2050 intellectualis,
559 2017 644 2042 nam
670 2002 756 2042 dum
784 2004 979 2055 intelligit,
1005 2004 1135 2048 sentit,
1163 2004 1251 2055 quia
1274 2004 1308 2042 si
1333 2016 1410 2041 non

77 2064 210 2110 sentit,
236 2075 309 2101 nee
335 2063 529 2113 intelligit,
557 2062 587 2098 si
614 2074 706 2100 vero
727 2061 775 2100 ab
796 2062 922 2100 anima
942 2061 1162 2114 corporalia
1181 2061 1410 2108 sentiuntur,

77 2121 154 2159 iam
171 2133 269 2170 ergo
289 2127 330 2158 et
349 2120 568 2158 intellectus
593 2126 653 2157 est
676 2119 733 2158 vis
757 2120 920 2166 animae,
947 2133 1024 2158 non
1044 2125 1189 2158 tantum
1210 2118 1409 2165 sensualis,

79 2189 166 2215 nam
192 2175 278 2214 dum
306 2178 435 2222 sentit,
463 2176 657 2227 intelligit,
685 2177 772 2228 quia
797 2177 831 2216 si
855 2189 932 2215 non
958 2177 1154 2228 intelligit,
1180 2189 1253 2214 nec
1279 2175 1412 2214 sentit.

79 2232 248 2273 Proinde
273 2247 296 2272 a
322 2247 396 2286 quo
421 2234 688 2284 intelliguntur
716 2234 1003 2285 incorporalia?
1038 2235 1070 2272 si
1095 2233 1143 2272 ab
1169 2234 1314 2279 animo,
1344 2231 1411 2270 ubi

79 2292 156 2330 erit
180 2292 331 2329 anima?
360 2292 392 2329 si
417 2291 465 2329 ab
491 2292 629 2337 anima,
660 2290 726 2329 ubi
751 2292 828 2330 erit
851 2292 1022 2330 animus?
1082 2290 1188 2338 Quae
1219 2290 1320 2328 enim
1351 2287 1411 2331 di-

79 2355 194 2395 stant,
221 2348 358 2387 abesse
378 2349 540 2387 invicem
562 2347 716 2394 debent,
744 2361 828 2387 cum
849 2349 926 2387 suis
944 2347 1164 2386 muneribus
1186 2352 1407 2398 operantur.

79 2406 236 2445 Putabis
262 2405 413 2458 quidem
439 2406 575 2444 abesse
601 2406 763 2444 animum
789 2405 838 2444 ab
863 2406 1006 2453 anima,
1038 2406 1071 2444 si
1103 2402 1255 2456 quando
1280 2404 1407 2443 animo

173 2546 211 2585 1)
226 2546 477 2577 CodAVouwa
503 2551 543 2575 et
569 2544 820 2584 intelligere
843 2553 926 2575 non
943 2543 1106 2574 sentite
1121 2543 1195 2574 eat.
1273 2539 1311 2584 2)
1326 2541 1407 2572 cod.

82 2592 206 2630 Agob.:
231 2592 415 2622 alterum
441 2600 490 2622 ex
508 2591 659 2622 altero.

141 2644 339 2680 'ri-tarum„
372 2649 426 2680 lv.
1057 2636 1109 2674 13
