1604 2800
569 188 693 221 anv.
729 189 1002 224 iunAEos.
1356 189 1454 229 3²1

131 278 334 320 evidenter
368 278 575 328 ediximus,
612 289 820 335 propterea
851 291 891 323 et
920 283 1057 323 Daniel
1093 282 1237 336 signari
1271 284 1456 324 visionem

131 345 173 377 et
206 337 423 391 propheten
467 336 646 386 dicebat,
696 341 873 392 quoniam
912 341 1084 380 Christus
1126 348 1185 380 est
1220 342 1460 392 signaculum

132 396 296 434 omnium
322 395 610 448 prophetarum,
635 396 846 449 adimplens
872 400 997 437 omnia
1025 412 1120 450 quae
1146 405 1252 437 retro
1272 406 1385 437 erant
1408 397 1457 436 de

131 465 181 491 eo
206 454 398 499 nuntiata,
431 461 518 505 post
550 455 649 492 enim
681 454 881 494 adveutum
915 458 996 494 eius
1029 463 1069 494 et
1093 457 1307 508 passionem
1340 457 1457 507 ipsius

130 511 206 549 iam
231 524 308 549 non
331 511 430 549 visio
456 524 580 563 neque
605 513 827 564 prophetes.
884 511 993 552 Unde
1020 513 1231 552 firmissime
1258 512 1365 559 dicit,
1390 510 1459 550 ad-

130 574 283 607 ventum
315 569 398 607 eius
429 569 583 619 signare
614 570 732 608 visum
765 578 804 609 ct
832 571 1089 622 prophetiam.
1159 570 1292 622 Itaque
1329 576 1460 607 osten-

95 653 101 658 ·
132 623 269 665 dentes
299 632 348 677 et*
370 639 566 664 numerum
603 640 787 666 annorum
820 635 861 666 et
892 635 1039 680 tempus
1070 627 1176 666 LXII
1209 634 1249 666 et
1280 625 1459 664 dimidiae

129 681 456 722 hebdomadarum
482 683 785 736 adimpletarum,
812 685 1054 737 probavimus
1073 693 1162 723 tunc
1181 686 1332 723 venisse
1349 683 1460 722 Chri·

130 747 243 787 stum,
269 739 307 778 id
327 747 388 779 est
406 748 547 788 natum,
574 749 614 780 et
638 749 783 794 septem
799 744 834 790 ¹)
863 751 903 781 et
922 742 1100 781 dimidiae
1121 740 1459 785 hebdomadarum,

133 810 231 850 quae
249 804 337 837 sunt
354 797 572 836 subdivisae
587 800 625 836 in
639 799 913 838 abscissionem
934 801 1102 851 priorum
1124 796 1461 841 hebdomadarum,

130 856 234 894 intra
258 867 356 907 quae
381 861 556 906 tempora
581 868 732 906 passum
764 855 1000 894 ostendimus
1025 856 1236 899 Christum,
1269 861 1384 905 atque
1410 854 1463 890 ita

130 911 240 951 LXX
263 910 568 950 hebdomadibus
594 911 787 950 conclusis
812 918 852 950 et
877 913 1033 950 civitate
1060 912 1314 950 exterminata
1339 917 1379 948 et
1403 922 1464 947 sa-

134 968 321 1008 crificium
348 975 389 1006 et
411 969 632 1006 unctionem
666 967 805 1006 exinde
838 981 1006 1007 cessare.
1086 966 1234 1006 Sufficit
1269 967 1463 1017 hucusque

133 1025 183 1065 dc
201 1025 262 1064 his
279 1026 432 1063 interim
455 1024 628 1063 ordinem
644 1024 786 1063 Christi
808 1024 1039 1071 decurrisse,
1062 1037 1136 1076 quo
1157 1024 1244 1062 talis
1262 1023 1462 1074 probatur,

134 1082 256 1135 qualis
274 1080 583 1127 adnuntiabatur,
610 1082 725 1119 etiam
745 1094 794 1120 ex
814 1083 885 1120 ista
906 1083 1156 1120 consonantia
1176 1081 1463 1132 scripturarum.

136 1153 230 1193 quas
248 1152 300 1178 ex
316 1137 557 1191 praeiudicio
579 1139 734 1177 maioris
760 1140 879 1190 partis
903 1137 1104 1177 adversum
1130 1136 1294 1176 Iudaeos
1319 1137 1466 1180 elocuti

134 1210 277 1237 sumus.
339 1195 476 1247 Neque
503 1197 602 1234 enim
627 1198 666 1234 in
692 1195 845 1234 dubium
871 1195 1065 1235 deducant
1087 1196 1153 1235 vel
1177 1201 1333 1245 negent,
1367 1206 1463 1245 quae

136 1256 283 1307 scripta
307 1254 558 1306 proferimus,
589 1260 632 1291 ut
662 1266 712 1292 ex
742 1253 816 1292 hoc
844 1266 993 1306 quoque
1019 1254 1128 1306 paria
1154 1265 1239 1290 esse
1265 1251 1478 1303 scripturis

136 1311 275 1352 divinis
311 1324 457 1362 negare
493 1325 568 1349 non
606 1311 772 1363 possint,
811 1318 853 1348 ut
883 1323 980 1363 quae
1010 1318 1100 1362 post
1124 1309 1313 1348 Christum
1338 1309 1468 1348 futura

135 1368 495 1425 praecanebantur,
545 1367 753 1420 adimpleta
802 1375 1101 1420 cognoscantur.
1185 1365 1322 1418 Neque
1366 1366 1469 1404 enim

136 1427 340 1481 dispositio
378 1432 570 1477 expuncta
606 1425 914 1474 inveniretur,²)
951 1426 1024 1463 nisi
1054 1425 1119 1463 ille
1154 1424 1344 1468 venisset,
1382 1427 1470 1473 post

138 1497 250 1538 quem
274 1483 470 1523 habebant
494 1484 680 1534 expungi,
715 1495 812 1534 quae
838 1481 1121 1528 nuntiabantur,
1154 1492 1251 1532 quae
1278 1478 1470 1530 completa

138 1555 227 1582 esse
251 1542 366 1582 etiam
392 1540 663 1593 probarentur.

244 1658 353 1686 Pru!
375 1659 433 1684 DE
458 1658 711 1683 CLARITATB
743 1655 943 1682 Gsslvrmu
967 1655 1012 1680 ΙΝ
1035 1653 1226 1680 cnmswo
1251 1650 1362 1677 msu-

258 1716 324 1754 12.
384 1711 530 1764 Aspice
570 1712 769 1749 universas
805 1711 981 1749 nationes
1017 1708 1066 1747 de
1101 1708 1287 1758 voragine
1325 1705 1469 1743 erroris

139 1770 292 1812 humani
330 1768 470 1807 exinde
507 1774 751 1818 emergentes
788 1766 837 1805 ad
874 1765 1065 1804 dominnm
1102 1764 1213 1803 deum
1251 1768 1469 1801 creatorem

141 1828 231 1875 et⁸)
259 1825 451 1864 Christum
476 1826 572 1871 eius,
598 1831 638 1862 et
662 1824 695 1862 si
720 1822 852 1870 audes,
878 1836 979 1874 nega
1003 1822 1285 1875 prophetatum.
1331 1816 1470 1856 Statim

141 1884 213 1924 tibi
237 1883 440 1935 promissio
465 1882 586 1934 patris
611 1881 784 1919 occurrit
807 1882 846 1918 in
871 1880 1038 1932 psalmis,
1065 1878 1219 1917 dicens:
1245 1876 1346 1914 filius
1364 1887 1470 1913 meus

142 1949 185 1981 et
207 1948 268 1988 tu,
299 1953 374 1991 ego
405 1939 521 1977 hodic
547 1938 663 1990 genui
687 1944 746 1985 te3
777 1944 867 1990 pete
893 1950 916 1975 a
940 1949 1020 1983 me,
1052 1942 1092 1974 et
1116 1934 1216 1973 dabo
1241 1933 1311 1971 tibi
1335 1938 1472 1983 gentes

142 1996 423 2038 haereditatem
448 2003 550 2034 tuam
571 2003 612 2034 et
630 1995 911 2047 possessionem
937 2001 1038 2032 tuam
1063 1992 1249 2031 terminos
1272 1989 1470 2033 terrae-⁴)

142 2055 230 2095 Nec
254 2054 402 2108 poteris
427 2066 512 2092 eum
537 2054 658 2104 magis
676 2050 799 2090 David
825 2051 942 2089 filium
967 2050 1114 2096 dicere,
1140 2061 1249 2101 quam
1266 2046 1470 2088 Christum,

114 2124 118 2137 ¹
143 2120 212 2152 aut
233 2112 420 2151 terminos
438 2117 568 2149 terrae
582 2107 705 2149 David
725 2109 851 2160 potius
870 2108 1094 2160 promissos,
1121 2107 1185 2158 qui
1203 2106 1303 2143 iutra
1322 2103 1472 2140 unicam

144 2168 324 2209 Iudaeam
345 2169 535 2218 regnavit,
562 2180 671 2219 quam
686 2165 856 2211 Christo,
881 2166 945 2216 qui
969 2171 1090 2202 totum
1109 2164 1182 2201 iam
1203 2160 1334 2198 orbem
1356 2170 1472 2196 evan·

145 2227 239 2278 getii
263 2226 320 2264 sui
346 2224 422 2263 fide
443 2225 565 2277 cepit,
590 2225 691 2263 sicut
712 2235 785 2274 per
808 2221 960 2260 Esaiam
986 2220 1100 2260 dicit:
1133 2230 1227 2257 ecce
1253 2213 1343 2254 dedi
1370 2221 1407 2252 te
1433 2214 1472 2250 in

146 2283 436 2335 dispositionem
459 2281 615 2333 generis
638 2280 713 2318 mei
739 2280 776 2317 in
802 2279 926 2317 lucem
951 2279 1132 2330 gentium,
1159 2273 1312 2326 aperire
1338 2270 1472 2309 oculos

149 2353 374 2386 caecorum,
404 2340 535 2391 utique
560 2337 788 2383 errantium,
820 2335 1023 2375 exsolvere
1049 2333 1098 2371 de
1122 2330 1284 2370 vinculis
1306 2328 1469 2366 vinctos.

243 2490 279 2527 1)
299 2491 350 2519 lta
364 2489 437 2519 eod.
450 2487 560 2526 Fam„
574 2487 667 2520 Pam.
682 2489 716 2517 et
730 2486 822 2525 Rig.;
849 2485 955 2515 Rhen.
975 2484 1166 2522 quatuor.
1250 2475 1288 2519 2)
1308 2477 1370 2506 vv.
1390 2475 1472 2504 Ne-

152 2545 287 2575 que—
309 2535 578 2565 inveniretur
601 2534 726 2564 desunt
750 2532 839 2571 apud
865 2530 971 2562 Rhea.
1067 2526 1103 2569 3)
1126 2526 1199 2565 mg.
1218 2526 1258 2555 et
1282 2522 1330 2552 nd
1355 2521 1472 2550 deum

152 2582 244 2613 Chr.
339 2581 376 2619 4)
395 2580 449 2611 Pu.
470 2581 502 2618 2,
521 2581 540 2608 7
556 2588 606 2617 sq.

211 2640 413 2670 Taurum..
448 2639 501 2667 tv.
1133 2620 1181 2657 21
