1566 2808
155 227 220 263 22
302 227 375 258 DE
411 225 1049 259 PRAESCRIPTIONIBUS
1087 225 1338 256 HAERET.

154 321 295 359 stantia
338 319 385 358 de
431 320 671 357 conscienua
715 318 899 370 competit
919 315 956 371 1)
995 317 1043 356 ad
1082 316 1364 356 defendendam
1409 316 1498 356 sibi·

152 379 368 416 veritatem.
783 382 785 384 ’

273 438 328 476 32
384 433 564 476 Ceterum
586 434 618 471 si
640 445 736 485 quae
758 431 901 471 audent
925 433 1161 472 interserere
1188 446 1229 472 se
1255 433 1375 472 aetati
1390 445 1485 485 apo-

155 492 336 539 stohcae,
382 498 422 529 ut
446 489 535 529 ideo
567 489 772 530 videantur
796 490 843 528 ab
871 490 1056 543 apostolis
1081 489 1262 538 traditae,
1301 491 1389 542 quia
1414 489 1483 529 sub

153 549 339 601 apostolis
364 549 531 595 suerunt,
558 561 757 600 possumus
779 547 931 587 dicere:
959 547 1077 587 edant
1096 561 1192 600 ergo
1220 548 1392 599 origines
1418 561 1484 587 ec·
1507 571 1511 579 ι

155 607 358 646 elesiarum
390 619 559 653 suarum,
593 606 773 644 evolvant
804 604 977 644 ordinem
1011 606 1281 657 episcoporum
1315 618 1483 651 suorum,

153 666 207 702 ita
232 677 303 716 per
327 665 594 703 successiones
620 663 666 701 ab
694 664 803 701 initio
836 662 1126 710 decurrentem,
1171 669 1213 701 ut
1243 662 1386 715 primus
1417 663 1484 701 ille

154 722 358 774 episcopus
385 721 548 774 aliquem
576 734 625 759 ex
650 722 835 772 apostolis
860 722 921 760 vel
949 721 1173 773 apostolicis
1197 721 1309 767 viris,
1337 720 1401 772 qui
1427 726 1486 759 ta·

154 793 240 818 men
279 793 363 818 cum
401 779 586 831 apostolis
623 780 951 831 perseveraverit,
991 778 1170 816 habuerit
1207 785 1407 816 auctorem
1445 784 1486 816 et

154 844 454 876 antecessorem.
517 835 600 875 Hoc
627 837 727 875 enim
759 835 872 874 modo
900 836 1092 875 ecclesiae
1125 836 1365 887 apostolicae
1392 847 1484 874 cen-

153 908 216 933 sus
243 908 332 934 suos
358 893 550 942 deferunt,
578 895 678 935 sicut
704 893 1003 946 Smyrnaeorum
1031 893 1200 934 ecclesia
1225 892 1483 945 Polycarpum

154 952 200 991 ab
230 952 372 991 Ioanne
399 952 630 991 collocatum
662 953 802 999 refert,
829 953 930 990 sicut
956 951 1212 989 Romanorum
1245 950 1483 989 Clementem

153 1024 172 1048 a
202 1009 318 1048 Petro
346 1009 575 1048 ordinatum.
615 1009 751 1048 Itidem
765 1008 804 1061 2)
830 1008 992 1061 proinde
1012 1010 1142 1060 utique
1165 1005 1208 1047 et¹
1231 1015 1388 1047 ceterae
1415 1021 1484 1047 ex-

152 1067 305 1115 hibent,
346 1081 439 1119 quos
472 1066 518 1105 ab
552 1068 737 1119 apostolis
769 1068 806 1104 in
840 1068 1103 1118 episcopatum
1131 1067 1363 1105 constitutos
1389 1079 1484 1118 apo-

153 1125 293 1171 stolici,
320 1125 474 1163 seminis
510 1124 692 1163 traduces
729 1124 909 1162 habeant.
973 1124 1206 1175 Confingant
1234 1123 1312 1162 tale
1339 1121 1480 1176 aliquid

153 1182 356 1220 haeretici.
421 1180 519 1229 Quid
546 1183 645 1220 enim
679 1182 754 1220 illis
779 1189 867 1233 post
896 1182 1170 1233 blasphemiam
1197 1182 1373 1220 illicitum
1400 1182 1484 1219 est?

155 1238 233 1278 Sed
266 1240 337 1278 etsi
372 1234 648 1286 confinxerint,
687 1239 780 1277 nihil
817 1239 1110 1291 promovebunt.
1162 1239 1249 1291 Ipsa
1281 1240 1381 1277 enim
1414 1237 1484 1276 do-

154 1296 278 1336 ctrina
317 1310 448 1335 eorum
487 1310 571 1334 cum
603 1298 818 1349 apostolica
852 1294 1073 1348 comparata
1106 1310 1155 1335 ex
1187 1295 1411 1335 diversitate
1444 1301 1484 1335 et

154 1355 434 1393 contrarietate
460 1367 526 1392 sua
552 1354 834 1406 pronuntiabit,
873 1367 997 1405 neque
1031 1355 1196 1406 apostoli
1228 1355 1390 1392 alicuius
1415 1366 1483 1392 au-

154 1413 274 1451 ctoris
301 1425 385 1451 esse
407 1425 530 1463 neque
556 1412 772 1463 apostolici,
801 1413 889 1464 quia
909 1413 1009 1449 sicut
1034 1412 1200 1463 apostoli
1226 1424 1302 1449 non
1330 1411 1484 1450 diversa

153 1471 256 1508 inter
281 1483 321 1508 se
349 1468 590 1515 docuissent,
618 1470 671 1507 ita
698 1476 737 1508 ct
762 1469 967 1520 apostolici
999 1482 1074 1506 non
1102 1470 1302 1512 contraria
1327 1475 1482 1521 aposto-

153 1528 199 1573 lis
225 1526 449 1574 edidissent,
477 1527 548 1564 nisi
570 1527 637 1574 illi,
667 1527 728 1577 qui
750 1526 796 1564 ab
818 1527 1004 1578 apostolis
1027 1525 1324 1575 desciverunt³)
1352 1534 1392 1565 et
1411 1527 1482 1565 ali-

152 1592 214 1623 ter
238 1584 572 1637 praedicaverunt.
634 1582 697 1622 Ad
729 1584 827 1623 hanc
860 1585 988 1636 itaque
1022 1586 1182 1623 formam
1213 1584 1484 1637 provocabun-

151 1650 215 1681 tur
230 1645 267 1691 4)
297 1643 343 1681 ab
371 1643 446 1681 illis
478 1642 676 1689 ecclesiis,
716 1655 812 1694 quae
845 1642 938 1680 licet
963 1643 1102 1681 nullam
1130 1656 1180 1681 ex
1205 1642 1390 1695 apostolis
1419 1643 1482 1682 vel

151 1701 376 1752 apostolicis
403 1707 600 1738 auctorem
627 1713 733 1738 suum
772 1700 989 1750 proferant,
1016 1708 1058 1738 ut
1082 1701 1200 1739 multo
1226 1701 1480 1753 posteriores,

152 1771 249 1810 quae-
282 1757 446 1809 denique
485 1756 656 1809 qnotidie
695 1758 962 1804 instituuntur,
992 1765 1119 1796 tamen
1156 1759 1195 1796 in
1233 1757 1368 1797 eadem
1407 1757 1482 1797 fide

152 1817 438 1867 conspirantes,
478 1825 553 1852 non
591 1816 712 1853 minus
749 1816 988 1867 apostolicae
1022 1815 1254 1868 deputantur
1283 1829 1355 1868 pro
1389 1829 1482 1855 con-

151 1874 409 1924 sanguinitate
438 1868 652 1910 doctrinae.
709 1872 767 1910 Ita
806 1886 937 1911 omncs
975 1873 1158 1912 haereses
1197 1873 1245 1912 ad
1282 1880 1481 1925 utramque

150 1931 311 1968 sormam
338 1931 480 1967 nostris
512 1930 690 1968 ecclesiis
716 1938 952 1981 provocatae
978 1931 1146 1983 probent
1170 1944 1211 1970 se
1238 1944 1386 1983 quaqua
1411 1945 1482 1984 pu-

151 1994 234 2025 tant
258 1987 505 2039 apostolicas.
562 1986 641 2025 Sed
667 1986 766 2025 adeo
793 2001 865 2026 nee
891 1995 989 2034 sunt,
1018 2002 1089 2027 nec
1115 1995 1273 2041 possunt
1297 1989 1479 2041 probare,

151 2044 252 2097 quod
285 2058 360 2083 non
386 2052 490 2091 sunt,
528 2057 601 2082 nec
638 2045 878 2096 recipiuntur
902 2046 939 2083 in
965 2059 1100 2097 pacem
1126 2054 1171 2085 et·
1192 2047 1481 2086 communicati-

151 2115 263 2141 onem
301 2102 347 2141 ab
386 2102 564 2141 ecclesiis
609 2114 758 2154 quoquo
799 2101 911 2140 modo
950 2104 1193 2155 apostolicis,
1240 2104 1393 2144 scilicet
1430 2105 1479 2144 ob

151 2159 413 2199 diversitatem
451 2160 683 2198 sacramenti
720 2160 824 2199 nullo
862 2159 976 2198 modo
1015 2162 1268 2213 apostolicae.

266 2222 334 2260 33.
395 2211 576 2256 Adhibeo
614 2230 731 2269 super
766 2218 864 2256 haec
910 2219 1076 2269 ipsarum
1115 2218 1379 2258 doctrinarum
1415 2233 1479 2259 re-

151 2277 432 2327 cognitionem,
472 2288 568 2327 quae
600 2275 667 2313 sub
694 2276 881 2327 apostolis
907 2276 1062 2314 fuerunt
1086 2277 1133 2315 ab
1161 2277 1296 2316 iisdem
1322 2284 1480 2330 aposto-

150 2334 196 2372 lis
223 2341 263 2373 et
287 2332 572 2373 demonstratae
599 2340 639 2371 et
665 2332 876 2372 deieratae.
938 2333 1038 2373 Nam
1071 2342 1110 2373 et
1140 2336 1196 2375 sic
1222 2335 1374 2376 facilius
1399 2342 1478 2375 tra-

243 2447 282 2492 1)
308 2450 415 2482 Rhen.
435 2449 487 2480 ed.
505 2450 530 2481 1.
557 2450 807 2481 constantia
832 2451 873 2481 et
899 2451 1177 2483 conscientia
1202 2451 1415 2492 concedit,
1441 2451 1477 2483 in

149 2497 320 2535 margine:
346 2496 559 2535 concepit.
664 2498 700 2536 2)
731 2499 780 2528 lta.
805 2498 981 2529 Vi'ouwer.
1002 2508 1020 2529 e
1040 2508 1120 2540 ms„
1145 2498 1274 2530 Pamel.
1300 2497 1475 2529 ordin-

149 2544 236 2571 tum
262 2542 359 2573 edit.
394 2541 576 2573 Proinde
601 2544 668 2574 etc.
705 2544 780 2584 Rig.
806 2545 1055 2576 ordinatum
1087 2544 1247 2577 itidem.
1293 2543 1476 2576 Perinde

148 2589 217 2663 ξῐο.
313 2586 350 2630 3)
376 2589 450 2628 Rig.
476 2588 735 2630 didicerunt,
763 2590 894 2622 aliter
924 2591 1065 2630 praed.
1162 2590 1199 2630 3)
1224 2589 1298 2630 mg.
1324 2592 1475 2631 proba-

179 2633 317 2665 untur.
