1604 2800
576 154 702 189 Anv.
737 156 1011 189 mnAEos.
1352 158 1460 196 301

135 244 259 284 laudis
282 244 543 298 designantur,
569 254 611 286 et
633 261 704 287 cor
729 249 1022 287 contribulatum
1046 248 1286 302 acceptabile
1311 253 1460 291 sacrili-

136 303 236 342 cium
255 301 331 342 deo
351 302 647 346 demonstratur.
697 305 829 357 Itaque
856 304 1045 358 quomodo
1072 307 1240 345 carnalia
1265 309 1459 348 sacrificia

134 360 342 412 reprobata
366 361 643 412 intelliguntur,
670 361 718 401 de
739 363 872 414 quibus
893 370 933 401 et
944 363 1078 401 Esaias
1098 363 1277 415 loquitur,
1304 364 1456 404 diceus:

135 429 210 469 quo
246 418 338 456 mihi
367 418 645 458 multitudinem
682 421 957 458 sacrificiorum
994 423 1235 459 vestrorum?
1269 420 1364 460 dicit
1387 421 1458 460 do-

133 474 327 523 minus‚¹)
358 475 412 514 ita
443 475 635 514 sacrificia
670 477 856 528 spiritalia
892 484 1054 528 accepta
1090 476 1379 529 praedicantur,
1416 486 1459 517 ut

132 531 347 582 prophetae
377 531 620 571 adnuntiant:
652 537 828 585 quoniam
853 535 926 572 etsi
951 534 1175 582 attuleritis,
1206 536 1339 586 inquit,
1365 535 1457 574 mibi

133 588 313 635 similam,
344 602 481 627 vanum
512 597 590 637 est3
628 590 823 630 incensum
850 590 1083 630 abominatio
1109 598 1169 630 est
1191 592 1294 630 mihi.
1308 593 1346 640 2)
1407 591 1458 630 Et

133 644 225 683 alibi
262 644 375 685 dicit:
412 646 742 686 holocaustomata
773 655 813 687 et
843 648 1035 687 sacrificia
1068 655 1197 687 vestra
1232 655 1272 687 et
1306 647 1457 700 adipem

132 700 327 741 hircorum
347 709 387 741 et
405 705 626 753 sanguinem
646 711 839 741 taurorum
860 706 968 750 nolo,
997 717 1068 742 nec
1093 707 1125 742 si
1148 706 1310 743 veniatis
1334 704 1458 744 videri

132 758 237 804 mihi,
264 760 347 810 quis
372 760 470 797 enim
497 760 701 810 exquisivit
726 760 822 797 haec
844 760 892 798 de
913 761 1083 798 manibus
1107 762 1270 799 vestris?
1280 763 1317 808 ³)
1339 759 1458 813 w[Spi-

130 815 259 854 ritalia
289 827 383 854 vero
414 815 624 861 sacrificia,
658 814 705 853 de
738 816 870 866 quibus
901 815 1138 866 praedictum
1170 823 1246 862 est,
1285 824 1324 854 ct
1359 819 1459 855 sicut

132 883 248 923 supra
272 870 387 910 dicit:
424 884 500 909 non
526 878 585 909 cst
610 871 700 909 mihi
725 872 900 909 voluntas
925 872 963 909 in
986 872 1113 918 vobis,
1152 871 1246 910 dicit
1271 871 1455 911 dominus.

133 925 338 967 Sacrificia
374 941 451 966 non
488 929 675 980 accipiam
712 926 759 965 de
796 928 967 966 manibus
1002 929 1159 974 vestris,
1198 931 1372 980 quoniam
1409 930 1456 968 ab

134 985 285 1024 oriente
309 985 393 1023 sole
417 985 601 1035 usquein
627 983 869 1022 occidentem
896 996 1033 1021 nomen
1059 997 1180 1023 meum
1207 986 1456 1023 clarificatum

133 1047 195 1079 est
217 1041 258 1078 in
281 1041 455 1078 omnibus
480 1040 671 1089 gentibus,
704 1039 798 1078 dicit
823 1039 1027 1089 dominus]
1040 1042 1080 1090 4)
1141 1039 1198 1078 De
1224 1042 1457 1092 spiritalibus

131 1109 227 1136 vero
239 1097 441 1136 sacrificiis
454 1095 561 1135 addit
575 1096 727 1134 dicens:
754 1103 794 1135 et
811 1098 850 1134 in
871 1098 971 1134 omni
998 1097 1086 1134 loco
1106 1097 1298 1136 sacrificia
1318 1096 1456 1136 munda

134 1153 348 1193 offerentur
370 1154 514 1192 nomini
538 1166 637 1200 meo,
664 1152 758 1192 dicit
782 1152 966 1192 dominus.
982 1154 1021 1203 ⁵)

135 1269 185 1296 nu
210 1269 374 1296 sunno
399 1270 448 1296 m·
471 1270 758 1296 cmctmclslomae
789 1270 838 1296 ΕΤ
866 1269 976 1295 Lucis
1006 1270 1054 1295 ετ
1081 1269 1238 1295 vua-ems
1262 1270 1310 1296 ΕΤ
1333 1270 1455 1296 ΝονΑε

621 1328 917 1353 οηεειῑνᾼτιοπε.
931 1313 970 1363 ⁶)

249 1384 289 1423 6.
350 1380 475 1432 Igitur
498 1395 582 1420 cum
607 1382 846 1420 manifestum
871 1383 932 1428 sit,
958 1388 998 1420 et
1022 1381 1218 1420 sabbatum
1244 1383 1457 1434 temporale

134 1443 326 1477 ostensum
346 1445 387 1476 et
404 1438 602 1477 sabbatum
626 1446 824 1478 aeternum
848 1437 1100 1489 praedictum,
1127 1439 1458 1477 circumcisionem

134 1495 328 1534 carnalem
352 1495 590 1546 praedictam
610 1503 650 1535 et
670 1496 1002 1534 circumcisionem
1026 1495 1237 1546 spiritalem
1261 1494 1459 1546 praeindi-

133 1558 279 1598 catam,
297 1551 441 1603 ‘legem
466 1565 616 1604 quoquc
642 1553 891 1604 temporalem
916 1559 957 1590 ct
980 1552 1105 1602 legem
1131 1553 1364 1590 aeternalem
1390 1552 1459 1591 de-

132 1609 362 1655 nuntiatam,
398 1609 591 1648 sacrificia
628 1610 798 1648 carnalia
827 1616 868 1646 et
896 1608 1088 1646 sacrificia
1123 1608 1309 1658 spiritalia
1344 1620 1458 1659 prae-

134 1671 313 1711 ostensa,
349 1667 539 1716 sequitur,
575 1672 618 1702 ut
652 1663 904 1716 praecedenti
938 1670 1112 1714 tempore
1148 1662 1247 1701 datis
1285 1663 1457 1702 omnibus

132 1721 216 1758 istis
241 1722 460 1772 praeceptis
486 1721 694 1759 carnaliter
710 1721 852 1771 populo
873 1719 991 1757 Israel
1011 1720 1276 1769 superveniret
1294 1726 1454 1772 tempus,

134 1790 210 1829 quo
234 1777 332 1827 legis
356 1777 534 1827 antiquae
554 1784 595 1814 et
614 1777 917 1814 ceremoniarum
940 1781 1111 1813 veterum
1137 1783 1346 1827 praecepta
1371 1789 1456 1829 ces-

133 1840 277 1879 sarent,
308 1839 348 1871 et
371 1845 494 1871 novae
520 1832 618 1883 legis
641 1830 843 1884 promissio
868 1839 908 1869 et
931 1831 1155 1883 spiritalium
1180 1832 1455 1872 sacrificiorum

133 1890 282 1941 agnitio
306 1896 348 1927 et
371 1890 461 1927 novi
484 1890 701 1927 testamenti
726 1888 955 1940 pollicitatio
979 1889 1256 1940 superveniret,
1281 1889 1455 1941 fulgente

133 1946 244 1985 nobis
267 1946 408 1984 lumine
433 1958 483 1984 ex
506 1946 604 1993 alto,
637 1947 699 1997 qui
729 1944 956 1984 sedebamus
984 1946 1023 1983 in
1053 1944 1224 1984 tenebris
1248 1952 1288 1984 et
1311 1947 1349 1984 in
1374 1960 1456 1986 um-

132 2003 205 2043 bra
221 2003 356 2042 mortis
375 2001 651 2041 detinebamur.
664 2002 703 2050 ⁷)
742 2002 875 2054 Itaque
900 2002 1111 2040 necessitas
1130 2001 1240 2040 nobis
1258 1997 1453 2051 incumbit,

132 2062 194 2108 ut,
214 2060 407 2112 ‘quoniam
443 2058 705 2110 praedicatam
741 2072 876 2098 novam
911 2059 1037 2110 legem
1061 2071 1085 2097 a
1107 2059 1305 2111 prophetis
1341 2073 1455 2112 prae-

134 2115 309 2163 diximus,
335 2123 376 2154 et
398 2129 476 2154 non
499 2116 628 2164 talem,
655 2117 775 2168 qualis
799 2117 871 2154 iam
897 2115 988 2154 data
1011 2122 1115 2155 esset
1130 2115 1302 2167 patribus
1321 2128 1454 2155 eorum

203 2253 240 2293 1)
254 2254 357 2293 1ea.1,
368 2254 422 2285 ss.
469 2251 505 2292 2)
516 2253 599 2286 itmr.
609 2253 716 2284 1³.—
728 2252 1043 2294 eod.1··u1d.etmg.
1062 2254 1210 2283 vanum
1229 2260 1245 2283 ι
1256 2251 1453 2292 applica-

134 2302 318 2331 meutum
342 2300 692 2330 execramentum
715 2299 819 2330 mihi
840 2301 916 2330 eat.
949 2299 1001 2329 Et
1022 2298 1155 2328 adhue
1180 2297 1302 2328 dicit:
1328 2298 1451 2330 holo-

136 2346 405 2376 cau-tamna
429 2347 495 2376 etc.
560 2343 598 2387 3)
612 2345 656 2376 ib.
668 2353 700 2375 v.
714 2346 756 2374 11
770 2353 819 2382 aq.
889 2345 927 2383 4)
941 2345 1053 2375 Verba
1065 2343 1164 2373 uncis
1179 2341 1314 2374 incluta
1327 2343 1452 2375 delevit

135 2392 221 2431 Rig.,
243 2399 306 2421 nee
326 2390 455 2421 suntin
469 2389 719 2421 cod.Fuld.vv.
740 2389 972 2428 Spin-italia
994 2405 1041 2412 —
1064 2388 1257 2419 manibus
1281 2389 1451 2420 vestris.

137 2437 175 2476 5)
189 2436 267 2466 Mal.
283 2437 311 2474 1,
327 2436 381 2466 11.
454 2433 491 2477 6)
511 2431 583 2466 Has
601 2435 844 2474 inscriptiones
863 2438 898 2465 et
915 2435 970 2464 hic
985 2437 1018 2463 et
1038 2433 1159 2463 deinde
1171 2433 1299 2473 Rigalt.
1312 2434 1448 2465 delevit.

136 2483 174 2519 7)
187 2483 270 2512 Luc.
286 2482 316 2518 1,
332 2482 375 2510 ‘18
389 2490 438 2518 sq.
453 2497 496 2503 --
521 2481 627 2511 Rhen.
640 2480 716 2512 add.
734 2481 925 2510 oriretur
948 2479 1104 2518 lumen,
1131 2487 1218 2516 quae
1232 2488 1283 2509 vv.
1296 2489 1315 2510 e
1327 2481 1451 2512 Mattb.

135 2530 167 2568 4,
183 2529 237 2559 16.
258 2526 346 2557 male
358 2526 464 2565 petita
476 2526 603 2558 anel.
617 2528 652 2556 et
664 2525 736 2567 mg.
750 2524 939 2556 eiecerunt.
