1604 2800
452 150 1123 184 AuuvALENTlNinxos.
1378 150 1452 189 ⁸0

119 244 294 290 minavit,
333 240 435 295 quod
466 243 504 281 in
535 242 621 282 aliis
652 242 841 283 adoravit.
907 242 1091 296 Alioquin
1121 257 1144 283 a
1175 244 1287 283 turba
1318 257 1453 285 eorum

119 308 161 341 et
188 300 302 340 aliam
334 301 589 353 frequentiam
622 300 808 349 suadere,
846 315 869 340 a
901 300 1115 341 domestico
1147 303 1366 355 principatu
1401 302 1452 342 ad

119 359 359 410 incognitum
398 366 681 406 transmovere,
720 373 743 398 a
775 360 979 399 manifesto
1012 359 1060 398 ad
1093 360 1286 399 occultum
1325 368 1454 399 retor—

120 429 263 469 quere,
298 415 346 456 de
374 417 503 455 limine
535 416 647 456 fidem
681 417 882 457 offendere
908 425 979 457 est.
1044 418 1119 456 lam
1145 419 1176 457 si
1202 425 1243 457 et
1268 419 1305 456 in
1334 426 1452 457 totam

118 474 284 513 fabulam
311 475 503 521 initietur,
542 487 669 514 nonne
703 475 780 514 tale
806 475 950 529 aliquid
976 475 1130 515 dabitur
1160 483 1198 515 te
1225 478 1264 514 in
1290 476 1453 515 infantia

116 533 220 571 inter
249 533 372 571 somni
404 531 649 572 difficultates
673 546 697 572 a
722 535 912 573 nutricula
944 533 1117 580 audisse,
1155 534 1293 573 lamiae
1326 541 1453 573 turres

117 597 158 629 ct
181 591 358 643 pectines
383 590 503 629 solis?
532 589 611 630 Sed
638 592 700 643 qui
727 604 777 630 ex
801 592 878 631 alia
904 593 1144 631 conscientia
1167 593 1321 631 venerit
1347 591 1451 639 fidei,

115 649 147 687 si
173 649 300 687 statim
326 649 498 687 inveniat
522 656 581 687 tot
605 650 759 688 nomina
783 663 960 697 aeonum,
987 657 1047 688 tot
1071 651 1272 701 coniugia,
1299 656 1358 687 tot
1382 661 1452 701 ge-

117 706 277 755 nimina,
304 712 363 744 tot
387 707 526 752 exitus,
554 713 613 744 tot
638 714 815 754 eventus,
848 707 1070 753 felicitates,
1097 707 1348 745 infelicitates
1373 706 1452 746 dis-

115 775 252 816 persae
279 769 395 815 atque
421 764 604 802 concisae
629 763 852 811 divinitatis,
879 764 1164 803 dubitabiturne
1190 763 1334 803 ibidem
1359 777 1452 816 pro-

114 821 311 867 nuntiare,
338 820 407 859 bas
431 833 518 859 esse
544 821 692 860 fabulas
717 828 758 860 et
782 822 1034 874 genealogias
1058 820 1395 868 indeterminatas,
1411 823 1450 872 ¹)

114 891 208 932 quas
232 878 400 930 apostoli
425 879 581 931 spiritus
612 878 671 917 his
702 879 777 917 iam
809 887 900 918 tunc
930 879 1204 932 pullulantibus
1242 880 1451 919 seminibus

114 936 324 976 haereticis
360 935 543 975 damnare
580 938 806 989 praevenit?
865 937 1007 976 Merito
1039 939 1170 989 itaque
1203 951 1279 976 non
1306 938 1451 990 simpli-

113 1007 201 1042 ces,
237 995 375 1034 merito
406 993 668 1033 tantummodo
701 994 929 1046 prudentes,
969 997 1029 1047 qui
1057 996 1149 1034 talia
1183 1007 1308 1047 neque
1333 996 1450 1034 facile

113 1051 332 1106 producunt
357 1065 480 1104 neque
507 1060 662 1091 exserte
689 1051 919 1099 defendunt,
964 1052 1031 1091 sed
1065 1066 1137 1091 nec
1164 1066 1314 1099 omneS‚
1355 1066 1450 1105 quos

113 1109 295 1157 edocent,
322 1109 556 1162 perdocent3
584 1111 714 1162 utique
741 1118 879 1156 astute,
908 1117 948 1148 ut
966 1109 1165 1162 pudenda3
1193 1117 1364 1148 ceterum
1392 1111 1449 1148 in-

114 1167 296 1213 humane,
335 1168 367 1205 si
402 1167 575 1205 honesta.
636 1167 687 1207 Et
718 1174 844 1206 tamen
876 1169 1070 1219 simplices
1102 1181 1172 1206 nos
1210 1168 1337 1206 omnia
1373 1168 1450 1206 sei-

115 1237 208 1263 mus.
266 1224 441 1276 Denique
467 1224 568 1263 hunc
594 1226 755 1277 primum
782 1238 943 1264 cuneum
970 1225 1259 1277 congressionis
1284 1227 1448 1264 armavi·-

114 1296 214 1330 mus,
253 1281 493 1321 detectorem
526 1289 566 1321 et
597 1282 884 1334 designatorem
915 1284 1034 1322 totius
1066 1284 1329 1322 conscientiae
1363 1284 1450 1322 illo-

113 1353 216 1388 rum,
255 1341 488 1392 primamque
526 1341 624 1379 banc
660 1341 862 1379 victoriam
900 1342 1163 1393 auspicamur,
1201 1343 1307 1392 quia,
1346 1339 1450 1393 quod

113 1404 222 1438 tauto
247 1396 441 1450 impendio
473 1396 742 1444 absconditur,
775 1399 891 1437 etiam
917 1397 1155 1437 solummodo
1181 1397 1449 1437 demonstrare

113 1455 316 1495 destruere
343 1462 415 1494 est.

226 1515 267 1552 4.
318 1512 522 1560 Novimus,
561 1514 731 1565 inquam,
766 1515 908 1566 optime
941 1515 1128 1566 originem
1162 1527 1314 1566 quoque
1344 1515 1450 1566 ipso-

113 1583 215 1619 rum,
253 1578 294 1610 et
324 1571 483 1618 scimus,
523 1582 593 1610 cur
621 1570 916 1610 Valentinianos
947 1573 1202 1624 appellemuS,
1242 1573 1336 1611 licet
1371 1585 1448 1610 non

114 1641 200 1668 esse
236 1628 453 1668 videantur.
515 1628 804 1668 Abscesserunt
833 1630 933 1668 enim
959 1643 983 1667 a
1014 1629 1239 1676 conditore,
1279 1628 1349 1669 sed
1380 1631 1450 1668 mi-

114 1687 215 1726 nime
249 1687 361 1737 origo
393 1685 565 1732 deletur,
603 1693 644 1724 et
674 1687 705 1724 si
730 1686 832 1724 forte
863 1693 1048 1733 mutatur,
1085 1688 1245 1726 testatio
1277 1694 1337 1726 est
1366 1688 1450 1739 ipsa

114 1745 287 1783 mutatio.
321 1742 560 1794 Speraverat
577 1744 841 1795 episcopatum
855 1743 1096 1791 Valentinus,
1123 1746 1212 1797 quia
1232 1751 1273 1782 et
1292 1745 1450 1795 ingenio

114 1807 271 1854 poterat
300 1806 342 1839 et
377 1800 547 1851 eloquio.
610 1798 690 1838 Sed
726 1800 839 1838 alium
877 1813 927 1839 ex
964 1802 1137 1854 martyrii
1175 1802 1450 1854 praerogativa

115 1859 193 1898 loci
230 1859 392 1911 potitum
430 1856 668 1908 indignatus,
714 1856 762 1896 de
799 1858 970 1897 ecclesia
1005 1860 1253 1899 authenticae
1289 1860 1450 1912 regulae

114 1915 289 1969 abrupit,
321 1922 364 1954 ut
393 1915 521 1954 solent
551 1915 666 1953 animi
697 1928 768 1967 pro
794 1917 968 1968 prioratu
993 1917 1112 1956 exciti
1138 1919 1450 1971 praesumptione

117 1975 276 2014 ultionis
299 1971 482 2019 accendi,
521 1971 571 2011 ad
596 1972 888 2024 expugnandam
915 1988 1125 2014 conversus
1149 1978 1373 2023 veritatem,
1411 1983 1452 2015 et

117 2031 314 2072 cuiusdam
350 2031 496 2070 veteris
534 2031 727 2083 opinionis
763 2033 899 2071 semini
937 2040 1072 2072 nactus
1106 2034 1313 2073 colubroso
1348 2034 1449 2073 viam

116 2088 341 2133 delineavit
358 2090 398 2137 ²)
460 2087 553 2126 Eam
597 2088 836 2140 postmodum
875 2089 1119 2131 Ptolemaeus
1162 2093 1337 2139 intravit,
1381 2105 1450 2131 no-

116 2147 280 2186 minibus
304 2153 345 2186 et
370 2146 537 2185 numeris
562 2158 725 2185 aeonum
750 2146 942 2187 distinctis
967 2150 1006 2187 iu
1026 2151 1254 2203 personales
1273 2150 1450 2188 substan·

117 2206 210 2251 tias,
242 2203 311 2244 sed
336 2211 447 2243 extra
472 2202 584 2242 deum
609 2202 904 2253 determinatas,
930 2219 1026 2259 quas
1050 2207 1279 2246 Valentinus
1303 2207 1343 2245 in
1368 2207 1450 2259 ipsa

117 2276 262 2302 summa
286 2261 496 2301 divinitatis
522 2268 563 2299 ut
586 2274 720 2301 sensns
751 2270 791 2301 et
813 2264 979 2303 affectus
1004 2273 1045 2304 et
1070 2273 1193 2303 motus
1224 2265 1448 2303 incluserat.

103 2320 289 2377 *Deduxit
317 2327 359 2358 et
389 2319 608 2358 Heracleon
639 2318 729 2359 inde
760 2323 935 2361 tramites
967 2322 1150 2375 quosdam
1182 2329 1223 2361 et
1248 2320 1450 2366 Secundus

211 2470 245 2510 ¹)
268 2474 285 2504 1
303 2471 392 2502 Tim.
409 2471 441 2510 1,
454 2471 486 2500 4.
594 2469 632 2507 2)
660 2471 709 2500 lta
731 2470 838 2503 Rben.
860 2472 892 2503 in
914 2473 966 2504 ed.
986 2475 1028 2512 1.;
1056 2473 1178 2504 deinde
1196 2468 1320 2504 edidit:
1347 2475 1448 2504 actu

119 2518 352 2549 colubroso
367 2527 396 2550 v,
411 2516 489 2548 dcl.
538 2516 606 2548 Sed
619 2517 768 2548 fortasse
782 2519 1000 2550 scribendum
1016 2523 1086 2551 est:
1111 2518 1275 2550 semina
1293 2521 1449 2550 nactus

120 2563 515 2596 colubrosamviam
537 2562 790 2595 delineavit.
