1604 2800
183 185 288 223 198
638 181 653 189 “
706 182 780 213 DE
811 182 1008 214 ANlMA.

185 286 349 319 mentum
375 279 413 316 in
439 277 632 316 Christum
658 283 698 316 et
724 276 949 316 ecclesiam:
989 276 1065 314 hoc
1092 288 1135 314 os
1161 288 1211 315 ex
1236 275 1384 316 ossibus
1409 279 1518 326 meis,

183 345 223 376 et
242 349 333 375 caro
356 349 405 375 ex
425 347 541 374 carne
563 347 660 382 mea,
686 334 890 373 vocabitur
908 334 1063 382 mulier3
1091 340 1302 386 propterea
1325 335 1520 389 relinquet

181 395 296 434 homo
322 401 470 447 patrem
497 400 536 432 et
563 399 742 439 matrem,
774 399 815 432 et
839 391 1141 444 agglutinabitur
1165 392 1316 432 mulieri
1341 405 1448 441 suae,
1479 401 1520 433 et

181 459 296 492 erunt
321 451 395 491 duo
423 453 461 491 in
488 464 643 490 carnem
662 464 794 499 unam3
817 449 855 503 ¹)
882 451 956 489 hoc
981 457 1119 503 postea
1145 449 1314 498 obvenit,
1342 464 1454 504 quum
1479 452 1519 491 in

180 511 285 549 illum
318 507 412 549 deus
443 510 648 548 amentiam
681 510 852 556 immisit,
891 508 1102 561 spiritalem
1132 508 1227 556 vim,
1267 521 1341 561 qua
1366 514 1521 549 constat

180 569 397 621 prophetia.
462 566 503 606 Si
531 574 570 606 et
594 567 731 606 malum
758 568 796 606 in
822 579 870 606 eo
897 567 1075 619 apparuit
1105 567 1426 618 transgressionis
1450 565 1520 606 ad-

180 627 352 673 missum,
392 639 465 664 nec
499 626 572 664 hoc.
599 626 774 664 naturale
801 624 1059 678 deputandum
1085 631 1163 672 est,
1203 623 1305 677 quod
1336 625 1519 665 instinctu

180 685 372 736 serpentis
404 691 586 736 operatus
618 691 695 731 est,
730 691 805 722 tam
831 697 908 721 non
934 683 1129 730 naturale,
1162 694 1273 735 quam
1299 696 1372 722 nec
1398 689 1520 723 mate-

180 742 291 788 riale,
318 742 407 793 quia
433 749 473 780 et
498 743 682 780 materiae
711 740 823 780 fidem
849 742 922 780 iam
949 741 1193 780 exclusimus.
1268 739 1414 789 Quodsi
1445 753 1519 780 nec

181 799 353 850 spiritale
387 812 459 837 nec
492 798 592 850 quod
626 798 768 837 dicitur
799 799 998 838 materiale
1036 798 1232 851 proprium
1264 799 1303 837 in
1334 798 1402 838 illo
1433 799 1519 847 fuit,

184 861 286 903 (nam
313 856 345 894 si
371 869 421 894 ex
446 857 620 902 materia,
649 856 785 894 fuisset
811 857 899 893 mali
924 860 1087 903 semen,)
1114 864 1304 907 superest,
1331 863 1374 895 ut
1397 857 1520 896 solum

181 914 220 951 in
247 914 314 952 illo
340 920 380 952 et
404 914 556 951 unicum
596 913 713 951 suerit
750 912 946 959 naturale,
986 911 1088 965 quod
1127 920 1310 951 censetur
1339 913 1519 961 animale,

183 970 285 1023 quod
310 978 411 1010 statu
437 971 610 1022 simplex,
639 978 679 1009 et
704 971 893 1009 uniforme
920 969 1175 1010 defendimus.
1221 970 1278 1009 De
1304 970 1379 1010 hoc
1404 971 1520 1024 plane

182 1029 411 1081 relinquitur
436 1029 588 1080 quaeri,
621 1041 670 1066 an
696 1027 929 1067 demutabile
956 1026 1100 1066 debeat
1125 1027 1248 1074 credi,
1281 1026 1382 1080 quod
1409 1035 1522 1068 natu-

182 1086 262 1124 rale
290 1085 455 1125 dicatur.
530 1085 650 1124 Iidem
687 1087 787 1124 enim
826 1085 1119 1123 convertibilem
1156 1091 1302 1137 negant
1331 1092 1519 1135 naturam,

183 1150 223 1182 ut
254 1144 464 1182 trinitatem
503 1156 608 1182 suam
640 1145 679 1182 in
711 1143 872 1194 singulis
910 1139 1215 1195 proprietatibus
1254 1142 1392 1195 ligant,
1431 1144 1522 1197 quia

180 1201 300 1240 arbor
334 1201 437 1240 bona
474 1201 595 1239 malos
633 1215 709 1240 non
746 1201 848 1239 ferat
884 1201 1030 1239 fructus
1062 1213 1134 1239 nec
1167 1201 1266 1240 mala
1297 1201 1441 1249 bonos,
1479 1209 1521 1241 et

181 1272 294 1298 nemo
322 1258 369 1298 de
396 1260 514 1311 spinis
541 1266 657 1298 metat
683 1259 778 1298 ficus
804 1265 844 1297 et
870 1258 917 1297 de
944 1258 1094 1312 tribulis
1120 1271 1224 1299 uvas.
1275 1257 1382 1311 Ergo
1407 1260 1439 1299 si
1465 1259 1521 1299 ita

181 1324 254 1364 est,
280 1330 404 1368 neque
432 1316 479 1356 de
507 1315 696 1369 lapidibus
717 1317 816 1356 lilios
829 1315 1011 1356 Abrahae
1033 1317 1222 1358 suscitare
1242 1318 1386 1370 poterit
1410 1316 1518 1365 deus,

182 1387 254 1412 nec
282 1375 474 1424 genimina
500 1376 716 1426 viperarum
743 1375 876 1414 facere
903 1375 1167 1427 poenitentiae
1194 1375 1407 1424 fructus.²)
1470 1370 1520 1414 Et

182 1431 326 1468 erravit
351 1432 548 1482 apostolus
573 1432 766 1470 scribens:
793 1434 912 1470 eratis
933 1440 973 1470 et
990 1446 1059 1471 vos
1084 1432 1291 1485 aliquando
1317 1432 1518 1480 tenebrae,

182 1494 222 1526 et
252 1487 389 1525 fuimus
415 1495 455 1526 et
480 1501 549 1526 nos
580 1487 786 1539 aliquando
820 1496 956 1527 natura
988 1490 1055 1528 filii
1088 1491 1190 1538 irae,
1229 1490 1340 1530 et'in
1367 1490 1425 1529 his
1448 1503 1519 1530 vos

182 1557 332 1597 quoque
372 1544 509 1590 fuistis,
548 1544 616 1583 sed
654 1545 773 1583 abluti
812 1547 970 1594 estis.³)
1042 1545 1121 1584 Sed
1153 1561 1341 1599 nunquam
1368 1547 1519 1587 discor-

181 1601 326 1640 dabunt
362 1602 580 1641 sententiae
619 1609 790 1642 sanctae.
864 1602 954 1641 Non
993 1602 1100 1641 dabit
1138 1605 1237 1642 enim
1269 1604 1388 1642 arbor
1417 1605 1519 1643 mala

180 1659 304 1698 bonos
324 1660 483 1706 fruetus,
511 1661 542 1698 si
570 1673 645 1698 non
671 1661 877 1707 inseratur,
904 1667 945 1698 et
968 1660 1069 1698 bona
1095 1661 1216 1699 malos
1241 1660 1360 1708 dabit,
1387 1662 1420 1700 si
1441 1675 1517 1701 non

181 1717 343 1756 colatur.
394 1717 444 1756 Et
470 1716 618 1768 lapides
645 1718 711 1756 lilii
735 1716 918 1756 Abrahae
946 1717 1050 1764 fient,
1078 1718 1111 1756 si
1135 1719 1173 1756 in
1201 1717 1314 1757 iidem
1335 1718 1516 1758 Abrabae

179 1775 407 1814 formentur.
480 1774 531 1813 Et
562 1776 755 1827 genimina
792 1777 1007 1827 viperarum
1047 1776 1210 1814 fructum
1249 1777 1516 1828 poenitentiae

179 1833 342 1880 facient,
377 1834 409 1871 si
439 1845 589 1872 venena
620 1834 870 1885 malignitatis
908 1834 1143 1885 exspuerint.
1219 1833 1326 1873 Haec
1358 1835 1435 1873 erit
1457 1835 1516 1874 vis

179 1889 330 1930 divinae
363 1891 532 1941 gratiae,
570 1893 770 1943 potentior
798 1892 929 1943 utique
961 1898 1117 1938 natura,
1156 1891 1303 1940 habens
1333 1892 1372 1930 in
1404 1892 1515 1932 nobis

179 1948 444 1987 subiacentem
469 1948 543 1987 sibi
571 1949 730 1988 liberam
757 1950 908 1988 arbitrii
933 1956 1178 2001 potestatem,
1206 1947 1308 2002 quod
1333 1946 1514 1998 αὐτεξού-

177 2020 260 2046 σιον
285 2006 439 2053 dicitur,
473 2019 569 2058 quae
597 2020 681 2046 cum
707 2008 756 2045 sit
781 2014 821 2046 et
845 2008 928 2059 ipsa
954 2007 1139 2045 naturalis
1164 2014 1280 2059 atque
1306 2007 1512 2054 mutabilis,

179 2077 330 2116 quoquo
363 2064 545 2111 vertitur,
585 2073 722 2104 natura
760 2066 1011 2104 convertitur.
1086 2064 1216 2103 Inesse
1248 2071 1375 2103 autem
1402 2064 1514 2103 nobis

176 2118 220 2161 τὸ
247 2119 494 2169 αὐτεξούσιον
526 2124 773 2170 naturaliter,
807 2123 881 2161 iam
913 2130 953 2161 et
976 2122 1168 2160 Marcioni
1205 2120 1442 2160 ostendimus
1473 2128 1515 2161 et

179 2178 427 2230 Hermogeni.
497 2179 595 2227 Quid
628 2194 746 2227 nunc,
779 2181 811 2219 si
843 2187 1002 2218 naturae
1035 2178 1207 2218 conditio
1233 2180 1290 2218 sic
1316 2180 1392 2218 erit
1416 2178 1512 2218 deli-

178 2235 329 2284 nienda,
362 2244 403 2275 ut
428 2235 570 2288 duplex
595 2237 889 2286 determinetur,
922 2244 1096 2276 natorum
1123 2245 1163 2276 et
1187 2238 1422 2284 innatorum,
1454 2237 1512 2276 fa-

178 2300 326 2332 ctorum
351 2301 391 2332 et
416 2294 671 2334 infectorum?
739 2294 867 2348 Atque
899 2297 952 2334 ita
989 2295 1090 2347 quod
1128 2302 1256 2334 natum
1287 2295 1510 2347 factumque

180 2352 414 2399 constiterit,
459 2353 541 2391 eius
584 2360 719 2392 natura
758 2355 886 2406 capiet
923 2352 1241 2400 demutationem,
1279 2359 1320 2391 et
1355 2352 1510 2391 renasci

180 2407 279 2444 enim
304 2409 447 2460 poterit
466 2417 506 2448 et
530 2410 654 2450 refici
693 2411 866 2450 Innatum
891 2418 1018 2449 autem
1043 2418 1084 2449 et
1107 2411 1291 2450 infectum
1316 2409 1509 2449 immobile

180 2588 198 2617 1
213 2541 414 2621 cor1)6fo'
437 2547 467 2586 2,
490 2549 531 2579 23
546 2557 596 2587 sq.
693 2547 730 2591 2)
751 2550 874 2581 Matth.
895 2551 926 2591 3,
947 2552 966 2581 τ
982 2559 1056 2589 sqq.
1152 2548 1189 2591 3)
1211 2548 1296 2589 Eph-
1316 2549 1348 2588 ⁵2
1369 2547 1401 2579 ⁸·
1427 2548 1459 2590 ²²
1473 2548 1493 2578 3

282 2611 289 2620 .
327 2610 336 2628 ,
397 2613 406 2622 .
