1624 2826
364 213 891 245 Anv.MAR010NEM
926 212 1104 244 mann
1140 213 1179 260 v,
1344 209 1444 248 πει

113 308 188 346 lum
220 304 359 359 pedum
391 313 561 354 tuorum,
599 307 747 357 virgam
777 307 930 345 virtutis
962 312 1050 344 tuae
1088 305 1239 344 emittet
1268 302 1444 342 dominus

113 377 164 404 ex
195 362 309 411 Sion,
348 370 389 402 et
419 362 678 402 dominabitur
708 365 746 402 in
778 363 905 402 medio
938 364 1178 402 inimicorum
1210 369 1361 400 tuorum
1386 368 1446 400 te-

52 430 59 432 ”
115 422 259 471 cum.1)
319 419 398 460 Sed
437 434 598 460 necesse
638 428 698 459 est
734 420 783 459 ad
821 434 943 460 meam
981 422 1210 459 sententiam
1247 419 1445 471 pertinere

115 477 320 518 defendam
357 491 424 518 eas
461 479 692 530 scripturas,
743 492 835 530 quas
878 486 918 517 et
956 477 1088 516 Iudaei
1131 477 1242 516 nobis
1280 489 1446 515 avocare

116 542 320 576 conantur.
393 535 536 574 Dicunt
579 534 743 588 denique
787 536 887 574 hunc
931 536 1114 588 psalmum
1156 536 1194 573 in
1239 534 1448 573 Ezechiam

117 594 326 640 cecinisse,
365 594 454 645 quia
484 595 516 631 is
548 593 694 631 sederit
725 592 774 631 ad
812 592 1012 631 dexteram
1050 593 1200 644 templi,
1240 599 1281 630 et
1316 591 1449 629 hostes
1490 630 1497 635 ,

117 652 200 690 eius
231 652 419 690 averterit
449 649 544 689 deus
570 658 610 688 et
641 651 914 702 absumpserit,
935 651 975 701 2)
1021 656 1229 702 propterea
1261 650 1379 699 igitur
1411 655 1451 686 et

118 715 271 747 cetera:
297 715 387 747 ante
414 708 614 746 luciferum
642 720 691 746 ex
715 715 827 746 utero
854 708 1036 758 generavi
1063 706 1162 758 te,³)
1189 708 1227 744 in
1241 705 1449 744 Ezechiam

119 766 328 804 convenire
360 772 401 803 et
429 766 466 802 in
499 765 694 803 Ezechiae
727 766 976 802 nativitatem.
1038 763 1122 801 Nos
1154 762 1302 801 edimus
1333 775 1449 800 evan-

120 823 243 874 gelia,
282 821 330 860 de
363 835 522 873 quorum
556 820 631 859 fide
663 820 807 873 aliquid
839 822 970 873 utique
1008 822 1082 858 iam
1121 821 1157 857 in
1190 827 1297 858 tanto
1330 832 1449 871 opere

118 881 214 919 istos
240 878 488 918 confirmasse
515 878 717 925 debemus,
757 885 947 917 nocturna
978 878 1178 925 nativitate
1211 876 1452 916 declarantia

119 935 331 983 dominum,
368 943 411 974 ut
446 936 522 975 hoc
560 937 609 974 sit
645 944 732 974 ante
771 936 991 982 luciferum,
1031 942 1071 973 et
1101 948 1151 973 ex
1187 935 1299 973 stella
1331 935 1453 985 magis

118 994 338 1041 intellecta,
378 1001 419 1033 et
448 1006 498 1032 ex
529 995 749 1032 testimonio
787 994 935 1044 angeli,
982 994 1044 1044 qui
1083 999 1198 1031 nocte
1234 992 1453 1044 pastoribus

121 1050 362 1091 adnuntiavit
392 1058 519 1089 natum
551 1064 636 1090 esse
670 1065 754 1090 cum
780 1052 943 1089 maxime
970 1049 1180 1096 Christum,
1220 1057 1260 1088 et
1284 1062 1334 1088 ex
1364 1050 1453 1087 loco

121 1116 273 1162 partus,
311 1110 350 1147 in
381 1108 634 1147 diversorium
667 1109 767 1147 enim
798 1107 847 1146 ad
879 1115 1032 1146 noctem
1060 1108 1298 1146 convenitur.
1360 1106 1453 1144 For-

124 1173 227 1205 tasse
252 1178 300 1204 an
326 1172 367 1204 et
391 1167 552 1218 mystice
579 1167 720 1204 factum
747 1167 808 1212 sit,
836 1172 878 1204 ut
891 1172 1006 1203 nocte
1022 1164 1198 1202 Christus
1213 1163 1453 1208 nasceretur,

125 1223 191 1262 lux
218 1223 394 1261 veritatis
425 1223 572 1260 futurus
605 1224 848 1273 ignorantiae
880 1221 1064 1260 tenebris.
1128 1219 1207 1259 Sed
1235 1233 1306 1258 nec
1334 1232 1454 1270 gene-

126 1280 209 1318 ravi
239 1286 303 1326 te,
347 1273 683 1325 edixisset'deus,
728 1280 800 1317 nisi
826 1279 924 1325 filio,
963 1291 1097 1330 puero.
1161 1277 1258 1317 Nam
1296 1278 1368 1315 etsi
1406 1275 1454 1315 de

126 1344 210 1376 toto
237 1337 378 1389 populo
405 1338 477 1375 ait:
504 1337 603 1374 filios
629 1337 874 1387 generavi,4)
901 1335 968 1374 scd
995 1349 1070 1373 non
1097 1334 1240 1373 adiecit
1267 1347 1316 1372 ex
1330 1336 1454 1373 utero.

129 1394 209 1434 Cur
232 1401 360 1432 autem
386 1393 531 1432 adiecit
556 1407 605 1432 ex
629 1400 740 1431 utero
767 1401 843 1431 tam
873 1395 997 1431 vanc?
1033 1392 1140 1443 quasi
1165 1392 1303 1443 aliquis
1333 1391 1457 1429 homi-

128 1464 215 1490 num
240 1464 290 1490 ex
314 1457 425 1489 utero
452 1458 562 1488 natus
594 1450 859 1488 dubitaretur?
894 1450 964 1487 nisi
998 1450 1085 1501 quia
1118 1449 1305 1486 curiosius
1339 1447 1458 1487 voluit

128 1508 291 1560 intelligi
317 1509 356 1546 in
382 1507 595 1546 Christum:
622 1521 672 1546 ex
696 1514 807 1546 utero
835 1508 1101 1559 generavi2tc,
1128 1505 1168 1544 id
1194 1513 1270 1553 est,
1298 1518 1347 1544 ex
1373 1506 1456 1543 solo

129 1572 240 1606 utero
272 1566 355 1604 sine
386 1566 459 1603 viri
490 1566 653 1612 semine,
694 1566 801 1603 carni
834 1565 1021 1616 deputans
1054 1577 1103 1603 ex
1133 1570 1246 1602 utero
1288 1564 1456 1615 spirituS.

131 1621 242 1672 Quod
268 1629 308 1662 et
331 1623 370 1661 in
394 1623 540 1674 psalmo
567 1623 629 1661 hic
655 1621 874 1671 accedit:5)
908 1629 948 1660 tu
975 1635 1016 1660 cs
1042 1620 1227 1660 sacerdos
1259 1622 1297 1658 in
1323 1633 1457 1659 aevum

131 1683 223 1730 (nec
248 1679 433 1719 sacerdos
458 1687 584 1718 autem
611 1680 820 1726 Ezechias,
848 1692 920 1718 nec
947 1680 984 1717 in
1010 1692 1164 1725 aevum,
1192 1679 1264 1716 etsi
1291 1679 1457 1724 fuisset,)

131 1737 340 1776 secundum
367 1736 560 1783 ordinem,
599 1738 739 1788 inquit,
778 1735 1114 1784 Melchisedec35)
1154 1734 1244 1786 quid
1270 1734 1459 1772 Ezechias

132 1793 183 1833 ad
212 1793 475 1832 Melchisedec
507 1794 680 1831 altissimi
711 1793 974 1838 sacerdotem,
1013 1799 1053 1830 et
1083 1791 1235 1843 quidem
1274 1804 1348 1828 non
1384 1792 1460 1828 cir-

134 1851 359 1896 cumcisum,
398 1851 461 1900 qui
485 1848 680 1887 Abraham
707 1850 972 1887 circumcisum
1003 1849 1077 1886 iam
1103 1855 1266 1899 accepta
1291 1847 1461 1886 decima-

134 1921 216 1947 rum
249 1907 446 1946 oblatione
477 1905 702 1944 benedixit?
748 1905 802 1944 At
831 1907 870 1944 in
902 1905 1092 1944 Christum
1126 1906 1332 1944 conveniet
1363 1904 1459 1943 ordo

133 1963 411 2010 Melchisedec,
439 1964 616 2015 quoniam
642 1962 793 2015 quidem
810 1963 983 2002 Christus
1007 1963 1186 2015 proprius
1211 1969 1251 2001 et
1270 1963 1460 2014 legitimus

136 2021 201 2062 dei
225 2023 398 2068 antistes,
425 2022 658 2073 praeputiati
683 2020 894 2059 sacerdotii
918 2021 1106 2073 pontifex,
1133 2027 1210 2058 tum
1236 2021 1274 2058 iu
1295 2021 1462 2058 nationi-

135 2080 206 2119 bus
232 2080 475 2129 constitutus,
502 2092 525 2116 a
551 2078 685 2130 quibus
705 2080 832 2130 -magis
857 2079 999 2130 suscipi
1013 2077 1193 2124 habehat,
1222 2079 1462 2129 cognituram

137 2150 180 2176 se
217 2135 444 2189 quandoque
483 2136 817 2175 circumcisionem
855 2143 895 2175 et
927 2134 1126 2175 Abrahae·
1148 2142 1327 2186 gentem,
1378 2148 1463 2174 cum

137 2194 271 2233 ultimo
307 2194 482 2240 venerit,
527 2194 796 2244 acceptatione
839 2201 880 2232 et
915 2193 1189 2232 benedictione
1227 2192 1461 2244 dignabitur.

116 2250 210 2307 vEst:
233 2257 274 2289 et
297 2250 394 2288 alius
418 2251 583 2302 psalmus
595 2251 636 2301 Ἰ)
663 2251 717 2289 ita
746 2252 951 2304 iucipiens:
990 2250 1108 2298 deus,
1147 2248 1328 2289 iudicium
1361 2256 1463 2287 tuum

234 2423 271 2464 1)
296 2424 350 2454 ΡΒ.
366 2421 479 2462 110,“1
495 2432 542 2461 sq.
557 2425 589 2464 8,
604 2425 636 2454 7.
743 2423 779 2467 2)
807 2427 827 2456 2
849 2426 930 2466 Reg.
946 2427 1000 2463 19,
1023 2425 1066 2455 14
1080 2432 1151 2462 sqq.
1189 2424 1251 2453 les.
1266 2423 1321 2460 37,
1337 2419 1380 2452 '14
1394 2431 1465 2460 sqq.

145 2466 182 2509 3)
203 2470 397 2510 Ps.11o‚4.
412 2471 454 2500 cf.
470 2476 554 2501 Lxx.
648 2470 685 2508 4)
712 2471 774 2502 les.
788 2473 860 2511 1‚2.
955 2471 988 2510 5)
1013 2470 1121 2500 Rhen.
1148 2469 1199 2499 ed.
1219 2470 1243 2498 1.
1269 2467 1464 2506 spiritus,

144 2516 253 2554 quod
289 2518 330 2546 et
372 2515 463 2553 ipno
495 2515 561 2546 hic
600 2517 779 2547 accedit.
838 2517 1025 2554 Latiniuhp
1061 2517 1136 2546 lun.
1164 2516 1204 2544 et
1241 2513 1344 2544 Seml.
1382 2513 1466 2553 spi-

142 2561 276 2601 ritus,
301 2561 410 2600 quod
436 2564 486 2592 ex
512 2562 621 2600 ipso.
669 2563 758 2593 Huc
785 2562 969 2593 accedit.
1018 2562 1126 2593 Nobis
1151 2570 1212 2600 pro
1237 2560 1329 2598 ipso
1356 2559 1467 2590 visum

145 2608 198 2638 ent
223 2607 396 2639 scribere:
422 2607 463 2638 in
484 2608 657 2647 psalmo.
753 2611 788 2649 6)
816 2609 867 2639 Ps.
883 2609 958 2649 1¹10,
973 2608 1004 2638 4.
1099 2608 1136 2648 7)
1159 2607 1281 2645 Ps.72,
1297 2607 1329 2639 1.
