1604 2800
192 289 303 327 nnnis
341 284 573 325 indulsisset.
652 283 874 324 Pameliana
906 291 1044 338 ⁴autem
1082 282 1203 325 editio
1240 281 1437 337 divulgata
1473 290 1534 325 est

191 345 430 397 Antverpiae
467 347 589 386 1579.
619 343 700 391 fol„
736 341 917 383 Genevae
946 347 1070 387 1579.
1097 343 1180 391 fol„
1212 341 1371 382 Parisiis
1407 345 1531 385 1583.

191 404 274 450 fol„
309 402 546 454 Antverpiae
582 405 724 449 1584„
758 401 1045 454 Heidelbergae
1083 403 1121 440 in
1158 401 1386 454 bibliopolio
1420 399 1535 440 Com-

191 461 399 500 meliniano
430 463 572 506 1596..
605 467 645 514 et
678 463 802 502 1599.
828 461 917 507 fol„
952 459 1134 499 Genevae
1169 462 1295 502 1597.
1327 458 1416 506 fol„
1449 470 1535 498 cum

195 520 390 570 castigatt.
424 525 464 557 et
495 518 595 557 notis
627 517 692 561 Fn.
721 517 815 557 lumi
841 517 1087 557 Franekerae
1122 521 1246 560 1597.
1279 517 1423 568 fol.¹)‚
1458 513 1536 555 Ge-

194 589 317 616 nevae
346 579 484 623 1601„
513 583 553 615 et
581 579 705 619 1607.
732 577 814 624 fol„
849 589 933 616 cum
966 574 1175 615 emendatt.
1202 574 1296 614 Lm.
1321 572 1471 613 Larum
1497 580 1539 612 et

193 636 232 673 in
265 635 400 673 librum
439 633 487 673 de
526 634 643 686 pallio
682 636 784 673 notis
821 633 878 673 Io.
904 634 1097 673 Mnacmm
1130 633 1288 672 Parisiis
1321 635 1466 683 1598„
1498 637 1540 670 et

196 696 321 735 1608.
349 693 431 739 fol„
463 691 702 745 Antverpiae
739 696 863 735 1609.
895 693 984 740 fol.,
1023 705 1108 731 cum
1141 692 1336 743 castigatt.
1363 696 1406 730 et
1435 689 1539 728 notis

194 749 261 789 Fa.
289 750 382 789 Imm
410 749 697 802 Heidelbergae
730 751 767 788 in
799 750 892 789 bibl.
920 750 1225 789 Commeliniano
1255 751 1381 791 1609.
1406 747 1539 798 fol-‚²)

194 807 353 846 Parisiis
388 810 510 850 1616.
544 809 633 855 fol.,
673 808 861 847 Coloniae
898 807 1139 860 Agrippinae
1175 810 1298 850 1617.
1330 803 1414 853 fol„
1446 803 1541 844 Fra-

195 865 365 904 nekerae
402 868 527 906 1627.
561 865 649 911 fol.,
681 865 830 915 Tigurii
855 878 878 903 a
903 864 1081 916 Bellegio
1116 868 1239 906 1657.
1271 864 1354 911 fol„
1385 861 1542 914 Argen-

195 923 316 962 torati
345 925 468 965 1657.
496 922 579 968 fol„
612 921 845 973 Rothomagi
874 925 996 964 1662.
1031 922 1114 968 fol„
1153 921 1313 960 Parisiis
1347 922 1472 962 1658.
1499 922 1540 960 8.

195 1003 255 1010 —-
285 979 378 1018 Post
408 979 568 1017 Pamelii
607 992 720 1017 curas
758 979 814 1017 Io.
841 978 1056 1018 Lunovicus
1087 992 1137 1017 nn
1169 992 1218 1017 LA
1249 978 1384 1017 emm
1421 989 1544 1029 opera

196 1037 425 1076 Tertulliani
458 1035 582 1074 edidit
605 1035 787 1075 Lutetiae
814 1035 1051 1074 Parisiorum
1080 1038 1191 1078 1624
1217 1041 1258 1074 et
1284 1036 1409 1076 1630.
1435 1032 1540 1074 Voll.

198 1095 248 1134 11.
276 1102 316 1134 et
341 1093 433 1133 ibid.
464 1098 586 1136 1641.
612 1094 701 1141 f01.‚
734 1101 850 1146 atque
882 1094 1066 1132 immensa
1096 1098 1433 1144 argumentorum,
1475 1104 1544 1131 ex-

197 1154 447 1206 plicationum
482 1159 522 1190 et
554 1159 730 1190 notarum
762 1152 862 1191 mole
896 1159 936 1191 et
968 1151 1165 1203 farragine
1198 1151 1371 1190 lecturos
1396 1156 1543 1189 tantum

198 1211 322 1250 abfuit
341 1218 382 1249 ut
403 1210 595 1257 alliceret,
623 1218 664 1248 ut
682 1224 827 1249 summo
849 1208 980 1249 taedio
1000 1209 1186 1256 afficeret,
1212 1208 1400 1261 bonisque
1420 1207 1544 1248 literis

199 1276 344 1308 tantum
372 1281 419 1307 eo
448 1268 652 1316 consuluit,
680 1267 782 1321 quod
809 1267 1019 1307 editionem
1045 1281 1122 1306 non
1148 1266 1325 1306 absolvit.

315 1325 491 1378 Denique
524 1339 661 1364 novam
693 1327 964 1365 recensionem
995 1324 1157 1364 adorsus
1189 1331 1250 1363 est
1279 1324 1543 1378 plurimisque,

201 1385 266 1436 qui
291 1396 377 1423 eum
404 1385 529 1422 secuti
555 1391 655 1431 sunt,
684 1383 899 1422 editoribus
925 1383 1086 1422 tradidit
1110 1382 1305 1422 Nmomus
1324 1381 1544 1421 erurms.

202 1441 239 1480 ls
259 1449 301 1480 ut
320 1442 475 1493 optimis
496 1439 647 1479 adiutus
667 1441 740 1479 fuit
764 1441 957 1488 subsidiis,
985 1443 1038 1480 ita
1064 1442 1228 1479 maxime
1253 1437 1544 1492 vituperandus,

203 1497 307 1549 quod
339 1510 463 1549 neque
498 1498 599 1534 iusta
625 1497 826 1548 diligentia
857 1511 981 1550 neque
1014 1498 1139 1537 solida
1164 1497 1240 1537 fide
1267 1497 1387 1536 libros
1413 1508 1546 1536 manu·

203 1555 370 1606 scriptos
407 1555 709 1604 recognoverit,
754 1562 870 1606 atque
910 1554 1111 1606 cupidiore
1149 1556 1267 1593 fuerit
1303 1553 1470 1593 audacia
1506 1553 1546 1591 iu

203 1613 281 1651 suis
307 1618 348 1650 et
372 1611 534 1649 aliorum
561 1612 799 1650 coniecturis
833 1613 935 1650 omni
962 1611 1139 1650 codicum
1165 1612 1399 1650 auctoritate
1425 1609 1546 1648 desti-

202 1670 295 1708 tutis
333 1669 531 1707 contextui
570 1667 838 1716 inseruendis,
884 1681 995 1720 quam
1037 1669 1245 1719 sagaciore
1282 1667 1470 1707 industria
1507 1667 1547 1706 in

203 1727 394 1779 antiquis,
433 1739 526 1778 quas
557 1725 764 1765 Rhenanus
802 1733 1046 1773 servaverat,
1084 1725 1287 1778 scripturis
1323 1723 1476 1764 tuendis
1508 1731 1549 1764 et

204 1782 473 1824 defendendis.
552 1783 652 1822 Nam
685 1798 796 1837 quum
834 1785 957 1823 oculis
1001 1790 1205 1836 usurparet
1247 1782 1547 1834 consuleretque

206 1840 641 1894 codicesAgobardi,
669 1841 1012 1890 FulviiUrsini‚
1040 1840 1336 1888 Fuldensem,
1359 1838 1548 1879 Claudii

204 1900 422 1947 puteani,
460 1899 588 1939 Petri
626 1899 815 1939 Pithoei
853 1907 894 1939 et
931 1899 975 1939 P.
1007 1899 1184 1938 Belinii
1220 1898 1546 1944 Divionensis,

204 1960 288 1997 iure
311 1971 445 2010 posses
466 1957 720 2005 contendere,
747 1958 890 1997 nemini
910 1956 1114 2004 editorum,
1141 1963 1300 2009 praeter
1320 1954 1548 1995 Salmasium

206 2015 612 2068 et·Havercampum‚
657 2015 772 2054 fidem
815 2014 951 2054 deberi
994 2016 1116 2066 magis
1158 2021 1290 2053 tutam.
1362 2011 1418 2052 At
1452 2024 1548 2051 vero

206 2074 361 2111 malum!
402 2072 491 2125 quid
528 2073 682 2112 tandem
720 2074 814 2112 fecit
852 2072 981 2112 editor
1017 2073 1083 2111 ille
1116 2070 1400 2110 nobilissimus?
1457 2068 1548 2108 Non

206 2131 347 2182 ubique
374 2144 420 2169 ac
447 2131 607 2182 singulis
632 2132 669 2169 in
696 2131 806 2178 locis,
835 2144 928 2182 quos
955 2131 1125 2176 mutavit,
1151 2135 1340 2168 vetustam
1368 2125 1547 2167 codicum

207 2189 434 2240 scripturam
457 2189 640 2237 enotavit,
663 2189 739 2227 imo
760 2189 879 2227 satius
899 2188 1032 2227 habuit
1051 2185 1218 2240 superba
1238 2183 1401 2239 quadam
1416 2190 1548 2224 osten·

302 2327 337 2368 1)
363 2328 462 2359 Hanc
493 2327 679 2359 editionem
711 2328 893 2360 Fabricius
928 2328 978 2359 ait
1009 2337 1086 2359 cum
1118 2324 1291 2365 losephi
1327 2320 1548 2364 scaligeri

209 2373 495 2412 castigationibus
516 2376 658 2405 exstare
676 2374 711 2404 in
731 2375 810 2406 bibl.
824 2374 997 2413 Leidensi,
1019 2373 1110 2413 quod
1130 2372 1233 2404 etiam
1254 2370 1376 2402 retulit
1389 2370 1460 2410 sig.
1473 2369 1545 2400 Ha-

207 2427 427 2459 vercnmpus,
443 2420 499 2450 cui
513 2423 695 2460 praeterea
709 2421 751 2450 ad
765 2430 887 2452 manus
901 2422 1045 2451 fuerunt
1063 2418 1179 2450 Petri
1197 2416 1410 2451 Scriverii
1427 2421 1548 2446 emen-

209 2464 368 2494 dationes
377 2474 422 2495 ex
433 2466 529 2497 codd.
539 2467 686 2506 vetustis
701 2466 896 2506 exemplari
909 2476 972 2498 suo
988 2465 1196 2504 adscriptae.
1259 2461 1297 2507 2)
1305 2463 1395 2494 Huic
1403 2459 1548 2492 editioni

210 2510 348 2540 additae
370 2513 451 2541 sunt
473 2521 544 2543 var.
565 2512 735 2543 lectiones
756 2512 974 2553 Apologetici
997 2514 1031 2542 et
1051 2511 1131 2542 libri
1154 2510 1230 2542 adv.
1249 2509 1406 2546 ludaeos,
1427 2514 1513 2545 qun·
1526 2514 1546 2536 e

209 2556 476 2632 maqusctriptis,
527 2559 715 2598 praecipue
742 2568 760 2590 e
786 2558 860 2590 cod.
890 2557 1054 2589 Fuldensi
1089 2557 1264 2596 Gaspar
1299 2551 1544 2592 Schoppiun

211 2611 275 2632 eno
294 2611 350 2632 am
367 2623 375 2631 ·
