1604 2800
174 158 199 167 ι

517 211 590 243 DE
626 211 823 243 CARNE
860 211 1146 250 CHRISTI„
1416 211 1482 249 S!

145 303 288 342 somnis
313 301 362 341 ad
387 302 547 355 Ioseph:
586 291 679 341 nani
699 301 802 355 quod
827 304 866 341 in
897 315 944 341 ca
975 309 1104 342 natum
1135 310 1213 350 est,
1252 305 1394 356 inquit,
1431 305 1481 345 de

93 362 100 368 '
145 361 281 413 spiritu
306 366 441 399 sancto
467 367 544 405 est,
562 361 599 409 ¹)
625 374 702 399 non
729 359 826 399 dixit
851 372 900 399 ex
925 373 984 399 ea.
1018 364 1022 366 ’
1045 360 1196 413 Nempe
1222 368 1368 409 tamen,
1406 365 1480 402 etsi

145 430 195 456 ex
221 430 270 456 ea
294 416 474 465 dixisset,
501 419 539 457 in
565 431 612 456 ea
638 417 810 466 dixerat3
836 419 876 456 in
902 430 949 457 ea
974 419 1075 457 enim
1101 426 1203 466 erat,
1232 418 1333 471 quod
1358 433 1409 459 ex
1433 434 1481 460 ea

143 482 241 515 erat.
304 474 544 515 Tantundem
571 489 690 528 ergo,
717 483 759 515 et
785 489 869 514 cum
897 475 991 515 dicit
1015 477 1052 514 in
1080 489 1127 516 ea
1152 484 1193 516 et
1218 490 1267 516 ex
1293 491 1358 525 ea,
1386 492 1480 517 con-

145 540 277 580 sonat,
305 535 393 585 quia
418 547 469 572 ex
494 547 542 573 ca
567 541 670 581 erat,
698 533 800 586 quod
826 535 865 572 in
892 547 939 572 ea
964 541 1062 573 erat.
1125 533 1203 573 Sed
1229 535 1349 583 hene,
1378 536 1478 588 quod

144 589 245 630 idem
272 589 368 630 dicit
390 591 624 638 Matthaeus,
653 593 843 643 originem
871 590 1013 630 domini
1040 591 1252 632 decurrens
1277 593 1325 631 ab
1352 592 1484 639 Abra-,

142 649 230 687 ham
257 661 375 700 usque
402 648 451 688 ad
475 649 658 688 Mariam:
686 649 817 697 Iacob,
844 650 985 701 inquit,
1013 652 1215 701 generavit
1242 651 1395 703 Ioseph,
1421 653 1478 690 vi-

142 719 224 745 rum
249 705 420 753 Mariae,
459 720 509 745 ex
540 720 614 759 qua
640 708 813 745 nascitur
838 706 1081 759 Christus.2)
1144 706 1223 746 Sed
1260 715 1301 746 et
1338 708 1478 748 Paulus

143 764 406 814 grammaticis
444 765 527 801 istis
564 765 758 802 silentium
790 765 967 816 imponit.
1037 763 1161 811 Misit,
1205 765 1344 817 inquit,
1384 765 1478 805 deus

140 819 260 859 filium
285 833 392 859 suum
418 820 562 859 factum
588 834 639 860 ex
662 822 888 870 muliere.³)
949 820 1143 873 Numquid
1168 834 1240 875 per
1264 823 1475 871 mulierem,

141 884 208 916 aut
231 878 271 916 in
295 878 484 917 muliere?
518 878 601 917 Hoc
628 877 780 930 quidem
806 879 1042 930 impressiuS,
1070 878 1172 931 quod
1197 880 1340 919 factum
1367 880 1475 928 dicit,

141 947 253 988 quam
284 943 433 980 natum3
470 937 681 988 simplicius
713 937 813 974 enim
846 937 1084 975 enuntiasset
1114 944 1256 976 natum.
1318 938 1475 977 Factum

141 1000 269 1032 autem
295 991 483 1041 dicendo,
516 1001 558 1032 et
587 994 746 1032 verbum
773 1007 866 1032 caro
894 994 1036 1032 factum
1064 996 1192 1044 est‚⁴)
1219 997 1473 1047 consignavit,

139 1057 182 1090 et
217 1052 345 1090 carnis
375 1052 578 1090 veritatem
611 1064 660 1090 ex
684 1052 834 1101 virgine
860 1051 989 1089 factae
1003 1052 1040 1099 ⁵)
1068 1050 1328 1091 adseveravit.
1391 1053 1475 1091 No-

138 1108 199 1147 bis
236 1121 388 1160 quoque
421 1108 469 1147 ad
501 1109 600 1147 hanc
631 1109 800 1160 speciem
832 1108 967 1160 psalmi
998 1109 1360 1159 patrocinabuntur,
1397 1123 1473 1148 non

140 1164 294 1217 quidem
327 1173 529 1217 apostatae
566 1173 606 1204 et
637 1166 825 1204 haeretici
857 1172 897 1203 et
929 1164 1119 1203 Platonici
1150 1165 1366 1213 Valentini,
1405 1167 1474 1206 sed

146 1223 376 1262 sanctissimi
402 1229 442 1261 et
467 1224 726 1275 receptissimi
752 1223 966 1275 prophetae
993 1221 1130 1261 David.
1181 1222 1249 1262 Ille
1276 1223 1376 1276 apud
1403 1238 1474 1263 nos

142 1281 248 1319 cauit
279 1279 491 1327 Christum,
529 1293 602 1333 per
633 1293 743 1332 quem
777 1293 819 1318 se
853 1281 998 1319 cecinit
1030 1281 1112 1332 ipse
1145 1280 1332 1319 Christus.
1392 1280 1474 1321 Ac-

141 1338 228 1389 cipe
254 1336 448 1376 Christum
473 1345 514 1376 et
538 1337 627 1376 audi
653 1337 845 1376 dominum
871 1339 972 1390 patri
1005 1336 1080 1376 deo
1112 1338 1472 1390 colloquentemtss)

140 1395 230 1448 quia
253 1402 295 1433 tu
320 1407 381 1442 es,
420 1396 484 1447 qui
516 1396 686 1434 avulsisti
719 1407 779 1433 me
812 1408 861 1433 ex
885 1402 997 1433 utero
1024 1396 1155 1433 matris
1181 1408 1303 1434 meae.
1364 1395 1472 1436 Ecce

138 1465 266 1493 unum.
327 1451 380 1490 Et
414 1465 503 1504 spes
533 1465 619 1491 mea
651 1452 699 1491 ab
732 1452 913 1491 uberibus
945 1453 1077 1490 matris
1113 1465 1243 1501 meae,
1281 1466 1398 1506 super
1434 1461 1473 1492 te

139 1523 223 1549 sum
258 1509 458 1562 proiectus
495 1523 545 1549 ex
580 1510 705 1549 vulva.
767 1509 874 1549 Ecce
900 1508 1020 1548 aliud.
1083 1509 1135 1548 Et
1162 1510 1211 1548 ab
1241 1517 1355 1550 utero
1393 1525 1473 1550 ma-

137 1568 211 1606 tris
234 1580 344 1607 meae
370 1566 464 1607 deus
490 1581 596 1607 meus
621 1581 663 1608 es
688 1568 788 1615 tufi)
850 1567 957 1607 Ecce
983 1567 1109 1606 aliter.
1170 1567 1284 1607 Nunc
1310 1568 1359 1607 a'd
1385 1582 1473 1608 sen-

140 1638 204 1664 sus
228 1626 333 1677 ipsos
359 1623 617 1664 decertemus.
678 1625 883 1671 Avulsisti,
922 1625 1064 1676 inquit,
1103 1637 1154 1663 ex
1182 1632 1308 1664 utero.
1372 1626 1471 1674 Quid

139 1683 334 1728 avellitur,
361 1683 434 1720 nisi
460 1681 563 1733 quod
588 1682 779 1727 inhaeret,
807 1681 909 1733 quod
934 1681 1103 1728 infixum,
1130 1683 1309 1721 innexum
1335 1690 1396 1721 est
1420 1685 1471 1730 ei,

139 1752 164 1777 a
201 1751 297 1790 quo,
334 1745 378 1776 ut
413 1739 630 1785 auferatur,
669 1738 872 1776 avellitur?
938 1736 979 1775 Si
1017 1751 1094 1775 non
1131 1738 1307 1778 adhaesit
1344 1747 1470 1787 utero,

141 1794 334 1848 quomodo
356 1796 508 1833 avulsus
528 1797 611 1833 est?
635 1796 667 1832 si
693 1793 883 1840 adhaesit,
912 1796 975 1846 qui
1001 1795 1153 1833 avulsus
1178 1803 1250 1843 est,
1277 1797 1471 1848 quomodo

141 1852 402 1898 adhaesisset,
437 1853 509 1890 nisi
534 1851 620 1890 dum
647 1865 697 1890 ex
723 1858 833 1890 utero
859 1858 920 1890 est
943 1865 1015 1904 per
1038 1853 1142 1891 illum
1167 1866 1324 1893 nervum
1348 1855 1472 1893 umbi-

142 1911 319 1956 licarem,
353 1910 460 1961 quasi
486 1909 648 1948 folliculi
673 1910 731 1947 sui
756 1908 974 1956 traducem,
1006 1908 1195 1949 adnexum
1223 1912 1365 1962 origini
1387 1913 1471 1951 vul-

140 1971 238 2007 vae?
296 1967 422 2006 Etiam
461 1979 545 2005 cum
584 1965 673 2018 qnid
710 1973 935 2006 extraneum
972 1974 1161 2007 extraneo
1193 1967 1469 2020 adglutinatur,

145 2027 201 2064 ita
227 2031 488 2064 concarnatur
512 2031 553 2063 et
578 2025 870 2063 convisceratur
895 2038 980 2063 cum
1006 2038 1077 2073 eo,
1107 2027 1167 2064 cui
1194 2025 1469 2078 adglutinatur,

140 2090 202 2130 nt,
235 2096 320 2121 cum
346 2082 544 2128 avellitur,
577 2082 703 2134 rapiat
727 2095 856 2121 secum
882 2095 933 2121 ex
958 2096 1125 2135 corpore
1152 2084 1315 2137 aliquid,
1347 2099 1369 2123 a
1395 2098 1470 2137 quo

141 2140 339 2185 avellitur,
389 2140 496 2191 quasi
540 2140 734 2191 sequelam
778 2139 967 2192 quandam
1010 2140 1198 2194 abruptae
1234 2143 1392 2180 unitatis
1430 2149 1471 2180 et

140 2195 353 2248 producem
368 2198 405 2244 ⁸)
445 2197 563 2235 mutui
600 2198 740 2235 coitus.
816 2197 997 2237 Ceterum
1040 2212 1138 2251 quae
1180 2198 1300 2237 ubera
1337 2200 1469 2237 matris

142 2266 234 2292 suae
273 2254 468 2291 nominat?
504 2254 586 2292 sine
624 2253 739 2292 dubio
772 2267 868 2306 quae
900 2255 1037 2294 hausit.
1099 2253 1375 2307 Respondeant
1400 2256 1469 2295 ob-

235 2377 274 2422 1)
300 2379 423 2411 Matth.
440 2381 471 2419 1,
487 2381 541 2410 20.
636 2378 673 2422 2)
698 2380 822 2411 matth.
837 2383 869 2420 ι,
884 2382 939 2413 16.
1035 2383 1071 2422 3)
1098 2382 1174 2411 Gai.
1190 2383 1223 2419 4,
1239 2383 1273 2411 4.
1369 2383 1406 2422 4)
1421 2384 1469 2414 ιο.

143 2429 181 2466 1,
208 2429 264 2457 14.
373 2423 410 2468 5)
436 2426 494 2457 Sic
520 2426 596 2457 cod.
619 2426 775 2465 Pithoei;
812 2427 920 2457 Rhen.
951 2428 1005 2460 ed.
1029 2430 1053 2458 1.
1080 2428 1260 2459 veritati
1284 2436 1337 2458 ex
1363 2428 1469 2468 virg.

142 2474 305 2511 factae3
343 2472 470 2505 ceteri:
506 2472 733 2503 veritatem
760 2481 811 2503 ex
836 2473 941 2514 virg.
967 2475 1138 2505 factam.
1244 2472 1362 2516 6)1tn
1380 2475 1467 2513 Get„

141 2519 195 2550 ed.
218 2519 339 2558 Frau.,
367 2519 460 2559 Rig.;
499 2518 606 2549 Rhen.
630 2519 682 2549 ed.
707 2518 732 2548 1.
755 2518 912 2558 Accipe
936 2521 979 2551 ot
1002 2519 1136 2551 David
1162 2520 1327 2551 domino
1353 2521 1469 2559 patri

142 2564 218 2596 deo
244 2565 528 2603 eloquentem.
624 2564 661 2602 Ἰ)
686 2565 931 2603 Ps.22,1osq.
1026 2564 1065 2609 8)
1089 2568 1142 2597 lta
1154 2566 1468 2608 Rhen.e‹1.1.‚Gel.

144 2612 179 2641 et
192 2610 244 2642 ed.
257 2610 590 2651 Fran.traducis‚
616 2611 986 2651 Rig.ecod.Pithoei:
1012 2612 1229 2652 producis.
