1566 2808
171 173 278 210 188
429 175 554 206 ADV.
593 175 956 208 MARCloNEM
993 176 1250 210 MBERW.

175 267 401 305 remetietur
424 267 591 317 vobis.¹)
625 266 674 305 U't
700 268 851 319 opinor,
877 269 974 307 haec
1001 268 1293 308 retributionem
1319 271 1509 321 promeri-

177 325 224 362 tis
251 332 500 375 provocatam
526 331 679 363 sonant.
742 324 778 363 A
805 338 878 377 quo
906 339 1001 378 ergo
1028 326 1258 366 retributio?
1294 324 1336 365 Si
1362 326 1410 365 ab
1436 326 1506 365 ho·

175 381 338 419 minibus
369 389 533 429 tantum,
573 395 668 434 ergo
702 382 900 430 humanam
933 383 1051 423 docet
1077 380 1314 436 disciplinam
1341 391 1381 423 et
1405 397 1507 423 mer-

177 438 324 486 cedem,
352 446 391 477 ct
417 441 453 477 in
483 447 600 478 totum
627 440 842 479 hominibus
868 440 1111 491 obediemus3
1150 443 1181 479 si
1209 455 1231 480 a
1258 447 1438 480 creatore
1463 448 1507 479 ut

175 510 198 534 a
229 496 357 539 iudice
390 504 429 535 et
460 496 709 549 dispunctore
741 499 988 544 meritorum,
1027 512 1122 550 ergo
1148 499 1204 537 illi
1236 505 1406 538 nostrum
1439 499 1508 536 im-

175 554 285 606 pellit
310 554 558 606 obsequium,
597 555 697 607 apud
736 569 844 608 quem
878 557 1077 594 constitnit
1111 556 1405 596 retributionem
1444 569 1509 595 ca-

175 608 355 663 ptandam
387 613 448 651 vel
476 612 705 660 timendam,
744 619 859 665 prout
884 615 1040 665 quisque
1066 612 1386 653 iudicaveritaut
1417 626 1510 652 con-

177 668 416 708 demnaverit
441 678 506 708 aut
532 670 720 710 dimiserit
745 678 811 709 aut
835 684 986 710 mensus
1012 672 1147 720 fuerit3
1174 673 1206 710 si
1226 671 1272 710 ab
1288 673 1385 724 ipso,
1412 683 1508 722 ergo

177 733 217 765 et
248 727 313 765 ille
346 729 419 765 iam
451 727 614 775 iudicat,
655 728 756 780 quod
787 729 964 768 Marcion
995 735 1125 780 negat.
1186 728 1344 781 Eligant
1379 730 1509 780 itaque

176 783 459 830 Marcionitae,
510 798 557 823 ne
601 787 698 824 tanti
741 787 790 824 sit
828 786 875 824 de
920 786 1095 837 magistri
1137 787 1273 837 regula
1311 785 1509 832 excidere,

178 842 307 893 quanti
327 843 364 889 2)
406 842 598 880 Christum
636 850 701 880 aut
740 843 954 881 hominibus
992 850 1057 881 aut
1095 845 1264 882 creatori
1304 842 1509 898 docentem

178 899 335 938 habere.
398 898 477 937 Sed
504 913 644 938 caecus
672 913 828 939 caecum
856 900 964 938 ducit
990 901 1027 938 in
1059 901 1275 949 foveam.³)
1339 899 1512 939 Credunt

178 956 294 1008 aliqui
317 956 522 995 Marcioni.
564 956 641 996 Sed
668 971 743 995 non
770 964 829 996 est
855 957 1062 1009 discipulus
1083 958 1509 1010 super-magistrum.4)

179 1013 262 1052 Hoc
295 1015 512 1053 meminisse
545 1014 735 1053 debuerat
765 1014 948 1066 Apelles,
985 1015 1197 1054 Marcionis
1234 1015 1282 1054 de
1321 1014 1510 1067 discipulo

179 1070 418 1110 emendator.
491 1070 645 1110 Eximat
681 1079 721 1110 et
758 1071 805 1110 de
844 1073 958 1111 oculo
996 1086 1065 1110 suo
1102 1073 1250 1111 trabem
1276 1072 1510 1119 haereticus,

180 1135 268 1166 tunc
296 1129 334 1166 in
360 1129 473 1167 oculo
501 1128 733 1176 Christiani,
760 1130 791 1167 si
819 1143 928 1181 quam
955 1137 1064 1181 putat
1088 1130 1283 1182 stipulam,
1315 1131 1510 1178 revincat3

179 1184 342 1238 proinde
375 1193 416 1224 et
446 1185 564 1225 arbor
593 1185 696 1226 hona
729 1200 804 1224 non
837 1187 1012 1238 proferat
1037 1187 1173 1225 malum
1201 1188 1384 1235 fructum,
1424 1188 1512 1240 quia

180 1256 252 1282 nec
284 1244 428 1282 veritas
461 1243 660 1291 haeresin,
699 1258 772 1283 nec
798 1245 898 1282 mala
923 1245 1085 1292 bonum,
1127 1246 1214 1297 quia
1241 1258 1313 1284 nec
1338 1245 1512 1284 haeresis

178 1302 400 1348 veritatem,
439 1303 495 1341 sic
527 1315 599 1340 nec
625 1301 802 1341 Marcion
834 1301 978 1354 aliquid
1009 1303 1100 1341 boni
1133 1302 1181 1341 de
1209 1303 1389 1342 thesauro
1417 1302 1513 1341 Cer-

181 1357 291 1396 donis
329 1359 429 1396 malo
459 1360 689 1411 protulit‚5)
730 1372 803 1399 nec
834 1359 994 1412 Apelles
1026 1360 1074 1399 de
1104 1360 1330 1400 Marcionis.-
1390 1360 1512 1404 Multo

181 1415 281 1452 enim
319 1415 416 1454 haec
456 1417 731 1466 congruentius
774 1419 811 1455 in
849 1419 953 1468 ipsos
996 1419 1360 1470 interpretabimur,
1415 1430 1513 1470 quae

183 1472 356 1522 Christus
381 1473 420 1510 in
445 1473 618 1511 homines
644 1474 925 1524 allegorizavit,
952 1489 1028 1513 non
1054 1476 1092 1513 in
1119 1475 1214 1514 duos
1241 1474 1348 1522 deos,
1375 1488 1514 1517 secun-

182 1528 270 1568 dum
301 1529 523 1568 scandalum
546 1530 770 1570 Marcionis.
832 1530 929 1569 Puto
967 1545 1026 1570 me
1058 1545 1134 1570 non
1165 1539 1312 1571 temere
1344 1533 1418 1572 hue
1450 1546 1515 1571 us-

183 1600 256 1639 que
287 1586 413 1626 adhuc
446 1588 571 1626 lineae
602 1589 800 1636 insistere,
841 1602 913 1640 qua
940 1588 1109 1636 definio,
1149 1603 1332 1641 nusquam
1358 1592 1513 1629 omnino

182 1645 296 1683 alium
329 1644 440 1683 deum
473 1659 496 1683 a
529 1645 682 1685 Christo
713 1647 937 1685 revelatum.
1000 1646 1042 1685 In
1073 1647 1149 1685 hoc
1174 1648 1258 1686 solo
1283 1646 1514 1687 adulterium

181 1701 394 1741 Marcionis
419 1715 552 1741 manus
577 1705 766 1755 stupuisse
793 1704 930 1751 miror,
970 1705 1043 1742 nisi
1074 1703 1175 1755 quod
1201 1706 1317 1743 etiam
1343 1705 1515 1744 latrones

186 1760 331 1798 timent.
392 1759 546 1799 Nullum
586 1761 814 1799 maleficium
847 1762 929 1800 sine
961 1762 1168 1800 formidine
1200 1769 1283 1810 est,
1323 1763 1410 1815 quia
1441 1776 1516 1802 nec

183 1818 264 1856 sine
298 1818 539 1856 conscientia
570 1819 640 1857 sui.
700 1819 793 1857 Tam
826 1818 891 1857 diu
922 1832 1018 1871 ergo
1057 1825 1096 1858 et
1128 1817 1262 1858 Iudaei
1293 1833 1368 1858 non
1400 1820 1514 1859 alium

184 1874 294 1913 deum
322 1882 479 1922 norant,
519 1889 628 1928 quam
653 1883 820 1928 'praeter
850 1890 958 1929 quem
992 1878 1180 1917 neminem
1211 1875 1335 1916 adli'uc
1361 1884 1514 1924 norant,

184 1944 257 1970 nec
283 1933 397 1971 alium
424 1932 536 1972 deum
562 1935 820 1986 appellabant,
849 1947 957 1986 qnam
985 1948 1095 1987 quern
1122 1934 1242 1974 solum
1267 1941 1419 1974 norant.
1471 1933 1515 1973 Si

184 1989 238 2026 ita
264 1996 335 2035 est,
363 1991 445 2041 quis
470 1991 665 2030 videbitur
692 1991 853 2031 dixisse:
892 1992 980 2044 quid
1006 1993 1223 2043 vocatis·:⁶)
1251 1991 1417 2040 domine,
1444 1991 1515 2031 do-

184 2047 369 2098 mine?⁷)
432 2046 615 2087 Utrumne
654 2051 716 2101 qui
756 2063 945 2101 nunquam
983 2050 1057 2090 hoc
1094 2051 1221 2089 fuerat
1255 2056 1436 2097 vocatus,
1472 2057 1516 2089 ut

185 2117 367 2155 nusquam
399 2104 523 2144 adhuc
556 2107 700 2154 editus,
738 2121 787 2146 an
813 2108 897 2154 ille,
931 2109 993 2159 q'ui
1019 2120 1171 2159 semper
1196 2106 1370 2146 domiuus
1395 2107 1516 2154 habe-

185 2161 317 2209 batur,
354 2169 396 2200 ut
426 2176 448 2201 a
479 2164 690 2215 primordio
725 2166 920 2215 cognitus,
960 2163 1054 2202 deus
1083 2165 1238 2203 scilicet
1263 2164 1516 2204 Iudaeorum?

187 2218 279 2266 Quis
316 2220 407 2259 item
438 2219 628 2260 adiecisse
660 2222 869 2273 potuisset:
908 2228 948 2260 et
977 2234 1053 2260 non
1085 2222 1231 2269 facitis,
1271 2235 1367 2274 quae
1400 2221 1515 2261 dico?

188 2276 371 2316 Utrumne
387 2279 547 2329 quicum
570 2280 732 2318 maxime
753 2278 922 2318 edocere
944 2279 1131 2326 tentabat,
1159 2294 1206 2318 an
1227 2281 1289 2332 qui
1309 2293 1332 2318 a
1350 2280 1514 2332 primor-

187 2333 252 2372 dio
285 2334 333 2373 ad
365 2336 453 2374 illos
478 2343 518 2374 et
551 2337 648 2388 legis
681 2344 719 2376 et
749 2338 1032 2391 prophetarum,
1055 2338 1209 2390 eloquia
1241 2337 1515 2376 mandaverat?

281 2486 316 2522 1)
344 2487 424 2516 huc.
441 2489 472 2528 6,
487 2488 542 2518 37.
559 2487 612 2519 38.
683 2487 718 2524 2)
745 2487 915 2529 Βὴεῃ.ἐᾶ,
930 2491 956 2520 Ι.
979 2497 1027 2526 qu
1038 2498 1110 2522 am.
1125 2490 1199 2519 Lat.
1214 2489 1247 2518 et
1262 2488 1334 2527 Rig.
1351 2496 1368 2526 q
1380 2496 1399 2517 u
1410 2488 1511 2520 anti.

188 2527 225 2571 3)
251 2531 333 2563 Luc.
350 2533 382 2571 6,
399 2534 453 2562 39.
548 2531 585 2574 4)
612 2534 694 2565 Luc.
709 2535 740 2570 6,
755 2535 811 2563 40.
907 2536 940 2567 5)
965 2535 1048 2566 Luc,
1060 2537 1092 2574 6,
1113 2534 1260 2579 41-5-45.
1355 2535 1391 2574 ὃ)
1407 2534 1514 2565 Rheu-
1554 2567 1557 2569 ,

188 2575 239 2606 ed.
266 2577 288 2607 Ι.
316 2586 364 2614 qu
376 2578 414 2608 id
436 2588 577 2610 vocas.
677 2580 713 2620 7)
739 2581 822 2612 Luc.
838 2582 869 2621 6,
883 2581 938 2611 46.
