1604 2800
344 157 422 189 DE
456 155 973 190 RESURRECTIONE
1009 158 1237 192 camus.
1363 160 1460 198 122

124 248 213 291 dem
238 250 379 290 iniuria
405 248 571 289 noudum
594 249 739 302 populo
770 249 997 298 accidisset,
1035 253 1335 292 resurrection&
1365 267 1459 294 vero

123 321 214 361 spes
237 306 340 360 apud
364 308 468 347 illum
492 308 718 359 saepissime
745 306 973 355 cecidisset,
1010 316 1052 348 et
1073 310 1301 350 manifestus
1325 321 1387 352 est
1409 311 1459 352 de

123 379 331 418 corporum
361 366 522 404 interitu
552 365 793 404 labefactans
830 364 1010 405 fiduciam
1047 369 1367 416 resurrectionis,
1404 371 1461 409 ita

123 431 166 463 et
189 422 286 463 deus
309 436 395 463 eam
421 423 642 462 restruebat
655 425 693 474 ¹)
721 422 855 471 fidem,
894 437 1005 476 quam
1029 426 1193 478 populus
1218 425 1457 466 destruebat.

122 480 358 535 Quamquam
394 482 468 521 etsi
504 481 631 533 aliqua
667 482 928 534 praesentium
963 495 1092 521 rerum
1129 490 1220 527 tunc
1259 485 1459 524 conflicta-

121 539 231 579 tione
254 539 496 590 bau-ebat&
511 538 646 586 Israel,
673 553 751 578 nou
774 538 925 579 idcirco
951 540 990 578 in
1014 540 1204 593 parabola
1226 542 1459 595 accipienda

119 604 227 636 esset
250 597 501 636 revelationis
531 598 712 644 intentio,
750 596 820 637 sed
851 599 890 636 in
921 599 1169 639 testationem
1198 602 1459 640 resurrectio-

118 655 199 702 nis,
235 661 278 694 ut
299 656 340 694 in
365 655 467 694 illam
493 668 599 707 spem
626 657 801 707 erigeret
824 656 911 694 illos
934 663 1121 696 aeternae
1146 658 1300 697 scilicet
1322 658 1458 706 salutis

118 719 162 751 et
190 713 472 752 necessarioris
501 714 757 752 restitutionis
788 720 829 752 et
857 720 1058 753 averteret
1080 728 1104 753 a
1127 722 1312 767 respectu
1329 728 1459 768 >prae·

117 771 283 810 sentium
313 783 455 809 rerum.
515 769 580 808 Ad
609 770 684 809 boc
715 771 816 809 enim
847 777 889 809 et
924 771 991 809 alii
1026 772 1261 824 prophetae:
1300 773 1457 812 exibitis

116 825 167 866 de
186 827 383 878 *sepulcris
406 827 512 866 velut
535 827 645 866 vituli
670 825 719 866 de
744 828 908 866 vinculis
933 828 1070 876 soluti,
1106 836 1150 868 et
1174 830 1456 869 conculcabitis

115 884 311 924 inimicos.
328 885 366 932 ³)
428 883 479 923 Et
503 897 654 923 rursus:
691 883 878 936 gaudebit
902 898 974 925 cor
996 893 1184 935 vestrum,
1211 894 1252 926 et
1277 901 1365 926 ossa
1389 901 1456 927 ve—

112 948 198 982 stra
221 942 328 989 velut
350 942 472 983 herba
497 942 747 1009 orientur,⁴)
774 943 865 994 qnia
894 950 936 982 et
965 943 1087 983 herba
1117 944 1167 984 de
1200 943 1455 985 dissolutione

113 1005 159 1040 et
180 1000 404 1053 corruptela
429 1001 585 1039 seminis
610 1000 858 1038 reformatur.
923 1000 966 1039 Iu
990 1014 1148 1048 summa,
1173 1003 1206 1040 si
1231 1004 1389 1054 proprie
1416 1004 1456 1041 in

115 1056 274 1097 lsi-aulis
297 1063 437 1097 statum
464 1057 747 1108 resurgentium
774 1057 916 1096 ossium
941 1058 1069 1108 imago
1095 1058 1358 1106 contenditur,
1385 1073 1455 1099 cur

114 1115 234 1154 eti·
258 1129 336 1154 uon
361 1115 498 1155 Israeli
522 1112 807 1162 tantummodo,
843 1127 976 1153 verum
1008 1122 1050 1154 et
1073 1115 1248 1155 omnibus
1273 1117 1454 1167 gentibus

115 1170 254 1210 eadem
280 1185 369 1224 spes
394 1170 642 1210 adnuntiatur
666 1178 706 1210 et
729 1171 1106 1223 recorporandarum
1137 1180 1178 1212 et
1208 1172 1454 1212 redaniman-

115 1227 252 1269 darum
287 1229 537 1281 reliquiarnm
573 1236 615 1268 et
650 1227 698 1267 de
730 1229 918 1281 sepulcris
950 1229 1242 1269 excitandorum
1279 1239 1452 1270 mortuo-

115 1288 226 1326 rum?
283 1285 343 1326 De
369 1286 545 1325 omnibus
570 1286 673 1325 enim
698 1285 842 1325 dictum
874 1294 951 1326 est:
977 1289 1108 1327 vivent
1130 1290 1291 1336 mortui,
1318 1296 1359 1328 et
1384 1303 1453 1328 ex·

114 1351 277 1395 surgent
307 1343 356 1383 de
386 1344 595 1396 sepulcri53
632 1357 698 1382 ros
734 1345 856 1391 enim,
893 1345 958 1396 qui
982 1359 1005 1383 a
1030 1353 1069 1384 te
1094 1353 1173 1393 est,
1209 1345 1362 1386 medela
1392 1354 1454 1386 est

115 1401 266 1441 ossibus
291 1415 438 1441 eorum.
445 1403 485 1451 ⁵)
546 1401 643 1440 Item
674 1401 787 1440 alibi:
824 1403 956 1441 veniet
990 1402 1158 1441 adorare
1198 1405 1320 1442 omnis
1357 1417 1451 1443 caro

113 1460 155 1511 iu
191 1466 404 1511 conspectu
439 1472 547 1506 meo,
584 1457 683 1497 dicit
717 1458 966 1509 dominus36)
1000 1459 1179 1516 quaudo?
1216 1474 1302 1501 cum
1338 1474 1452 1514 prae-

114 1517 235 1556 terite
273 1516 450 1568 eoeperit
480 1515 632 1555 babitus
661 1515 791 1556 mundi
823 1517 946 1556 huius.
1009 1517 1136 1571 Supra
1159 1520 1280 1558 enim.
1319 1533 1452 1586 quem-

113 1572 319 1613 admodum
344 1575 496 1614 coelum
520 1588 660 1614 novum
686 1582 727 1614 et
751 1581 858 1614 terra
882 1589 1000 1623 nova,
1033 1589 1132 1628 quae
1157 1589 1234 1628 ego
1259 1578 1384 1624 facio,
1411 1579 1452 1616 in

116 1639 334 1685 conspectu
357 1645 464 1678 meo,
498 1631 594 1671 dicit
617 1630 811 1678 dominus,
842 1633 897 1670 ita
921 1633 1040 1671 stabit
1063 1646 1195 1672 semen
1219 1635 1449 1682 vestrumst)

111 1688 222 1728 Tunc
246 1701 344 1740 ergo
369 1688 473 1741 quod
498 1689 672 1735 subiicit,
704 1688 943 1740 implebitur:
977 1696 1018 1728 et
1041 1690 1217 1738 exibunt,
1243 1693 1375 1743 utique
1400 1690 1451 1730 de

113 1746 316 1798 sepulcris,
342 1753 384 1784 et
400 1745 587 1784 videbunt
603 1752 710 1783 artus
730 1758 875 1792 eorum,
903 1747 967 1797 qui
987 1747 1103 1798 impie
1123 1755 1303 1798 egerunt,
1328 1761 1451 1800 quou-

114 1804 192 1842 iam
226 1803 368 1841 vermis
406 1802 559 1840 illorum
597 1815 674 1840 nou
711 1801 869 1841 decidet
899 1810 940 1841 et
970 1804 1070 1854 ignis
1102 1817 1235 1843 eorum
1266 1818 1344 1844 non
1380 1818 1450 1844 ex·

113 1861 352 1911 stingnetnr‚
379 1867 419 1898 et
443 1866 558 1898 erunt
583 1860 810 1911 conspectui
836 1861 939 1898 omni
964 1862 1091 1909 carni,
1106 1862 1144 1910 ⁸)
1171 1863 1326 1902 scilicet
1350 1876 1449 1915 quae

114 1918 348 1958 resuscitata
373 1924 412 1956 et
437 1929 594 1969 egressa
622 1915 670 1955 de
695 1917 886 1970 sepulcris
909 1917 1102 1958 dominum
1126 1932 1199 1972 pro
1223 1920 1296 1960 bac
1320 1922 1449 1972 gratia

113 1974 308 2015 adorabit.

232 2036 301 2075 32.
352 2030 431 2070 Sed
458 2044 506 2071 ne
532 2031 771 2078 solummodo
803 2046 936 2072 eorum
968 2047 1185 2087 corporum
1206 2039 1446 2076 resurrectio

113 2088 293 2129 videatur
328 2089 568 2143 praedicari,
618 2103 715 2142 quae
753 2091 943 2143 sepulcris
978 2091 1277 2140 demandantur,
1327 2095 1447 2134 habes

115 2148 319 2199 scriptum:
359 2155 399 2186 et
435 2145 624 2186 mandabo
660 2148 829 2200 piscibus
859 2150 976 2188 maris
1006 2158 1048 2189 et
1076 2151 1308 2190 eructabunt
1344 2165 1445 2198 ossa,

118 2217 215 2256 quae
241 2212 329 2243 sunt
354 2212 544 2251 comesta,
582 2211 623 2243 ct
646 2205 785 2244 faciam
812 2208 1079 2259 compaginem
1104 2208 1153 2247 ad
1179 2210 1446 2260 compaginem

115 2268 158 2300 et
181 2275 225 2301 os
250 2260 299 2300 ad
325 2261 428 2311 os.⁵)
489 2262 616 2314 Ergo,
647 2263 798 2315 inquis,
823 2271 865 2303 et
891 2266 1021 2317 pisces
1050 2266 1384 2305 resuscitabuntur
1406 2274 1447 2305 et

210 2424 247 2464 1)
275 2424 355 2454 Cod.
370 2425 487 2456 Gon-2
512 2425 791 2458 restituebat.
887 2426 924 2465 2)
949 2427 1035 2466 θοι,
1050 2427 1101 2458 ed.
1115 2427 1229 2469 Fran„
1244 2428 1318 2470 Rig.
1331 2409 1444 2460 moe-¹

115 2470 250 2501 rebat.
347 2472 383 2510 3)
409 2471 557 2502 Malaeh.
572 2472 604 2511 4,
626 2473 647 2502 2
660 2481 711 2511 sq.
804 2473 842 2514 4)
866 2474 931 2504 len.
946 2476 1002 2512 66,
1020 2474 1074 2504 14.
1171 2476 1208 2514 5)
1237 2476 1302 2506 len.
1317 2475 1372 2515 26,
1387 2475 1443 2507 19.

115 2515 159 2591 Ξ),
177 2517 248 2594 Ῑε1ι3
269 2518 323 2558 66,
351 2518 407 2549 23.
503 2516 540 2557 ·1)
564 2519 629 2549 les.
657 2520 713 2559 66,
740 2519 795 2550 22.
889 2515 929 2561 8)
954 2521 1017 2551 les.
1043 2521 1097 2561 66,
1125 2521 1179 2552 24.
1275 2519 1313 2564 9)
1334 2520 1442 2561 Apoc.

167 2583 178 2602 5
