1604 2800
138 166 244 203 324
593 165 719 199 ADV.
757 165 1032 199 IUDAEOS.

138 260 257 299 Israel
291 257 454 305 excidit,
488 257 696 297 secundum
724 259 957 299 Hieremiam
990 259 1203 298 dicentem:
1239 259 1401 307 mittite,
1435 265 1476 299 et
1533 278 1535 284 ¹

138 320 379 368 interrogate
412 317 542 363 nimis,
581 317 613 355 si
650 317 753 356 facta
785 325 872 356 sunt
902 318 1013 364 talia,
1053 317 1084 355 si
1115 316 1314 356 mutabunt
1338 323 1476 368 gentes

138 374 233 414 deos
255 387 360 421 suos,
388 381 428 412 et
452 375 514 412 isti
541 388 616 412 non
643 382 729 414 sunt
754 374 826 423 dii3
852 376 1015 428 populus
1041 381 1167 413 autem
1194 387 1300 414 meus
1318 374 1477 413 mutavit

137 432 298 484 gloriam
326 445 449 478 suam,
489 445 538 470 ex
575 445 649 484 quo
682 433 775 472 nihil
808 432 983 486 proderit
1020 433 1095 481 eis3
1135 433 1291 485 expavit
1327 431 1478 471 coelum

137 503 253 542 super
278 491 418 539 isto.¹)
480 489 530 528 Et
555 489 746 542 quomodo
775 498 814 530 et
839 490 990 543 quando
1018 491 1198 543 expavit?
1245 488 1478 536 Indubitate,

139 546 290 600 quando
317 560 450 600 passus
476 555 536 586 est
562 548 750 587 Christus.
824 548 875 586 Et
900 549 1069 595 horruit,
1103 549 1243 600 inquit,
1276 547 1478 600 plurimum

137 606 261 652 nimis,
295 612 335 643 et
361 605 418 643 sol
444 605 570 644 media
597 605 660 645 die
687 605 958 646 tenebricavit.
974 607 1011 655 2)
1074 605 1125 644 Et
1150 604 1302 658 quando
1329 605 1480 644 horruit

138 664 260 709 nimis,
288 664 359 701 nisi
381 664 419 700 in
439 665 618 715 passione
634 663 790 712 Christi,
819 678 903 703 cum
929 672 1035 703 terra
1063 677 1212 716 quoque
1234 663 1479 708 contremuit,

138 728 178 758 et
202 721 327 759 velum
365 722 496 774 templi
535 723 694 761 scissum
732 730 809 770 est,
849 730 889 761 et
920 729 1166 761 monumenta
1192 720 1346 774 dirupta
1370 720 1482 759 sunt?

140 778 327 826 Quoniam
355 777 429 817 duo
456 779 553 818 haec
580 781 680 818 mala
711 781 807 819 fecit
837 780 1017 832 populus:
1051 793 1130 827 me,
1163 779 1304 832 inquit,
1337 776 1482 817 dereli-

140 843 305 886 querunt
329 836 475 874 fontem
501 850 624 888 aquae
651 838 765 884 vitae,
793 845 834 876 et
852 837 1036 877 foderunt
1055 838 1128 876 sibi
1149 837 1256 876 lacus
1278 835 1481 882 contritos,

141 893 204 944 qui
230 905 306 929 non
332 900 513 943 poterant
539 906 675 944 aquam
709 895 977 941 continere-³)
1053 893 1272 932 Indubitate
1310 904 1483 933 nonre-

141 947 321 1001 cipiendo
350 948 542 987 Christum
568 950 713 988 fontem
745 963 868 1001 aquae
899 952 1003 989 vitae
1034 950 1142 989 lacus
1174 950 1364 990 contritos
1391 961 1484 988 eoe-

138 1013 280 1058 perunt
306 1006 470 1053 habere,
503 1005 544 1044 id
575 1014 634 1044 est
659 1020 899 1058 synagogas,
933 1009 972 1045 in
1003 1006 1266 1059 dispersiones
1297 1007 1482 1058 gentium,

139 1065 178 1102 in
205 1062 340 1115 quibus
372 1064 446 1101 iam
477 1064 633 1115 spiritus
665 1070 820 1102 sanctus
852 1077 929 1103 non
960 1064 1202 1112 immoratur,
1235 1071 1276 1102 ut
1307 1065 1346 1103 in
1371 1076 1488 1116 prae⁴

140 1122 297 1160 teritum
334 1121 373 1158 in
411 1121 553 1173 templo
593 1121 923 1169 commorabatur,
963 1129 1052 1161 ante
1091 1121 1294 1162 adventum
1327 1120 1484 1168 Christi,
1543 1128 1546 1131 '

141 1179 205 1231 qui
236 1185 296 1217 est
325 1192 457 1217 verum
495 1177 559 1217 dei
597 1180 793 1231 templum.
869 1179 968 1218 Nam
1006 1187 1046 1219 et
1081 1181 1193 1219 istam
1230 1180 1330 1219 sitim
1368 1177 1487 1218 divini

141 1237 297 1289 spiritus
323 1249 392 1275 eos
418 1250 598 1289 passuros
625 1236 778 1279 dixerat
802 1238 993 1291 propheta
1018 1237 1167 1286 Esaias,
1195 1236 1348 1277 dicens:
1375 1249 1486 1284 ecce,

143 1295 206 1346 qui
232 1295 404 1333 serviunt
434 1295 545 1342 mihi,
572 1294 875 1343 manducabunt,
906 1309 975 1335 vos
1007 1303 1135 1335 autem
1167 1296 1365 1344 esurietis3
1403 1306 1487 1334 ser-

141 1353 293 1391 vientes
325 1352 416 1391 mihi
447 1353 701 1405 potabuntur,
734 1367 802 1393 vos
828 1361 956 1393 autem
981 1355 1142 1402 sitietis,
1174 1360 1215 1393 et
1238 1367 1262 1393 a
1287 1352 1487 1392 contribu-

143 1410 289 1448 latione
317 1410 473 1461 spiritus
498 1411 711 1460 ululabitis,
738 1413 944 1451 remittetis
970 1413 1070 1451 enim
1096 1425 1235 1451 nomen
1260 1417 1429 1451 vestrum
1449 1411 1488 1449 in

145 1468 366 1505 satietatem
392 1468 531 1506 electis
555 1470 669 1515 meis,
702 1483 772 1507 vos
803 1477 930 1508 autem
957 1470 1169 1509 interficiet
1194 1469 1390 1517 dominus3
1431 1467 1489 1508 eis

146 1530 287 1569 autem,
316 1525 379 1574 qui
405 1526 576 1562 serviunt
600 1525 711 1571 mihi,
746 1539 885 1564 nomen
911 1527 1171 1565 nominabitur
1195 1540 1352 1574 novum,
1386 1523 1490 1578 quod

145 1579 403 1618 benedicetur
427 1581 466 1618 in
498 1581 625 1619 terris.
640 1583 678 1630 ¹¹)
752 1581 890 1621 Adhuc
929 1583 1040 1621 huius
1078 1583 1172 1634 ligni
1206 1590 1488 1621 sacramentum

147 1639 263 1676 etiam
301 1637 339 1675 in
372 1636 592 1688 Regnorum
631 1639 793 1689 legimus
831 1640 1081 1679 celebratum.
1161 1639 1261 1678 Nam
1299 1652 1384 1678 cum
1422 1638 1491 1678 filii

145 1695 422 1748 prophetarum
455 1708 571 1747 super
600 1696 741 1734 flumen
772 1695 966 1736 Iordanen
998 1697 1142 1748 lignum
1174 1696 1374 1736 securibus
1400 1709 1491 1736 cae·

148 1752 298 1800 derent,
333 1753 478 1791 exsiliit
501 1753 659 1801 ferrum,
692 1760 733 1792 et
757 1767 921 1793 mersum
948 1761 1008 1794 est
1031 1755 1069 1793 in
1096 1755 1264 1802 flumine,
1296 1761 1411 1807 atque
1436 1754 1492 1793 ita

148 1809 331 1849 Helisaeo
363 1811 553 1862 propheta
584 1812 880 1863 superveniente
913 1819 1049 1865 petunt
1079 1812 1126 1851 ab
1154 1825 1202 1851 eo
1227 1812 1296 1851 filii
1321 1810 1491 1864 prophe-

149 1875 291 1915 tarum,
335 1869 390 1906 uti
427 1869 571 1907 ferrum
609 1870 772 1917 flumini,
811 1868 913 1922 quod
939 1883 1103 1910 mersum
1135 1870 1280 1917 fuerat,
1320 1875 1490 1909 erueret.

149 1924 277 1977 Atque
304 1926 357 1964 ita
383 1925 584 1966 Helisaeus
610 1934 775 1980 accepto
802 1928 906 1979 ligno
939 1935 980 1967 et
1009 1929 1125 1967 misso
1156 1928 1194 1966 in
1226 1940 1312 1967 eum
1348 1927 1490 1974 locum,

150 1983 214 2021 ubi
236 1982 471 2023 submersum
497 1985 624 2024 fuerat
648 1986 806 2032 ferrum,
833 1986 960 2024 statim
986 1985 1261 2038 supernatavit,
1288 1991 1329 2024 et
1347 1984 1491 2036 lignum

149 2052 315 2078 mersum
346 2048 425 2087 est,
465 2041 567 2094 quod
603 2050 839 2095 receperunt
869 2043 937 2082 filii
969 2043 1255 2095 prophetarum.
1322 2041 1386 2081 Ex
1416 2053 1491 2094 quo

150 2098 439 2146 intellexerunt,
467 2099 569 2152 quod
591 2099 726 2139 Heliae
747 2101 903 2152 spiritus
923 2102 961 2139 in
981 2113 1067 2140 eum
1087 2101 1138 2139 sit
1161 2105 1490 2153 repraesentatus.

153 2153 251 2202 Quid
277 2157 515 2196 manifestius
540 2158 650 2197 huius
675 2159 770 2209 ligni
795 2165 1052 2206 sacramento,
1087 2156 1188 2210 quod
1214 2156 1356 2196 duritia
1380 2156 1492 2196 huius

152 2213 273 2251 seculi
299 2224 425 2252 mersa
450 2215 489 2253 in
514 2214 706 2267 profundo
733 2216 893 2263 erroris,
926 2223 966 2255 et
990 2229 1013 2255 a
1038 2216 1143 2267 ligno
1171 2211 1334 2262 Christi,
1366 2212 1407 2253 id
1432 2219 1492 2253 est

152 2270 342 2320 passionis
368 2272 462 2319 eius,
495 2274 533 2311 in
558 2273 746 2325 baptismo
773 2273 978 2321 liberatur,
1010 2280 1052 2312 ut
1077 2271 1179 2325 quod
1203 2273 1377 2325 perierat
1401 2271 1490 2310 olim

154 2339 225 2377 per
256 2327 397 2378 lignum
428 2330 467 2367 in
498 2329 641 2378 Adam,
673 2329 711 2369 id
743 2332 1016 2370 restitueretur
1046 2343 1118 2383 per
1148 2330 1290 2382 lignum
1323 2327 1493 2368 Christi?

156 2383 267 2421 nobis
292 2385 422 2435 igitur,
450 2388 512 2439 qui
538 2388 791 2427 successimus
818 2389 856 2426 in
882 2388 970 2427 loco
995 2388 1284 2441 prophetarum,
1311 2399 1358 2426 ea
1377 2385 1491 2424 susti-

157 2440 335 2479 nentibus
361 2442 477 2483 hodie
503 2446 542 2484 in
568 2446 714 2492 seculo,
742 2458 838 2497 quae
865 2458 1017 2497 semper
1040 2446 1142 2498 passi
1168 2451 1256 2483 sunt
1273 2443 1489 2497 prophetae

253 2565 290 2610 1)
306 2569 366 2600 ier.
383 2571 413 2610 2,
431 2572 531 2610 101q.
591 2573 629 2614 2)
643 2573 746 2605 Amos
756 2573 787 2613 8,
800 2574 831 2604 9.
893 2573 928 2613 3)
944 2573 1006 2604 ier.
1018 2573 1049 2611 2,
1061 2573 1115 2603 13.
1175 2570 1212 2614 4)
1228 2568 1490 2610 1en.65,131qq.
