1566 2808
122 184 184 221 28
373 185 498 216 ADv.
535 185 902 217 MARCIONEM
938 186 1116 216 LIBER
1150 187 1193 216 11.

122 280 204 330 ipso
234 283 432 328 comperta
457 277 610 315 bonitas
632 278 714 315 eius
734 283 772 315 et
799 277 938 325 exinde
966 279 1174 317 constituta
1199 284 1313 329 atque
1339 289 1454 329 prae·

122 331 264 386 scripta
290 335 455 386 aliquem
482 347 631 372 sensum
660 341 845 386 suggerat
870 335 980 375 nobis
1006 334 1261 387 intelligendi,
1289 335 1456 386 qualiter

122 405 286 444 sequens
312 405 439 430 rerum
466 390 660 430 ordinatio
693 392 883 436 evaserit.'
934 392 1098 431 Possunt
1123 391 1456 444 autein'discipuli

120 450 333 488 Marcionis
360 456 692 500 recognoscentes
713 449 923 489 bonitatem
946 450 1009 494 dei
1035 452 1157 489 nostri
1179 450 1333 509 dignam
1360 462 1456 501 quo-

123 520 195 559 que
225 506 298 545 deo
325 520 542 558 agnoscere
569 520 640 558 per
665 506 822 546 eosdem
854 508 1005 555 titulos,
1044 522 1115 559 per
1141 522 1235 560 quos
1260 507 1456 558 indignam

123 564 359 606 ostendimus
387 565 425 603 in
452 564 526 603 deo
553 565 718 603 illorum.
781 564 858 606 Iam
887 565 962 609 hoe
989 566 1129 617 ipsum,
1168 564 1457 617 quodiniateria

123 630 182 662 est
207 623 414 679 agnitionis
441 630 553 669 suae,
574 635 649 661 non
676 620 775 674 apud
795 622 915 662 alium
935 623 1092 670 invenit,
1120 622 1190 665 sed
1215 621 1263 661 de
1289 635 1358 665 suo
1385 622 1457 661 sibi

121 681 230 719 fecit.
279 679 405 718 Prima
433 679 598 732 denique
624 680 777 719 bonitas
805 681 1013 726 creatoris,
1049 694 1122 732 qua
1147 693 1189 719 se
1213 679 1310 719 ‹leus
1336 679 1460 725 noluit

123 739 162 776 in
188 744 385 791 aeternum
415 738 549 784 latere,
577 736 615 778 id
636 745 697 776 est
716 751 898 782 nonesse
919 737 1075 789 aliquid,
1103 740 1165 776 cui
1191 736 1293 784 deus,
1312 751 1459 788 cogno-

123 802 313 834 sceretur.
364 794 463 843 Quid
489 796 588 834 enim
622 803 696 834 tam
727 795 888 841 bonum,
917 809 1037 847 *quam
1070 796 1210 837 notitia
1240 802 1280 834 et
1304 795 1459 845 vfructus

124 852 213 892 dei?
271 851 370 891 Nam
397 853 470 891 etsi
497 851 662 891 nondum
688 853 918 905 apparebat,
958 853 1032 891 hoc
1058 853 1199 904 bonum
1226 847 1331 899 csse',
1371 853 1460 904 quia

123 909 289 949 noudum
317 915 402 949 erat
428 912 640 963 quicquam,
669 911 730 949 cui
763 918 987 962 appareret,
1028 903 1096 949 sed
1124 910 1224 949 deus
1261 910 1460 962 praescie-

121 969 207 1015 bat,
231 967 324 1020 ¹quid
350 969 440 1006 boni
467 970 727 1020 appariturum
753 975 868 1015 esset,
897 976 936 1007 ct
961 967 1050 1013 ideo
1077 969 1115 1006 in
1141 982 1246 1007 suam
1278 981 1460 1007 summam

125 1027 315 1064 commisit
350 1026 579 1073 bonitatem,
631 1026 843 1078 apparituri
880 1026 972 1065 boni
1016 1027 1332 1077 negotiatricem,
1383 1038 1461 1064 non

122 1084 254 1135 utique
281 1084 521 1135 repentinam
548 1097 620 1122 nee
653 1084 888 1122 obventitiae
927 1084 1109 1122 bonitatis
1141 1097 1214 1123 nee
1239 1084 1462 1139 provocati-

123 1141 202 1178 tiae
229 1141 491 1186 animationis,
519 1142 626 1192 quasi
655 1140 794 1180 exinde
823 1138 1077 1188 censendam,
1108 1155 1182 1192 quo
1200 1141 1462 1193 coepitope-

124 1199 217 1236 rari.
282 1196 323 1236 Si
362 1198 461 1249 enim
500 1198 589 1249 ipsa·
614 1199 813 1238 constituit
843 1193 1011 1245 initium,
1049 1197 1189 1237 exinde
1222 1212 1296 1250 quo
1331 1199 1463 1250 coepit

126 1255 293 1307 operari,
321 1267 397 1294 non
422 1255 555 1305 habu-it
575 1256 720 1301 initium
743 1257 837 1307 ipsa,
866 1268 949 1294 cum
971 1256 1078 1294 fecit.
1110 1256 1225 1295 Initio
1252 1263 1379 1311 autem
1403 1256 1462 1295 fa-

127 1320 210 1359 cto,
243 1313 290 1351 ab
318 1326 365 1352 ea
397 1314 511 1353 etiaim
541 1314 643 1351 ratio
677 1320 888 1365 temporum
922 1321 1015 1357 nata.
1045 1316 1122 1361 est,
1153 1307 1288 1367 utpote
1326 1313 1462 1367 quibus

127 1369 407 1420 distinguendis
427 1378 485 1409 .et
510 1370 688 1409 notandis
720 1371 848 1409 sidera
881 1378 920 1409 et
945 1372 1144 1412 luminaria
1171 1372 1359 1411 coelestia
1384 1370 1462 1410 ‹lis-

126 1428 253 1480 posita
278 1435 375 1466 sunt.
438 1427 561 1466 Erunt
587 1430 705 1475 enim,
744 1429 885 1479 inquit,
919 1429 959 1466 iu
984 1436 1157 1480 tempora
1182 1436 1222 1467 et
1245 1441 1398 1469 menses
1423 1435 1464 1468 et

127 1498 248 1524 anuos
262 1486 314 1535 1).
371 1484 477 1536 Ergo
505 1498 576 1524 nec
608 1493 756 1538 tempus
781 1486 915 1524 habuit
940 1493 1037 1525 ante.
1054 1493 1214 1538 tempus,
1244 1499 1340 1538 qua-e
1366 1487 1464 1525 fecit

127 1550 293 1595 tempuS,
321 1543 421 1581 sicut
446 1556 518 1582 nec
545 1544 690 1582 initium
718 1550 807 1585 ante
833 1544 1000 1591 initium,
1040 1557 1136 1598 quae
1164 1544 1460 1588 constituimus

126 1602 233 1639 tium.
294 1599 422 1653 Atque
449 1602 502 1639 ita
529 1614 667 1643 carens
699 1608 738 1640 et
761 1601 899 1640 ordine
931 1602 1030 1641 initii
1057 1609 1096 1641 et
1121 1601 1236 1640 modo
1262 1602 1462 1655 temporis,

128 1657 176 1697 de
198 1659 386 1699 immensa
418 1666 458 1697 ct
487 1659 764 1698 interminabili
796 1666 925 1698 aetate
953 1660 1190 1710 censebitur,
1210 1672 1290 1698 nec
1316 1660 1464 1711 poterit

127 1717 331 1768 repentina
361 1716 423 1758 vel
457 1717 668 1755 obventitia
700 1724 740 1758 et
763 1718 1022 1769 provocatitia
1047 1717 1240 1770 reputari,
1278 1730 1357 1755 non
1394 1715 1464 1756 has

127 1774 223 1812 bens
248 1773 349 1812 unde
376 1781 596 1825 reputetur,
628 1774 666 1813 id
693 1781 753 1820 est
774 1776 941 1826 aliquam
969 1775 1154 1827 temporis
1178 1771 1464 1827 speciem,.sed

130 1839 290 1870 aeterna
328 1839 367 1870 et
404 1831 478 1870 deo
511 1833 683 1883 ingenita
715 1839 754 1871 et
784 1839 971 1884 perpetua
1003 1831 1284 1887 praesumenda
1319 1845 1366 1870 ac
1392 1844 1465 1884 per

127 1889 204 1937 hoc
231 1888 305 1926 deo
333 1888 468 1939 digna,
501 1889 723 1934 suffundens
749 1891 823 1934 iam
849 1890 939 1928 hinc
965 1890 1176 1940 bonitatem
1202 1888 1267 1928 dei
1291 1888 1463 1929 Marcio-

130 1947 206 1995 nis,
233 1956 310 1982 non
343 1945 432 1984 dico
465 1947 582 1985 initiis
609 1954 649 1986 et
680 1947 949 1998 temporibus,
968 1945 1036 1986 sed
1067 1949 1150 2000 ipsa
1174 1940 1326 1987 malitia
1352 1957 1464 2001 crea-

129 2004 225 2042 toris
244 2004 514 2055 posteriorem,
541 2005 573 2042 si
588 2012 712 2043 tamen
734 2005 877 2042 malitia
897 2006 1022 2056 potuit
1036 2019 1057 2043 a
1072 2005 1461 2055 bonitatereommitti.

245 2066 285 2102 4.
337 2060 461 2113 Igitur
491 2075 574 2109 cum
608 2061 884 2113 cognoscendo
917 2061 991 2100 deo
1023 2063 1214 2102 hominem
1238 2062 1463 2113 prospexis-

131 2112 378 2158 set-'bonitas
410 2118 474 2157 dei
510 2120 646 2171 ipsius,
686 2120 906 2162 etiamhoc
944 2118 1162 2171 praeconio-
1193 2132 1262 2158 suo
1294 2117 1486 2169 addidit„

131 2175 233 2228 quod
277 2177 380 2228 prius
426 2175 658 2227 domicilium
701 2177 845 2215 homini
883 2185 1158 2216 commentata:
1177 2183 1248 2224 est,
1298 2176 1463 2229 aliquam

130 2233 374 2286 postmodum
406 2235 796 2281 molemmaximam,
836 2234 1076 2286 postmodum
1109 2242 1148 2274 et
1178 2235 1383 2281 majorem,
1422 2241 1465 2272 ut

131 2293 169 2330 in
196 2304 341 2342 magua.
358 2298 536 2343 tanquam
562 2294 600 2331 in
627 2294 772 2331 minore
794 2291 1020 2344 proluderet
1038 2292 1396 2345 atque-proliceret,
1419 2297 1464 2337 et

131 2350 183 2387 ita
211 2348 258 2388 d'e
283 2347 386 2388 bono
414 2348 490 2397 dei,
511 2349 556 2389 -id
582 2350 713 2397 es'tde
740 2363 879 2402 magno
906 2349 955 2388 ad
981 2351 1162 2403 optimum
1189 2363 1339 2403 quoque
1365 2349 1460 2393 eius,

130 2406 170 2444 id
197 2414 256 2445 est
281 2406 328 2445 ad
355 2408 476 2462 maius
501 2408 759 2447 habitaculum
787 2417 1092 2460 promoveretur.
1154 2407 1327 2447 Adhibet
1351 2406 1462 2458 operi

130 2462 233 2501 bono
262 2465 584 2516 optimum'etiam
610 2468 840 2513 ministrum,
875 2479 1089 2506 sermonem
1117 2471 1250 2506 suum.⁴
1296 2462 1462 2514 Eructa-

226 2589 259 2630 1)
285 2591 367 2622 Gen.
385 2575 484 2631 1,14,
1396 2577 1399 2579 .
1439 2555 1471 2587 m
