1604 2800
561 166 685 199 ADV.
720 167 1013 201 PRAXEAN.
1348 172 1448 211 242

122 258 400 312 apud'inferos
429 260 554 298 anima
587 267 627 299 et
656 258 790 299 dolere
817 268 857 299 et
880 259 1051 313 gaudere
1076 262 1158 301 sine
1191 276 1326 312 carne,
1365 270 1454 319 quia

123 325 165 357 et
193 318 232 357 in
262 329 380 356 carne
411 317 548 356 illaesa
577 317 608 356 si
639 318 730 356 velit
767 316 874 357 dolet
905 326 944 357 et
974 320 1080 358 laesa
1110 322 1143 358 si
1172 321 1266 360 velit
1297 322 1452 374 gaudet.

123 373 207 415 Hoc
238 375 271 414 si
301 387 350 414 ex
380 373 542 413 arbitrio
579 388 648 413 suo
686 376 723 413 in
759 376 854 423 vita,
894 384 1036 429 quanto
1072 379 1193 429 magis
1228 392 1279 417 ex
1309 379 1452 420 iudicio

123 430 185 472 dei
210 438 298 484 post
322 434 510 471 mortem?
569 430 648 471 Sed
679 445 752 471 nec
778 434 904 472 omnia
936 447 1056 486 opera
1081 448 1166 474 cum
1192 437 1318 475 carnis
1343 439 1454 476 mini·

123 490 243 529 sterio
268 490 395 529 anima
424 490 607 542 partitum
641 504 726 529 nam
752 497 791 528 et
815 491 919 530 solos
945 494 1136 543 cogitatus
1167 500 1207 531 et
1236 493 1356 533 nudas
1386 508 1454 533 vo-

122 546 288 586 luntates
320 559 483 586 censura
514 546 641 586 divina
679 549 933 600 persequitur.
1009 549 1080 597 Qui
1109 548 1251 589 viderit
1281 551 1328 589 ad
1361 565 1454 590 con·

122 603 409 656 cupiscendum‚
435 605 507 644 iam
534 603 765 644 adulteravit
788 606 826 644 in
854 605 985 644 corde.
1002 605 1041 657 ¹)
1077 606 1184 658 Ergo
1209 607 1269 646 vel
1294 616 1455 661 propter

121 661 197 701 boc
230 662 610 712 congruentissimum
650 670 727 709 est,
765 663 947 710 animam,
986 664 1079 702 licet
1113 677 1190 702 non
1228 673 1455 717 exspectata

120 731 255 765 carne,
282 719 420 771 puniri,
453 718 553 771 quod
581 733 655 757 nou
681 720 829 758 sociata
855 733 972 759 carne
998 722 1196 759 commisit.
1247 719 1314 760 Sic
1339 729 1380 761 et
1404 723 1453 761 ob

122 777 316 827 cogitatus
340 777 424 828 pios
444 783 485 814 et
509 775 731 823 benevolos,
757 778 796 814 in
822 778 956 828 quibus
982 790 1098 816 carne
1124 791 1200 815 non
1226 780 1345 829 eguit,
1371 780 1454 818 sine

120 845 242 873 carne
277 832 532 872 recreabitur.
608 832 706 881 Quid
742 846 863 880 nunc,
900 835 933 871 si
964 841 1004 872 et
1032 835 1071 872 in
1104 835 1323 873 carnalibus
1345 837 1455 887 prior

121 896 194 936 est,
221 902 319 941 quae
335 890 519 941 concipit,
547 901 643 941 quae
658 888 838 942 disponit,
861 902 957 942 quae
971 890 1138 937 mandat,
1161 904 1257 942 quae
1272 891 1457 944 impellit?

119 945 173 986 Et
195 947 230 985 si
254 945 406 998 quando
432 947 571 994 invita,
603 947 711 998 prior
735 954 862 985 tamen
889 954 1048 994 tractat,
1082 947 1183 1000 qnod
1215 961 1285 1000 per
1316 962 1455 1002 corpus

120 1010 261 1056 actura
278 1011 355 1051 est3
382 1017 569 1055 nunquam
591 1003 755 1055 denique
776 1005 1014 1042 couscientia
1034 1006 1229 1056 posterior
1241 1007 1315 1043 erit
1329 1007 1454 1054 factm

121 1061 176 1100 ita
207 1060 296 1100 huie
328 1072 478 1112 quoque
511 1059 637 1099 ordini
670 1061 854 1112 competit
885 1061 1000 1099 etiam
1014 1062 1051 1109 ²)
1090 1062 1257 1113 priorem
1289 1075 1454 1113 pensare

120 1115 339 1163 mercedes,
366 1118 428 1156 cui
453 1118 574 1168 priori
601 1116 826 1155 debeantur.
865 1117 907 1155 In
933 1130 1088 1163 summa,
1117 1131 1227 1170 quum
1254 1131 1454 1157 carcerem

123 1175 241 1221 illum,
273 1187 383 1226 quem
410 1174 649 1224 evangelium
676 1173 978 1223 demonstrat‚³)
1011 1175 1157 1212 inferos
1182 1175 1454 1226 intelligamus,

124 1238 165 1270 et
189 1232 433 1271 novissimum
460 1230 707 1282 quadrantem
740 1229 930 1269 modicum
963 1243 1113 1282 quoque
1139 1230 1320 1270 delictum
1347 1245 1455 1271 mora

123 1289 422 1329 resurrectionis
454 1289 532 1326 illic
566 1286 742 1326 luendum
775 1289 1090 1339 interpretemur,
1122 1301 1234 1326 nemo
1266 1288 1456 1328 dubitabit

125 1347 287 1385 animam
319 1344 463 1397 aliquid
494 1358 659 1397 pensare
690 1358 810 1396 penes
841 1345 987 1383 inferos
1018 1346 1122 1383 salva
1153 1347 1454 1384 resurrectionis

124 1401 360 1456 plenitudine
386 1415 458 1455 per
483 1415 637 1440 carnem
663 1415 827 1454 quoque.
884 1402 967 1440 Hoc
993 1403 1106 1440 etiam
1133 1403 1352 1454 paracletus
1377 1403 1456 1442 fre-

125 1461 371 1513 quentissime
397 1459 689 1506 commendavit,
716 1460 748 1497 si
770 1459 852 1510 quis
870 1472 1069 1497 sermones
1089 1460 1169 1497 cius
1190 1472 1239 1497 ex
1258 1461 1454 1510 agnitione

123 1518 396 1570 promissorum
423 1516 690 1555 charismatum
716 1515 928 1554 admiserit.
990 1515 1053 1554 Ad
1081 1529 1249 1562 omnem,
1281 1523 1324 1554 ut
1353 1517 1457 1554 arbi-

124 1581 226 1621 tror,
263 1573 463 1612 humanam
502 1586 618 1625 super
653 1574 779 1612 anima
816 1574 1033 1632 opiuiqnem
1072 1586 1120 1611 ex
1152 1572 1327 1611 doctrina
1365 1572 1456 1612 fidei

125 1632 346 1682 congressi,
379 1632 501 1670 iustae
527 1630 730 1682 *dumtaxat
755 1644 800 1668 ac
826 1631 1071 1668 necessariae
1104 1630 1317 1667 curiositati
1343 1631 1455 1667 satis-

124 1689 350 1734 fecerimus3
364 1689 402 1735 4)
429 1688 579 1726 enormi
603 1694 728 1725 autem
749 1694 790 1725 et
809 1688 958 1724 otiosae
978 1693 1122 1724 tantum
1143 1685 1268 1724 deerit
1288 1685 1452 1730 discere⁷

127 1751 305 1796 quantum
331 1743 485 1782 libuerit
510 1744 718 1795 inquirere.

266 1980 778 2040 ADVERSUS
843 1980 1315 2055 ΡΒΑΧΕΑΝ.

248 2158 284 2194 1.
321 2151 439 2191 Varie
466 2151 639 2190 diabolus
663 2152 875 2190 aemulatus
900 2158 960 2189 est
983 2152 1217 2190 veritatems
1245 2150 1456 2190 Affectavit

129 2210 232 2248 illam
262 2208 467 2261 aliquando
505 2207 751 2247 defendendo
781 2215 1004 2246 concutere.
1074 2207 1231 2246 Unicum
1265 2206 1454 2246 dominum

129 2265 316 2313 vindicat,
350 2267 648 2318 omnipotentem
680 2264 807 2303 mundi
841 2264 1099 2310 conditorem,
1131 2271 1173 2302 ut
1203 2269 1244 2302 et
1267 2262 1315 2301 de
1341 2265 1454 2303 unico

131 2324 319 2370 baeresim
339 2324 469 2361 faciat.
508 2323 523 2361 1
526 2336 631 2374 psum
652 2321 746 2360 dicit
764 2328 911 2373 patrem
931 2320 1177 2360 descendisse
1197 2321 1235 2358 in
1253 2320 1454 2371 virginem,

226 2463 262 2501 1)
277 2460 398 2492 Matth.
410 2462 443 2498 5,
458 2461 513 2491 28.
599 2461 636 2495 2)
652 2460 725 2498 Rig-
739 2467 838 2489 eam.
923 2456 962 2500 3)
977 2457 1097 2487 Matth.
1112 2459 1144 2496 5,
1159 2458 1200 2487 25
1215 2465 1264 2496 sq.
1345 2455 1380 2495 4)
1399 2457 1455 2487 Sic

134 2507 290 2545 VVoqu
316 2506 388 2536 Gel.
408 2508 443 2537 et
462 2506 572 2536 Pam.:
607 2504 949 2542 satiata-:teman
975 2503 1047 2543 Rig.
1068 2502 1234 2534 etSeml.:
1273 2502 1455 2533 satisfe-

136 2561 277 2584 cimus.
