1566 2808
170 175 273 213 188
425 176 553 209 Anv.
589 174 953 207 MARCIONEM
990 175 1167 206 LIBER
1201 175 1258 206 ιν.

172 277 257 308 erat
287 271 503 321 portionem
530 270 686 320 spiritus
711 269 848 316 sancti,
875 270 938 321 qui
965 275 1004 307 et
1028 269 1151 307 forma
1175 267 1395 320 prophetici
1420 280 1502 307 mo·

172 327 251 365 duli
283 329 321 365 in
353 326 496 365 Ioanne
530 333 667 378 egerat
697 334 1012 378 praeparaturam
1039 327 1183 365 viarum
1209 325 1500 380 dominicarum,

171 383 384 423 abscedere
412 386 484 423 iam
511 384 558 422 ab
586 384 743 430 Ioanne,
770 383 966 423 redactam
993 384 1146 423 scilicet
1171 384 1208 422 in
1229 382 1435 430 dominum,
1461 387 1511 422 ut'

170 444 208 480 in
234 443 435 480 massalem
461 455 566 480 suam
593 455 785 480 summam.
843 441 975 494 Itaque
1003 441 1167 480 Ioannes
1194 442 1402 480 communis
1428 442 1502 480 iam

169 500 283 538 homo
311 507 351 538 et
375 513 470 538 unus
496 498 544 537 de
570 500 702 546 turba,
736 498 1072 538 scandalizabatur
1097 498 1247 551 quidem
1275 512 1348 551 qua
1373 499 1501 545 homo,

169 557 237 596 sed
270 571 346 596 non
386 571 460 609 qua
490 558 604 596 alium
638 557 829 595 Christum
862 571 1022 609 sperans
1052 557 1114 595 vel
1151 557 1392 608 intelligens,
1439 557 1503 608 qui

169 628 292 667 neque
326 615 487 654 eundem
521 622 715 667 speraret,
754 621 795 653 ut
827 615 921 654 nihil
952 615 1041 654 novi
1073 614 1278 653 docentem
1309 615 1391 653 vel·
1410 618 1503 670 ope'-

168 680 329 711 rantcm.
387 672 511 711 Nemo
543 673 752 711 haesitabit
776 671 823 711 de
863 673 1010 724 aliquo,
1050 685 1160 724 quem
1193 671 1280 710 dum
1316 673 1391 711 scit
1427 685 1503 710 non

169 743 267 776 csse,
294 743 367 768 nec
394 737 526 782 sperat
550 743 622 769 nec
647 731 841 781 intellig-it.
905 729 1069 768 Ioannes
1095 736 1220 779 autem
1238 736 1378 774 ¹certus
1405 736 1502 776 erat,

169 789 359 826 neminem
391 787 502 826 deum
534 795 692 839 praeter
723 794 961 834 creatorem,
998 788 1060 825 vel
1093 783 1166 839 q'ua
1192 786 1355 826 Iudaeus
1387 788 1502 826 etiam

168 845 398 897 prophetes3
426 846 539 897 plane
566 846 717 883 facilius
745 846 851 896 quasi
878 845 1083 883 haesitavit
1107 844 1156 883 dc
1183 858 1244 891 co,
1279 858 1389 896 quem
1414 850 1502 884 'cum

169 904 267 941 sciat
287 916 385 950 esse,
413 916 460 941 an
476 904 556 954 ipse
572 904 622 941 sit
637 904 797 941 nesciat.
838 902 921 941 Hoc
943 903 1061 953 igitur
1081 909 1181 940 metu
1198 902 1435 941 etssloannes:
1461 909 1502 941 tu

169 973 224 1006 es,
251 961 386 1013 inquit,
415 962 477 1012 qui
503 962 629 1007 venis,
657 974 704 999 an
731 961 844 999 alium
871 961 1141 1011 speramusffl)
1180 958 1419 1012 Simpliciter
1443 961 1501 998 in-

169 1019 341 1069 quirens,
381 1031 427 1055 an
461 1019 543 1070 ipse
574 1019 762 1065 venisset,
808 1031 916 1069 quem
946 1016 1219 1069 exspectabat:
1259 1024 1299 1055 tu
1338 1030 1398 1064 es,
1438 1019 1502 1070 qui

169 1075 387 1121 venis,·vel
415 1077 477 1126 qui
503 1083 684 1114 venturus
711 1088 770 1122 cS,
798 1089 844 1113 an
877 1076 991 1113 alium
1018 1077 1312 1127 exspectamus?
1359 1074 1398 1113 id
1425 1083 1497 1122 est,

167 1145 214 1170 an
242 1133 340 1170 alius,
364 1139 435 1179 est,
463 1145 574 1184 quem
601 1139 886 1184 exspectamus,
915 1133 946 1171 si
973 1146 1049 1170 non
1077 1139 1116 1170 tu
1148 1146 1202 1180 es,
1230 1145 1340 1185 quem
1365 1130 1501 1172 Ventu-

167 1203 248 1228 rum
275 1193 570 1242 exspectamus?
631 1190 823 1242 Sperabat
849 1191 967 1237 enim,
1006 1191 1106 1229 sicut
1132 1204 1264 1229 omnes
1290 1190 1502 1242 opinaban-

168 1255 252 1295 tur,
292 1260 342 1286 ex
367 1247 613 1287 similitudine
647 1248 961 1287 documentorum
1000 1249 1172 1300 potuisse
1204 1255 1243 1287 et
1273 1248 1514 1300 prophetam·v

167 1306 318 1344 interim
346 1307 498 1344 missum
525 1319 629 1351 esse,
668 1320 690 1344 a
717 1318 791 1358 quo
818 1307 1061 1353 aliusbesset,
1100 1305 1138 1344 id
1165 1313 1224 1345 est
1250 1307 1389 1353 maior,
1417 1307 1500 1358 ipse

167 1362 536 1411 seilicetffdominus,
577 1365 639 1416 qui
664 1371 846 1403 venturus
873 1364 1184 1416 exspectabatur.
1246 1363 1373 1416 Atque
1399 1363 1500 1402 adeo

165 1419 240 1458 hoc
267 1426 353 1458 erat
385 1420 537 1459 Ioannis
563 1420 803 1468 scandalum,
831 1421 931 1474 quod
959 1421 1302 1473 dubitabat.ipsun1
1333 1420 1499 1468 venisse,

166 1490 275 1528 quem
303 1477 597 1528 exspectabant,
623 1491 731 1529 quem
760 1486 798 1529 ct
811 1478 1047 1530 praedicatis
1067 1478 1358 1530 operationibus
1377 1492 1500 1530 agno-

164 1535 264 1573 visse
292 1533 519 1582 debuerant,
557 1542 600 1573 ut
625 1534 798 1573 dominus
824 1548 895 1587 per
920 1534 1075 1574 easdem
1102 1536 1351 1587 operationes
1377 1549 1500 1586 agno-

164 1591 347 1631 scendum
372 1605 414 1630 se
442 1594 675 1636 nuntiaverit
700 1593 847 1631 loanni.
868 1592 909 1645 2)
955 1592 1060 1640 Quae
1094 1606 1179 1630 cum
1206 1599 1359 1648 constet
1384 1606 1498 1645 prae-

165 1649 294 1688 dicata
318 1651 358 1688 in
385 1650 575 1689 Christum
604 1652 817 1698 creatoris,
857 1651 958 1689 sicut
990 1649 1039 1688 ad
1066 1651 1216 1701 singula
1247 1649 1495 1698 ostendimus,

164 1708 255 1746 satis
281 1720 519 1759 perversum,
552 1715 595 1746 ut
619 1708 811 1747 Christum
838 1722 914 1745 non
941 1709 1130 1747 creatoris
1156 1721 1228 1760 per
1252 1721 1298 1746 ea
1324 1709 1499 1747 renuntia

163 1766 238 1803 arit
263 1765 566 1817 intelligendum,
592 1779 664 1818 per
689 1779 785 1818 quae
817 1766 938 1817 magis
954 1765 1143 1804 Christum
1172 1767 1361 1805 creatoris
1376 1779 1499 1817 agno-

163 1824 219 1861 sci
264 1824 536 1874 compellebat.
617 1824 740 1862 Multo
783 1824 1020 1876 perversius,
1078 1824 1122 1867 si„
1155 1830 1194 1862 et
1235 1824 1496 1870 testimonium

164 1879 297 1918 Ioanni
323 1881 503 1932 perhibet
528 1895 604 1919 non
631 1881 785 1920 Ioannis
813 1882 1007 1928 Christus,
1046 1881 1263 1933 propheten
1290 1894 1375 1919 eum
1403 1894 1497 1919 con-

165 1937 330 1984 firmans,
370 1939 446 1976 imo
474 1945 514 1977 et
539 1953 654 1991 supra
678 1946 721 1977 ut
745 1939 922 1990 angelum
949 1941 1144 1990 ingerens,
1171 1939 1286 1977 etiam
1313 1939 1496 1995 scriptum

163 1995 390 2046 supet-illo:
442 2009 537 2034 ecce
564 2010 638 2047 ego
666 1998 774 2035 mitto
802 1998 980 2048 angelum
1005 2010 1129 2035 meum
1152 2004 1244 2039 'aute
1271 1997 1411 2047 faciem
1437 2001 1496 2034 tu-

164 2066 235 2098 am,
264 2052 327 2104 qui
352 2054 600 2104 praeparabit
623 2056 722 2093 viam
749 2062 869 2102 tuam3
891 2056 939 2102 3).
955 2055 1158 2105 eleganter
1181 2053 1230 2091 ad
1256 2054 1494 2105 superiorem

163 2123 314 2148 sensum
346 2109 596 2149 scandalizati
629 2110 782 2150 Ioannis
816 2125 1118 2150 commemorans
1157 2111 1416 2163 prophetiam,
1454 2117 1498 2150 ut.

164 2168 393 2206 confirmans
417 2180 731 2219 praecursorem,
761 2168 964 2215 Ioannem,
1004 2169 1077 2206 iam
1103 2167 1323 2215 advenisse,
1350 2169 1496 2207 exstin-

163 2232 305 2276 gueret·
325 2226 542 2277 scrupulum
568 2226 886 2277 interrogationis
912 2226 1031 2264 illius:
1060 2233 1099 2264 tu
1125 2239 1179 2273 es,
1208 2227 1270 2278 qui
1287 2227 1417 2272 yonis,
1444 2238 1494 2264 an

162 2284 277 2322 alium
304 2286 597 2334 exspectamus?
634 2283 895 2322 Praecursore
922 2285 1021 2322 enim
1049 2285 1128 2322 iam
1149 2280 1282 2324 funct'o
1309 2283 1491 2329 officium,

162 2347 393 2393 praeparata
417 2341 478 2379 via
505 2340 660 2387 domini,
689 2342 770 2393 ipse
797 2348 882 2380 crat
907 2340 1192 2393 intelligendus,
1221 2342 1282 2379 eui
1307 2352 1494 2392 praecur-

162 2412 228 2436 sor
251 2399 548 2447 ministraverat,
575 2400 751 2451 maim-³)
778 2398 927 2451 quidem
957 2400 1129 2438 omnibus
1155 2399 1256 2438 natis
1278 2398 1490 2444 mulierum,

255 2535 292 2578 1)
321 2527 401 2567 Luc.
417 2539 449 2577 7,
467 2539 519 2569 20.
545 2538 607 2570 Ed.
622 2539 725 2575 Fran.
751 2540 786 2569 et
800 2539 873 2577 Rig.
893 2540 1204 2577 exspectamus.
1302 2534 1335 2576 2)
1361 2537 1443 2567 Luc.
1458 2537 1491 2574 7,

164 2582 215 2612 21.
239 2584 293 2615 22.
401 2585 436 2623 3)
464 2586 547 2616 Luc.
573 2586 604 2627 7,
632 2586 685 2615 26.
709 2586 762 2616 27.
781 2585 932 2616 Malacb.
960 2586 991 2625 3,
1015 2586 1033 2614 1
1049 2593 1119 2622 sqq.
1228 2581 1277 2625 3)
1302 2583 1364 2613 Ed.
1388 2582 1491 2614 Fran.
