<?xml version="1.0" encoding="UTF-8"?>
<!DOCTYPE html PUBLIC "-//W3C//DTD XHTML 1.0 Transitional//EN"
    "http://www.w3.org/TR/xhtml1/DTD/xhtml1-transitional.dtd">
<html xmlns="http://www.w3.org/1999/xhtml" xml:lang="en" lang="en">
 <head>
  <title>
</title>
<meta http-equiv="Content-Type" content="text/html;charset=utf-8" />
  <meta name='ocr-system' content='tesseract 3.04.00' />
  <meta name='ocr-capabilities' content='ocr_page ocr_carea ocr_par ocr_line ocrx_word'/>
</head>
<body>
  <div class='ocr_page' id='page_1' title='image "./operatert34tertuoft_0660.png"; bbox 0 0 1604 2800; ppageno 0'>
   <div class='ocr_carea' id='block_1_1' title="bbox 175 178 1062 216">
    <p class='ocr_par' dir='ltr' id='par_1_1' title="bbox 175 178 1062 216">
     <span class='ocr_line' id='line_1_1' title="bbox 175 178 1062 216; baseline 0.005 -8"><span class='ocrx_word' id='word_1_1' title='bbox 175 179 278 216; x_wconf 62' lang='lat'><strong>328</strong></span> <span class='ocrx_word' id='word_1_2' title='bbox 627 178 751 210; x_wconf 78' lang='lat' dir='ltr'><strong>ADv.</strong></span> <span class='ocrx_word' id='word_1_3' title='bbox 787 179 1062 212; x_wconf 80' lang='lat' dir='ltr'><strong>IUDAEOS.</strong></span> 
     </span>
    </p>
   </div>
   <div class='ocr_carea' id='block_1_2' title="bbox 175 269 1526 2384">
    <p class='ocr_par' dir='ltr' id='par_1_2' title="bbox 175 269 1526 2384">
     <span class='ocr_line' id='line_1_2' title="bbox 176 269 1507 324; baseline 0 -13"><span class='ocrx_word' id='word_1_4' title='bbox 176 272 348 324; x_wconf 82' lang='lat' dir='ltr'><strong>angelos,</strong></span> <span class='ocrx_word' id='word_1_5' title='bbox 376 270 502 322; x_wconf 83' lang='lat' dir='ltr'><strong>gloria</strong></span> <span class='ocrx_word' id='word_1_6' title='bbox 528 277 567 308; x_wconf 89' lang='lat' dir='ltr'><strong>et</strong></span> <span class='ocrx_word' id='word_1_7' title='bbox 591 270 741 309; x_wconf 91' lang='lat' dir='ltr'><strong>honore</strong></span> <span class='ocrx_word' id='word_1_8' title='bbox 769 273 970 310; x_wconf 83' lang='lat' dir='ltr'><strong>coronavit</strong></span> <span class='ocrx_word' id='word_1_9' title='bbox 991 271 1108 318; x_wconf 91' lang='lat' dir='ltr'><strong>illum,</strong></span> <span class='ocrx_word' id='word_1_10' title='bbox 1135 276 1176 309; x_wconf 84' lang='lat' dir='ltr'><strong>et</strong></span> <span class='ocrx_word' id='word_1_11' title='bbox 1195 269 1361 310; x_wconf 88' lang='lat' dir='ltr'><strong>subiecit</strong></span> <span class='ocrx_word' id='word_1_12' title='bbox 1379 273 1507 311; x_wconf 86' lang='lat' dir='ltr'><strong>omnia</strong></span> 
     </span>
     <span class='ocr_line' id='line_1_3' title="bbox 175 327 1506 382; baseline 0 -14"><span class='ocrx_word' id='word_1_13' title='bbox 175 330 243 368; x_wconf 89' lang='lat' dir='ltr'><strong>sub</strong></span> <span class='ocrx_word' id='word_1_14' title='bbox 270 327 432 381; x_wconf 91' lang='lat' dir='ltr'><strong>pedibus</strong></span> <span class='ocrx_word' id='word_1_15' title='bbox 458 329 552 366; x_wconf 89' lang='lat' dir='ltr'><strong>eius.</strong></span> <span class='ocrx_word' id='word_1_16' title='bbox 569 329 605 377; x_wconf 83' lang='lat'><strong>¹)</strong></span> <span class='ocrx_word' id='word_1_17' title='bbox 667 327 718 366; x_wconf 91' lang='lat' dir='ltr'><strong>Et</strong></span> <span class='ocrx_word' id='word_1_18' title='bbox 743 335 832 367; x_wconf 90' lang='lat' dir='ltr'><strong>tunc</strong></span> <span class='ocrx_word' id='word_1_19' title='bbox 859 335 1099 380; x_wconf 84' lang='lat' dir='ltr'><strong>cognoscent</strong></span> <span class='ocrx_word' id='word_1_20' title='bbox 1124 341 1222 375; x_wconf 90' lang='lat' dir='ltr'><strong>cum,</strong></span> <span class='ocrx_word' id='word_1_21' title='bbox 1250 341 1361 381; x_wconf 91' lang='lat' dir='ltr'><strong>quem</strong></span> <span class='ocrx_word' id='word_1_22' title='bbox 1385 342 1506 382; x_wconf 89' lang='lat' dir='ltr'><strong>pupu-</strong></span> 
     </span>
     <span class='ocr_line' id='line_1_4' title="bbox 175 384 1507 439; baseline 0.001 -14"><span class='ocrx_word' id='word_1_23' title='bbox 175 393 334 438; x_wconf 89' lang='lat' dir='ltr'><strong>gerunt,</strong></span> <span class='ocrx_word' id='word_1_24' title='bbox 368 393 408 424; x_wconf 86' lang='lat' dir='ltr'><strong>et</strong></span> <span class='ocrx_word' id='word_1_25' title='bbox 434 384 599 424; x_wconf 88' lang='lat' dir='ltr'><strong>caedent</strong></span> <span class='ocrx_word' id='word_1_26' title='bbox 623 393 786 437; x_wconf 77' lang='lat' dir='ltr'><strong>pectora</strong></span> <span class='ocrx_word' id='word_1_27' title='bbox 811 399 878 424; x_wconf 89' lang='lat' dir='ltr'><strong>sua</strong></span> <span class='ocrx_word' id='word_1_28' title='bbox 903 387 1025 424; x_wconf 86' lang='lat' dir='ltr'><strong>tribus</strong></span> <span class='ocrx_word' id='word_1_29' title='bbox 1050 385 1098 425; x_wconf 86' lang='lat' dir='ltr'><strong>ad</strong></span> <span class='ocrx_word' id='word_1_30' title='bbox 1126 386 1283 434; x_wconf 79' lang='lat' dir='ltr'><strong>tribum,</strong></span> <span class='ocrx_word' id='word_1_31' title='bbox 1299 388 1336 435; x_wconf 84' lang='lat'><strong>²)</strong></span> <span class='ocrx_word' id='word_1_32' title='bbox 1374 387 1507 439; x_wconf 84' lang='lat' dir='ltr'><strong>utique</strong></span> 
     </span>
     <span class='ocr_line' id='line_1_5' title="bbox 177 442 1508 496; baseline 0 -14"><span class='ocrx_word' id='word_1_33' title='bbox 177 442 279 496; x_wconf 92' lang='lat' dir='ltr'><strong>quod</strong></span> <span class='ocrx_word' id='word_1_34' title='bbox 317 450 424 482; x_wconf 89' lang='lat' dir='ltr'><strong>retro</strong></span> <span class='ocrx_word' id='word_1_35' title='bbox 462 457 538 481; x_wconf 86' lang='lat' dir='ltr'><strong>non</strong></span> <span class='ocrx_word' id='word_1_36' title='bbox 576 444 807 494; x_wconf 83' lang='lat' dir='ltr'><strong>agnoverint</strong></span> <span class='ocrx_word' id='word_1_37' title='bbox 837 456 921 482; x_wconf 91' lang='lat' dir='ltr'><strong>eum</strong></span> <span class='ocrx_word' id='word_1_38' title='bbox 953 445 991 482; x_wconf 91' lang='lat' dir='ltr'><strong>in</strong></span> <span class='ocrx_word' id='word_1_39' title='bbox 1024 443 1236 482; x_wconf 86' lang='lat' dir='ltr'><strong>hnmilitate</strong></span> <span class='ocrx_word' id='word_1_40' title='bbox 1275 442 1508 482; x_wconf 88' lang='lat' dir='ltr'><strong>conditionis</strong></span> 
     </span>
     <span class='ocr_line' id='line_1_6' title="bbox 175 500 1510 553; baseline 0 -13"><span class='ocrx_word' id='word_1_41' title='bbox 175 502 364 540; x_wconf 83' lang='lat' dir='ltr'><strong>humanae</strong></span> <span class='ocrx_word' id='word_1_42' title='bbox 392 502 652 539; x_wconf 89' lang='lat' dir='ltr'><strong>constitutum.</strong></span> <span class='ocrx_word' id='word_1_43' title='bbox 718 500 931 540; x_wconf 84' lang='lat' dir='ltr'><strong>Hieremias</strong></span> <span class='ocrx_word' id='word_1_44' title='bbox 957 502 1095 553; x_wconf 91' lang='lat' dir='ltr'><strong>inquit:</strong></span> <span class='ocrx_word' id='word_1_45' title='bbox 1122 501 1236 540; x_wconf 91' lang='lat' dir='ltr'><strong>homo</strong></span> <span class='ocrx_word' id='word_1_46' title='bbox 1262 507 1334 548; x_wconf 84' lang='lat' dir='ltr'><strong>est,</strong></span> <span class='ocrx_word' id='word_1_47' title='bbox 1361 507 1401 540; x_wconf 89' lang='lat' dir='ltr'><strong>et</strong></span> <span class='ocrx_word' id='word_1_48' title='bbox 1425 501 1510 553; x_wconf 81' lang='lat' dir='ltr'><strong>quis</strong></span> 
     </span>
     <span class='ocr_line' id='line_1_7' title="bbox 178 557 1509 611; baseline -0.001 -13"><span class='ocrx_word' id='word_1_49' title='bbox 178 566 393 610; x_wconf 82' lang='lat' dir='ltr'><strong>cognoscet</strong></span> <span class='ocrx_word' id='word_1_50' title='bbox 424 559 552 596; x_wconf 80' lang='lat' dir='ltr'><strong>illum?</strong></span> <span class='ocrx_word' id='word_1_51' title='bbox 565 559 602 607; x_wconf 83' lang='lat'><strong>³)</strong></span> <span class='ocrx_word' id='word_1_52' title='bbox 635 559 723 609; x_wconf 89' lang='lat' dir='ltr'><strong>quia</strong></span> <span class='ocrx_word' id='word_1_53' title='bbox 749 565 789 596; x_wconf 92' lang='lat' dir='ltr'><strong>et</strong></span> <span class='ocrx_word' id='word_1_54' title='bbox 813 559 1047 597; x_wconf 85' lang='lat' dir='ltr'><strong>nativitatem</strong></span> <span class='ocrx_word' id='word_1_55' title='bbox 1082 559 1182 606; x_wconf 85' lang='lat' dir='ltr'><strong>eius,</strong></span> <span class='ocrx_word' id='word_1_56' title='bbox 1214 559 1335 611; x_wconf 92' lang='lat' dir='ltr'><strong>inquit</strong></span> <span class='ocrx_word' id='word_1_57' title='bbox 1360 557 1509 606; x_wconf 85' lang='lat' dir='ltr'><strong>Esaias,</strong></span> 
     </span>
     <span class='ocr_line' id='line_1_8' title="bbox 179 614 1513 668; baseline -0.001 -13"><span class='ocrx_word' id='word_1_58' title='bbox 179 618 262 668; x_wconf 92' lang='lat' dir='ltr'><strong>quis</strong></span> <span class='ocrx_word' id='word_1_59' title='bbox 299 616 570 664; x_wconf 63' lang='lat' dir='ltr'><strong>enarrabitt4)</strong></span> <span class='ocrx_word' id='word_1_60' title='bbox 634 614 700 654; x_wconf 88' lang='lat' dir='ltr'><strong>Sic</strong></span> <span class='ocrx_word' id='word_1_61' title='bbox 739 623 779 654; x_wconf 90' lang='lat' dir='ltr'><strong>et</strong></span> <span class='ocrx_word' id='word_1_62' title='bbox 814 615 914 668; x_wconf 89' lang='lat' dir='ltr'><strong>apud</strong></span> <span class='ocrx_word' id='word_1_63' title='bbox 950 616 1179 655; x_wconf 85' lang='lat' dir='ltr'><strong>Zachariam</strong></span> <span class='ocrx_word' id='word_1_64' title='bbox 1194 615 1233 668; x_wconf 88' lang='lat'><strong>⁵)</strong></span> <span class='ocrx_word' id='word_1_65' title='bbox 1268 616 1306 654; x_wconf 95' lang='lat' dir='ltr'><strong>in</strong></span> <span class='ocrx_word' id='word_1_66' title='bbox 1343 628 1513 668; x_wconf 82' lang='lat' dir='ltr'><strong>persona</strong></span> 
     </span>
     <span class='ocr_line' id='line_1_9' title="bbox 177 673 1512 726; baseline 0 -14"><span class='ocrx_word' id='word_1_67' title='bbox 177 675 315 726; x_wconf 88' lang='lat' dir='ltr'><strong>ipsius,</strong></span> <span class='ocrx_word' id='word_1_68' title='bbox 348 675 423 712; x_wconf 91' lang='lat' dir='ltr'><strong>imo</strong></span> <span class='ocrx_word' id='word_1_69' title='bbox 451 680 490 712; x_wconf 90' lang='lat' dir='ltr'><strong>et</strong></span> <span class='ocrx_word' id='word_1_70' title='bbox 515 674 552 710; x_wconf 93' lang='lat' dir='ltr'><strong>in</strong></span> <span class='ocrx_word' id='word_1_71' title='bbox 579 673 696 724; x_wconf 90' lang='lat' dir='ltr'><strong>ipsius</strong></span> <span class='ocrx_word' id='word_1_72' title='bbox 722 674 885 711; x_wconf 92' lang='lat' dir='ltr'><strong>nominis</strong></span> <span class='ocrx_word' id='word_1_73' title='bbox 911 680 1173 721; x_wconf 86' lang='lat' dir='ltr'><strong>sacramento,</strong></span> <span class='ocrx_word' id='word_1_74' title='bbox 1204 674 1426 712; x_wconf 81' lang='lat' dir='ltr'><strong>verissimus</strong></span> <span class='ocrx_word' id='word_1_75' title='bbox 1450 686 1512 712; x_wconf 78' lang='lat' dir='ltr'><strong>sa-</strong></span> 
     </span>
     <span class='ocr_line' id='line_1_10' title="bbox 181 729 1514 783; baseline 0 -13"><span class='ocrx_word' id='word_1_76' title='bbox 181 730 321 770; x_wconf 84' lang='lat' dir='ltr'><strong>cerdos</strong></span> <span class='ocrx_word' id='word_1_77' title='bbox 341 732 458 782; x_wconf 90' lang='lat' dir='ltr'><strong>patris</strong></span> <span class='ocrx_word' id='word_1_78' title='bbox 480 731 653 768; x_wconf 88' lang='lat' dir='ltr'><strong>Christus</strong></span> <span class='ocrx_word' id='word_1_79' title='bbox 673 731 789 781; x_wconf 89' lang='lat' dir='ltr'><strong>ipsius</strong></span> <span class='ocrx_word' id='word_1_80' title='bbox 816 730 959 783; x_wconf 86' lang='lat' dir='ltr'><strong>duplici</strong></span> <span class='ocrx_word' id='word_1_81' title='bbox 984 731 1114 770; x_wconf 88' lang='lat' dir='ltr'><strong>habitu</strong></span> <span class='ocrx_word' id='word_1_82' title='bbox 1142 733 1180 770; x_wconf 91' lang='lat' dir='ltr'><strong>in</strong></span> <span class='ocrx_word' id='word_1_83' title='bbox 1206 729 1302 769; x_wconf 89' lang='lat' dir='ltr'><strong>duos</strong></span> <span class='ocrx_word' id='word_1_84' title='bbox 1328 729 1514 770; x_wconf 87' lang='lat' dir='ltr'><strong>adventus</strong></span> 
     </span>
     <span class='ocr_line' id='line_1_11' title="bbox 181 787 1516 840; baseline 0 -14"><span class='ocrx_word' id='word_1_85' title='bbox 181 787 411 826; x_wconf 88' lang='lat' dir='ltr'><strong>delineatur.</strong></span> <span class='ocrx_word' id='word_1_86' title='bbox 456 788 583 826; x_wconf 90' lang='lat' dir='ltr'><strong>Primo</strong></span> <span class='ocrx_word' id='word_1_87' title='bbox 610 787 787 826; x_wconf 89' lang='lat' dir='ltr'><strong>sordibus</strong></span> <span class='ocrx_word' id='word_1_88' title='bbox 812 788 965 827; x_wconf 93' lang='lat' dir='ltr'><strong>indutus</strong></span> <span class='ocrx_word' id='word_1_89' title='bbox 991 796 1062 835; x_wconf 87' lang='lat' dir='ltr'><strong>est,</strong></span> <span class='ocrx_word' id='word_1_90' title='bbox 1090 788 1128 827; x_wconf 92' lang='lat' dir='ltr'><strong>id</strong></span> <span class='ocrx_word' id='word_1_91' title='bbox 1155 795 1215 827; x_wconf 87' lang='lat' dir='ltr'><strong>est</strong></span> <span class='ocrx_word' id='word_1_92' title='bbox 1239 789 1367 827; x_wconf 90' lang='lat' dir='ltr'><strong>carnis</strong></span> <span class='ocrx_word' id='word_1_93' title='bbox 1392 788 1516 840; x_wconf 88' lang='lat' dir='ltr'><strong>passi-</strong></span> 
     </span>
     <span class='ocr_line' id='line_1_12' title="bbox 180 841 1517 894; baseline 0 -11"><span class='ocrx_word' id='word_1_94' title='bbox 180 844 269 883; x_wconf 88' lang='lat' dir='ltr'><strong>bilis</strong></span> <span class='ocrx_word' id='word_1_95' title='bbox 295 851 335 882; x_wconf 89' lang='lat' dir='ltr'><strong>et</strong></span> <span class='ocrx_word' id='word_1_96' title='bbox 358 844 530 882; x_wconf 90' lang='lat' dir='ltr'><strong>mortalis</strong></span> <span class='ocrx_word' id='word_1_97' title='bbox 561 843 809 894; x_wconf 84' lang='lat' dir='ltr'><strong>indignitate,</strong></span> <span class='ocrx_word' id='word_1_98' title='bbox 851 858 934 883; x_wconf 87' lang='lat' dir='ltr'><strong>cum</strong></span> <span class='ocrx_word' id='word_1_99' title='bbox 967 853 1006 883; x_wconf 90' lang='lat' dir='ltr'><strong>et</strong></span> <span class='ocrx_word' id='word_1_100' title='bbox 1037 845 1212 884; x_wconf 88' lang='lat' dir='ltr'><strong>diabolus</strong></span> <span class='ocrx_word' id='word_1_101' title='bbox 1237 841 1517 885; x_wconf 72' lang='lat' dir='ltr'><strong>adversabatur</strong></span> 
     </span>
     <span class='ocr_line' id='line_1_13' title="bbox 183 899 1517 954; baseline 0.001 -14"><span class='ocrx_word' id='word_1_102' title='bbox 183 903 233 946; x_wconf 88' lang='lat' dir='ltr'><strong>ei,</strong></span> <span class='ocrx_word' id='word_1_103' title='bbox 261 909 398 940; x_wconf 87' lang='lat' dir='ltr'><strong>auctor</strong></span> <span class='ocrx_word' id='word_1_104' title='bbox 417 901 568 939; x_wconf 88' lang='lat' dir='ltr'><strong>scilicet</strong></span> <span class='ocrx_word' id='word_1_105' title='bbox 582 899 699 939; x_wconf 88' lang='lat' dir='ltr'><strong>Iudae</strong></span> <span class='ocrx_word' id='word_1_106' title='bbox 721 900 933 948; x_wconf 86' lang='lat' dir='ltr'><strong>traditoris,</strong></span> <span class='ocrx_word' id='word_1_107' title='bbox 961 903 1023 953; x_wconf 89' lang='lat' dir='ltr'><strong>qui</strong></span> <span class='ocrx_word' id='word_1_108' title='bbox 1044 915 1128 939; x_wconf 92' lang='lat' dir='ltr'><strong>eum</strong></span> <span class='ocrx_word' id='word_1_109' title='bbox 1149 903 1264 940; x_wconf 90' lang='lat' dir='ltr'><strong>etiam</strong></span> <span class='ocrx_word' id='word_1_110' title='bbox 1283 909 1373 954; x_wconf 90' lang='lat' dir='ltr'><strong>post</strong></span> <span class='ocrx_word' id='word_1_111' title='bbox 1389 902 1517 954; x_wconf 80' lang='lat' dir='ltr'><strong>bapti-</strong></span> 
     </span>
     <span class='ocr_line' id='line_1_14' title="bbox 183 957 1517 1010; baseline 0.001 -13"><span class='ocrx_word' id='word_1_112' title='bbox 183 972 301 998; x_wconf 89' lang='lat' dir='ltr'><strong>smum</strong></span> <span class='ocrx_word' id='word_1_113' title='bbox 327 964 556 996; x_wconf 88' lang='lat' dir='ltr'><strong>tentaverat.</strong></span> <span class='ocrx_word' id='word_1_114' title='bbox 618 957 767 996; x_wconf 87' lang='lat' dir='ltr'><strong>Dehinc</strong></span> <span class='ocrx_word' id='word_1_115' title='bbox 794 959 978 1009; x_wconf 89' lang='lat' dir='ltr'><strong>spoliatus</strong></span> <span class='ocrx_word' id='word_1_116' title='bbox 1003 959 1182 1010; x_wconf 90' lang='lat' dir='ltr'><strong>pristinas</strong></span> <span class='ocrx_word' id='word_1_117' title='bbox 1208 958 1362 1005; x_wconf 85' lang='lat' dir='ltr'><strong>sordes&#39;,</strong></span> <span class='ocrx_word' id='word_1_118' title='bbox 1401 971 1517 998; x_wconf 87' lang='lat' dir='ltr'><strong>exor-</strong></span> 
     </span>
     <span class='ocr_line' id='line_1_15' title="bbox 183 1013 1519 1067; baseline -0.001 -12"><span class='ocrx_word' id='word_1_119' title='bbox 183 1023 294 1055; x_wconf 88' lang='lat' dir='ltr'><strong>natus</strong></span> <span class='ocrx_word' id='word_1_120' title='bbox 319 1014 469 1067; x_wconf 89' lang='lat' dir='ltr'><strong>podere</strong></span> <span class='ocrx_word' id='word_1_121' title='bbox 496 1021 535 1052; x_wconf 89' lang='lat' dir='ltr'><strong>et</strong></span> <span class='ocrx_word' id='word_1_122' title='bbox 560 1015 673 1052; x_wconf 90' lang='lat' dir='ltr'><strong>mitra</strong></span> <span class='ocrx_word' id='word_1_123' title='bbox 699 1021 738 1052; x_wconf 91' lang='lat' dir='ltr'><strong>et</strong></span> <span class='ocrx_word' id='word_1_124' title='bbox 764 1014 887 1053; x_wconf 89' lang='lat' dir='ltr'><strong>cidari</strong></span> <span class='ocrx_word' id='word_1_125' title='bbox 918 1015 1075 1062; x_wconf 89' lang='lat' dir='ltr'><strong>munda,</strong></span> <span class='ocrx_word' id='word_1_126' title='bbox 1109 1014 1148 1053; x_wconf 80' lang='lat' dir='ltr'><strong>id</strong></span> <span class='ocrx_word' id='word_1_127' title='bbox 1180 1022 1239 1054; x_wconf 89' lang='lat' dir='ltr'><strong>est</strong></span> <span class='ocrx_word' id='word_1_128' title='bbox 1263 1013 1424 1054; x_wconf 83' lang='lat' dir='ltr'><strong>secundi</strong></span> <span class='ocrx_word' id='word_1_129' title='bbox 1449 1013 1519 1054; x_wconf 86' lang='lat' dir='ltr'><strong>ad-</strong></span> 
     </span>
     <span class='ocr_line' id='line_1_16' title="bbox 183 1071 1516 1125; baseline -0.001 -13"><span class='ocrx_word' id='word_1_130' title='bbox 183 1080 331 1121; x_wconf 84' lang='lat' dir='ltr'><strong>ventus,</strong></span> <span class='ocrx_word' id='word_1_131' title='bbox 365 1073 541 1124; x_wconf 91' lang='lat' dir='ltr'><strong>quoniam</strong></span> <span class='ocrx_word' id='word_1_132' title='bbox 568 1072 730 1123; x_wconf 89' lang='lat' dir='ltr'><strong>gloriam</strong></span> <span class='ocrx_word' id='word_1_133' title='bbox 757 1078 797 1110; x_wconf 91' lang='lat' dir='ltr'><strong>et</strong></span> <span class='ocrx_word' id='word_1_134' title='bbox 820 1072 1006 1111; x_wconf 90' lang='lat' dir='ltr'><strong>honorem</strong></span> <span class='ocrx_word' id='word_1_135' title='bbox 1033 1071 1193 1125; x_wconf 87' lang='lat' dir='ltr'><strong>adeptus</strong></span> <span class='ocrx_word' id='word_1_136' title='bbox 1219 1071 1516 1113; x_wconf 84' lang='lat' dir='ltr'><strong>demonstratur.</strong></span> 
     </span>
     <span class='ocr_line' id='line_1_17' title="bbox 183 1123 1517 1182; baseline -0.001 -12"><span class='ocrx_word' id='word_1_137' title='bbox 183 1130 270 1170; x_wconf 85' lang='lat' dir='ltr'><strong>Nec</strong></span> <span class='ocrx_word' id='word_1_138' title='bbox 296 1131 476 1182; x_wconf 90' lang='lat' dir='ltr'><strong>poteritis</strong></span> <span class='ocrx_word' id='word_1_139' title='bbox 502 1143 587 1168; x_wconf 88' lang='lat' dir='ltr'><strong>eum</strong></span> <span class='ocrx_word' id='word_1_140' title='bbox 614 1129 752 1181; x_wconf 87' lang='lat' dir='ltr'><strong>loseph</strong></span> <span class='ocrx_word' id='word_1_141' title='bbox 768 1129 803 1179; x_wconf 66' lang='grc' dir='ltr'><strong>ὃ)</strong></span> <span class='ocrx_word' id='word_1_142' title='bbox 830 1130 946 1168; x_wconf 86' lang='lat' dir='ltr'><strong>filium</strong></span> <span class='ocrx_word' id='word_1_143' title='bbox 973 1129 1118 1178; x_wconf 79' lang='lat' dir='ltr'><strong>(licere,</strong></span> <span class='ocrx_word' id='word_1_144' title='bbox 1147 1123 1337 1182; x_wconf 60' lang='lat' dir='ltr'><strong>qui&#39;nulla</strong></span> <span class='ocrx_word' id='word_1_145' title='bbox 1363 1131 1517 1169; x_wconf 90' lang='lat' dir='ltr'><strong>omnino</strong></span> 
     </span>
     <span class='ocr_line' id='line_1_18' title="bbox 185 1186 1518 1239; baseline 0.001 -13"><span class='ocrx_word' id='word_1_146' title='bbox 185 1195 293 1227; x_wconf 90' lang='lat' dir='ltr'><strong>veste</strong></span> <span class='ocrx_word' id='word_1_147' title='bbox 320 1186 495 1234; x_wconf 88' lang='lat' dir='ltr'><strong>sordida,</strong></span> <span class='ocrx_word' id='word_1_148' title='bbox 535 1186 602 1225; x_wconf 87' lang='lat' dir='ltr'><strong>sed</strong></span> <span class='ocrx_word' id='word_1_149' title='bbox 636 1200 789 1239; x_wconf 88' lang='lat' dir='ltr'><strong>semper</strong></span> <span class='ocrx_word' id='word_1_150' title='bbox 820 1186 1054 1226; x_wconf 80' lang='lat' dir='ltr'><strong>sacerdotali</strong></span> <span class='ocrx_word' id='word_1_151' title='bbox 1081 1188 1154 1226; x_wconf 89' lang='lat' dir='ltr'><strong>fuit</strong></span> <span class='ocrx_word' id='word_1_152' title='bbox 1179 1195 1406 1236; x_wconf 82' lang='lat' dir='ltr'><strong>exornatus,</strong></span> <span class='ocrx_word' id='word_1_153' title='bbox 1444 1200 1518 1227; x_wconf 81' lang='lat' dir='ltr'><strong>nec</strong></span> 
     </span>
     <span class='ocr_line' id='line_1_19' title="bbox 185 1244 1520 1297; baseline 0.001 -14"><span class='ocrx_word' id='word_1_154' title='bbox 185 1259 349 1297; x_wconf 90' lang='lat' dir='ltr'><strong>unquam</strong></span> <span class='ocrx_word' id='word_1_155' title='bbox 376 1244 610 1283; x_wconf 88' lang='lat' dir='ltr'><strong>sacerdotali</strong></span> <span class='ocrx_word' id='word_1_156' title='bbox 637 1258 793 1283; x_wconf 91' lang='lat' dir='ltr'><strong>munere</strong></span> <span class='ocrx_word' id='word_1_157' title='bbox 821 1246 1002 1297; x_wconf 80' lang='lat' dir='ltr'><strong>privatuS.</strong></span> <span class='ocrx_word' id='word_1_158' title='bbox 1066 1244 1144 1284; x_wconf 88' lang='lat' dir='ltr'><strong>Sed</strong></span> <span class='ocrx_word' id='word_1_159' title='bbox 1170 1245 1277 1284; x_wconf 90' lang='lat' dir='ltr'><strong>Iesus</strong></span> <span class='ocrx_word' id='word_1_160' title='bbox 1308 1247 1380 1284; x_wconf 89' lang='lat' dir='ltr'><strong>iste</strong></span> <span class='ocrx_word' id='word_1_161' title='bbox 1407 1244 1520 1284; x_wconf 86' lang='lat' dir='ltr'><strong>Chri-</strong></span> 
     </span>
     <span class='ocr_line' id='line_1_20' title="bbox 186 1301 1519 1354; baseline 0 -14"><span class='ocrx_word' id='word_1_162' title='bbox 186 1309 284 1349; x_wconf 83' lang='lat' dir='ltr'><strong>stus,</strong></span> <span class='ocrx_word' id='word_1_163' title='bbox 323 1301 385 1341; x_wconf 88' lang='lat' dir='ltr'><strong>dei</strong></span> <span class='ocrx_word' id='word_1_164' title='bbox 423 1303 542 1354; x_wconf 91' lang='lat' dir='ltr'><strong>patris</strong></span> <span class='ocrx_word' id='word_1_165' title='bbox 580 1303 712 1339; x_wconf 91' lang='lat' dir='ltr'><strong>summi</strong></span> <span class='ocrx_word' id='word_1_166' title='bbox 751 1302 954 1349; x_wconf 83' lang='lat' dir='ltr'><strong>sacerdos,</strong></span> <span class='ocrx_word' id='word_1_167' title='bbox 994 1304 1055 1354; x_wconf 92' lang='lat' dir='ltr'><strong>qui</strong></span> <span class='ocrx_word' id='word_1_168' title='bbox 1093 1304 1216 1354; x_wconf 89' lang='lat' dir='ltr'><strong>primo</strong></span> <span class='ocrx_word' id='word_1_169' title='bbox 1253 1302 1419 1342; x_wconf 88' lang='lat' dir='ltr'><strong>adventu</strong></span> <span class='ocrx_word' id='word_1_170' title='bbox 1450 1315 1519 1341; x_wconf 90' lang='lat' dir='ltr'><strong>suo</strong></span> 
     </span>
     <span class='ocr_line' id='line_1_21' title="bbox 186 1358 1522 1412; baseline 0.001 -14"><span class='ocrx_word' id='word_1_171' title='bbox 186 1360 351 1399; x_wconf 89' lang='lat' dir='ltr'><strong>humana</strong></span> <span class='ocrx_word' id='word_1_172' title='bbox 388 1360 510 1397; x_wconf 86' lang='lat' dir='ltr'><strong>forma</strong></span> <span class='ocrx_word' id='word_1_173' title='bbox 548 1366 588 1397; x_wconf 88' lang='lat' dir='ltr'><strong>et</strong></span> <span class='ocrx_word' id='word_1_174' title='bbox 624 1359 816 1410; x_wconf 89' lang='lat' dir='ltr'><strong>passibilis</strong></span> <span class='ocrx_word' id='word_1_175' title='bbox 854 1361 959 1398; x_wconf 91' lang='lat' dir='ltr'><strong>venit</strong></span> <span class='ocrx_word' id='word_1_176' title='bbox 996 1361 1035 1398; x_wconf 92' lang='lat' dir='ltr'><strong>in</strong></span> <span class='ocrx_word' id='word_1_177' title='bbox 1071 1359 1283 1399; x_wconf 88' lang='lat' dir='ltr'><strong>humilitate</strong></span> <span class='ocrx_word' id='word_1_178' title='bbox 1320 1372 1439 1412; x_wconf 87' lang='lat' dir='ltr'><strong>usque</strong></span> <span class='ocrx_word' id='word_1_179' title='bbox 1471 1358 1522 1398; x_wconf 85' lang='lat' dir='ltr'><strong>ad</strong></span> 
     </span>
     <span class='ocr_line' id='line_1_22' title="bbox 187 1416 1521 1470; baseline 0.001 -16"><span class='ocrx_word' id='word_1_180' title='bbox 187 1418 416 1469; x_wconf 88' lang='lat' dir='ltr'><strong>passionem,</strong></span> <span class='ocrx_word' id='word_1_181' title='bbox 443 1418 525 1467; x_wconf 91' lang='lat' dir='ltr'><strong>ipse</strong></span> <span class='ocrx_word' id='word_1_182' title='bbox 552 1417 667 1454; x_wconf 88' lang='lat' dir='ltr'><strong>etiam</strong></span> <span class='ocrx_word' id='word_1_183' title='bbox 689 1416 852 1455; x_wconf 85' lang='lat' dir='ltr'><strong>effectus</strong></span> <span class='ocrx_word' id='word_1_184' title='bbox 872 1417 998 1455; x_wconf 90' lang='lat' dir='ltr'><strong>hostia</strong></span> <span class='ocrx_word' id='word_1_185' title='bbox 1018 1430 1090 1469; x_wconf 88' lang='lat' dir='ltr'><strong>per</strong></span> <span class='ocrx_word' id='word_1_186' title='bbox 1109 1418 1235 1456; x_wconf 90' lang='lat' dir='ltr'><strong>omnia</strong></span> <span class='ocrx_word' id='word_1_187' title='bbox 1254 1431 1325 1470; x_wconf 90' lang='lat' dir='ltr'><strong>pro</strong></span> <span class='ocrx_word' id='word_1_188' title='bbox 1347 1417 1521 1457; x_wconf 87' lang='lat' dir='ltr'><strong>omnibus</strong></span> 
     </span>
     <span class='ocr_line' id='line_1_23' title="bbox 189 1471 1522 1528; baseline 0.005 -19"><span class='ocrx_word' id='word_1_189' title='bbox 189 1473 315 1518; x_wconf 85' lang='lat' dir='ltr'><strong>nobis,</strong></span> <span class='ocrx_word' id='word_1_190' title='bbox 343 1474 406 1523; x_wconf 86' lang='lat' dir='ltr'><strong>qui</strong></span> <span class='ocrx_word' id='word_1_191' title='bbox 431 1479 519 1523; x_wconf 86' lang='lat' dir='ltr'><strong>post</strong></span> <span class='ocrx_word' id='word_1_192' title='bbox 538 1474 864 1511; x_wconf 90' lang='lat' dir='ltr'><strong>resurrectionem</strong></span> <span class='ocrx_word' id='word_1_193' title='bbox 884 1487 988 1512; x_wconf 91' lang='lat' dir='ltr'><strong>suam</strong></span> <span class='ocrx_word' id='word_1_194' title='bbox 1010 1473 1163 1513; x_wconf 85' lang='lat' dir='ltr'><strong>indutus</strong></span> <span class='ocrx_word' id='word_1_195' title='bbox 1183 1474 1370 1528; x_wconf 86' lang='lat' dir='ltr'><strong>poderem</strong></span> <span class='ocrx_word' id='word_1_196' title='bbox 1389 1471 1522 1514; x_wconf 82' lang='lat' dir='ltr'><strong>sacer-</strong></span> 
     </span>
     <span class='ocr_line' id='line_1_24' title="bbox 191 1527 1525 1581; baseline 0.003 -14"><span class='ocrx_word' id='word_1_197' title='bbox 191 1528 261 1567; x_wconf 85' lang='lat' dir='ltr'><strong>dos</strong></span> <span class='ocrx_word' id='word_1_198' title='bbox 298 1529 335 1566; x_wconf 93' lang='lat' dir='ltr'><strong>in</strong></span> <span class='ocrx_word' id='word_1_199' title='bbox 373 1535 570 1566; x_wconf 87' lang='lat' dir='ltr'><strong>aeternum</strong></span> <span class='ocrx_word' id='word_1_200' title='bbox 609 1527 672 1566; x_wconf 90' lang='lat' dir='ltr'><strong>dei</strong></span> <span class='ocrx_word' id='word_1_201' title='bbox 709 1530 828 1580; x_wconf 89' lang='lat' dir='ltr'><strong>patris</strong></span> <span class='ocrx_word' id='word_1_202' title='bbox 854 1538 1093 1581; x_wconf 89' lang='lat' dir='ltr'><strong>nuncupatus</strong></span> <span class='ocrx_word' id='word_1_203' title='bbox 1119 1539 1191 1570; x_wconf 84' lang='lat' dir='ltr'><strong>est.</strong></span> <span class='ocrx_word' id='word_1_204' title='bbox 1265 1531 1331 1570; x_wconf 94' lang='lat' dir='ltr'><strong>Sic</strong></span> <span class='ocrx_word' id='word_1_205' title='bbox 1357 1533 1457 1571; x_wconf 87' lang='lat' dir='ltr'><strong>enim</strong></span> <span class='ocrx_word' id='word_1_206' title='bbox 1483 1537 1525 1571; x_wconf 70' lang='lat' dir='ltr'><strong>et</strong></span> 
     </span>
     <span class='ocr_line' id='line_1_25' title="bbox 191 1585 1524 1638; baseline 0.002 -14"><span class='ocrx_word' id='word_1_207' title='bbox 191 1585 351 1624; x_wconf 89' lang='lat' dir='ltr'><strong>duorum</strong></span> <span class='ocrx_word' id='word_1_208' title='bbox 376 1585 583 1631; x_wconf 90' lang='lat' dir='ltr'><strong>hircorum,</strong></span> <span class='ocrx_word' id='word_1_209' title='bbox 617 1586 679 1637; x_wconf 91' lang='lat' dir='ltr'><strong>qui</strong></span> <span class='ocrx_word' id='word_1_210' title='bbox 705 1587 848 1624; x_wconf 88' lang='lat' dir='ltr'><strong>ieiunio</strong></span> <span class='ocrx_word' id='word_1_211' title='bbox 875 1586 1205 1638; x_wconf 79' lang='lat' dir='ltr'><strong>offerebantur,&#39;¹)</strong></span> <span class='ocrx_word' id='word_1_212' title='bbox 1237 1588 1376 1626; x_wconf 84' lang='lat' dir='ltr'><strong>faciam</strong></span> <span class='ocrx_word' id='word_1_213' title='bbox 1402 1588 1524 1627; x_wconf 86' lang='lat' dir='ltr'><strong>inter·-</strong></span> 
     </span>
     <span class='ocr_line' id='line_1_26' title="bbox 189 1641 1523 1696; baseline 0.002 -15"><span class='ocrx_word' id='word_1_214' title='bbox 189 1643 458 1696; x_wconf 90' lang='lat' dir='ltr'><strong>pretationem.</strong></span> <span class='ocrx_word' id='word_1_215' title='bbox 497 1641 637 1680; x_wconf 88' lang='lat' dir='ltr'><strong>Nonne</strong></span> <span class='ocrx_word' id='word_1_216' title='bbox 658 1649 698 1680; x_wconf 87' lang='lat' dir='ltr'><strong>et</strong></span> <span class='ocrx_word' id='word_1_217' title='bbox 717 1643 771 1680; x_wconf 92' lang='lat' dir='ltr'><strong>illi</strong></span> <span class='ocrx_word' id='word_1_218' title='bbox 787 1650 985 1695; x_wconf 84' lang='lat' dir='ltr'><strong>utrumque</strong></span> <span class='ocrx_word' id='word_1_219' title='bbox 1001 1643 1174 1682; x_wconf 88' lang='lat' dir='ltr'><strong>ordinem</strong></span> <span class='ocrx_word' id='word_1_220' title='bbox 1187 1645 1351 1683; x_wconf 89' lang='lat' dir='ltr'><strong>nominis</strong></span> <span class='ocrx_word' id='word_1_221' title='bbox 1365 1643 1523 1692; x_wconf 82' lang='lat' dir='ltr'><strong>Christi,</strong></span> 
     </span>
     <span class='ocr_line' id='line_1_27' title="bbox 192 1698 1524 1755; baseline 0.002 -17"><span class='ocrx_word' id='word_1_222' title='bbox 192 1701 254 1752; x_wconf 92' lang='lat' dir='ltr'><strong>qui</strong></span> <span class='ocrx_word' id='word_1_223' title='bbox 285 1701 359 1738; x_wconf 86' lang='lat' dir='ltr'><strong>iam</strong></span> <span class='ocrx_word' id='word_1_224' title='bbox 389 1700 512 1746; x_wconf 88' lang='lat' dir='ltr'><strong>venit,</strong></span> <span class='ocrx_word' id='word_1_225' title='bbox 552 1698 782 1738; x_wconf 85' lang='lat' dir='ltr'><strong>ostendunt?</strong></span> <span class='ocrx_word' id='word_1_226' title='bbox 816 1713 931 1752; x_wconf 90' lang='lat' dir='ltr'><strong>pares</strong></span> <span class='ocrx_word' id='word_1_227' title='bbox 969 1700 1119 1753; x_wconf 88' lang='lat' dir='ltr'><strong>quidem</strong></span> <span class='ocrx_word' id='word_1_228' title='bbox 1156 1708 1270 1755; x_wconf 86' lang='lat' dir='ltr'><strong>atque</strong></span> <span class='ocrx_word' id='word_1_229' title='bbox 1303 1701 1524 1742; x_wconf 85' lang='lat' dir='ltr'><strong>consimiles</strong></span> 
     </span>
     <span class='ocr_line' id='line_1_28' title="bbox 190 1755 1525 1811; baseline 0.003 -17"><span class='ocrx_word' id='word_1_230' title='bbox 190 1764 352 1810; x_wconf 89' lang='lat' dir='ltr'><strong>propter</strong></span> <span class='ocrx_word' id='word_1_231' title='bbox 382 1755 542 1795; x_wconf 87' lang='lat' dir='ltr'><strong>eundem</strong></span> <span class='ocrx_word' id='word_1_232' title='bbox 576 1756 719 1802; x_wconf 84' lang='lat' dir='ltr'><strong>domini</strong></span> <span class='ocrx_word' id='word_1_233' title='bbox 751 1764 1019 1809; x_wconf 86' lang='lat' dir='ltr'><strong>conspectum,</strong></span> <span class='ocrx_word' id='word_1_234' title='bbox 1053 1759 1141 1811; x_wconf 90' lang='lat' dir='ltr'><strong>quia</strong></span> <span class='ocrx_word' id='word_1_235' title='bbox 1166 1772 1242 1797; x_wconf 90' lang='lat' dir='ltr'><strong>non</strong></span> <span class='ocrx_word' id='word_1_236' title='bbox 1268 1759 1307 1797; x_wconf 90' lang='lat' dir='ltr'><strong>in</strong></span> <span class='ocrx_word' id='word_1_237' title='bbox 1331 1759 1408 1798; x_wconf 82' lang='lat' dir='ltr'><strong>alia</strong></span> <span class='ocrx_word' id='word_1_238' title='bbox 1432 1771 1525 1799; x_wconf 89' lang='lat' dir='ltr'><strong>ven-</strong></span> 
     </span>
     <span class='ocr_line' id='line_1_29' title="bbox 192 1815 1525 1868; baseline 0.003 -16"><span class='ocrx_word' id='word_1_239' title='bbox 192 1821 389 1861; x_wconf 30' lang='lat' dir='ltr'><strong>turushest</strong></span> <span class='ocrx_word' id='word_1_240' title='bbox 420 1815 562 1861; x_wconf 89' lang='lat' dir='ltr'><strong>forma,</strong></span> <span class='ocrx_word' id='word_1_241' title='bbox 594 1821 636 1853; x_wconf 90' lang='lat' dir='ltr'><strong>ut</strong></span> <span class='ocrx_word' id='word_1_242' title='bbox 667 1815 730 1866; x_wconf 90' lang='lat' dir='ltr'><strong>qui</strong></span> <span class='ocrx_word' id='word_1_243' title='bbox 761 1816 922 1866; x_wconf 83' lang='lat' dir='ltr'><strong>agnosci</strong></span> <span class='ocrx_word' id='word_1_244' title='bbox 951 1815 1086 1863; x_wconf 90' lang='lat' dir='ltr'><strong>habet,</strong></span> <span class='ocrx_word' id='word_1_245' title='bbox 1120 1829 1142 1854; x_wconf 91' lang='lat' dir='ltr'><strong>a</strong></span> <span class='ocrx_word' id='word_1_246' title='bbox 1174 1816 1308 1868; x_wconf 88' lang='lat' dir='ltr'><strong>quibus</strong></span> <span class='ocrx_word' id='word_1_247' title='bbox 1333 1823 1374 1856; x_wconf 87' lang='lat' dir='ltr'><strong>et</strong></span> <span class='ocrx_word' id='word_1_248' title='bbox 1398 1815 1525 1856; x_wconf 79' lang='lat' dir='ltr'><strong>laesus</strong></span> 
     </span>
     <span class='ocr_line' id='line_1_30' title="bbox 193 1870 1526 1920; baseline 0.002 -10"><span class='ocrx_word' id='word_1_249' title='bbox 193 1879 263 1911; x_wconf 85' lang='lat' dir='ltr'><strong>est.</strong></span> <span class='ocrx_word' id='word_1_250' title='bbox 326 1870 429 1910; x_wconf 91' lang='lat' dir='ltr'><strong>Unus</strong></span> <span class='ocrx_word' id='word_1_251' title='bbox 460 1879 585 1910; x_wconf 88' lang='lat' dir='ltr'><strong>autem</strong></span> <span class='ocrx_word' id='word_1_252' title='bbox 619 1885 751 1911; x_wconf 90' lang='lat' dir='ltr'><strong>eorum</strong></span> <span class='ocrx_word' id='word_1_253' title='bbox 784 1871 1040 1912; x_wconf 88' lang='lat' dir='ltr'><strong>circumdatus</strong></span> <span class='ocrx_word' id='word_1_254' title='bbox 1077 1874 1260 1920; x_wconf 92' lang='lat' dir='ltr'><strong>coccino,</strong></span> <span class='ocrx_word' id='word_1_255' title='bbox 1298 1872 1526 1913; x_wconf 86' lang='lat' dir='ltr'><strong>maledictus</strong></span> 
     </span>
     <span class='ocr_line' id='line_1_31' title="bbox 194 1930 1526 1983; baseline 0.002 -15"><span class='ocrx_word' id='word_1_256' title='bbox 194 1936 234 1968; x_wconf 89' lang='lat' dir='ltr'><strong>et</strong></span> <span class='ocrx_word' id='word_1_257' title='bbox 260 1936 508 1981; x_wconf 90' lang='lat' dir='ltr'><strong>consputatus</strong></span> <span class='ocrx_word' id='word_1_258' title='bbox 535 1937 576 1968; x_wconf 82' lang='lat' dir='ltr'><strong>et</strong></span> <span class='ocrx_word' id='word_1_259' title='bbox 602 1930 804 1969; x_wconf 89' lang='lat' dir='ltr'><strong>convulsus</strong></span> <span class='ocrx_word' id='word_1_260' title='bbox 830 1937 870 1969; x_wconf 90' lang='lat' dir='ltr'><strong>et</strong></span> <span class='ocrx_word' id='word_1_261' title='bbox 896 1937 1164 1982; x_wconf 86' lang='lat' dir='ltr'><strong>compunctus,</strong></span> <span class='ocrx_word' id='word_1_262' title='bbox 1197 1944 1220 1969; x_wconf 89' lang='lat' dir='ltr'><strong>a</strong></span> <span class='ocrx_word' id='word_1_263' title='bbox 1244 1931 1387 1983; x_wconf 87' lang='lat' dir='ltr'><strong>populo</strong></span> <span class='ocrx_word' id='word_1_264' title='bbox 1413 1937 1526 1970; x_wconf 82' lang='lat' dir='ltr'><strong>extra</strong></span> 
     </span>
     <span class='ocr_line' id='line_1_32' title="bbox 195 1986 1525 2040; baseline 0.001 -15"><span class='ocrx_word' id='word_1_265' title='bbox 195 1988 388 2026; x_wconf 87' lang='lat' dir='ltr'><strong>civitatem</strong></span> <span class='ocrx_word' id='word_1_266' title='bbox 432 1987 687 2026; x_wconf 87' lang='lat' dir='ltr'><strong>abiiciebatur</strong></span> <span class='ocrx_word' id='word_1_267' title='bbox 724 1988 761 2025; x_wconf 91' lang='lat' dir='ltr'><strong>in</strong></span> <span class='ocrx_word' id='word_1_268' title='bbox 799 1986 1074 2040; x_wconf 89' lang='lat' dir='ltr'><strong>perditionem,</strong></span> <span class='ocrx_word' id='word_1_269' title='bbox 1117 1988 1330 2027; x_wconf 84' lang='lat' dir='ltr'><strong>manifestis</strong></span> <span class='ocrx_word' id='word_1_270' title='bbox 1371 1994 1525 2027; x_wconf 83' lang='lat' dir='ltr'><strong>notatus</strong></span> 
     </span>
     <span class='ocr_line' id='line_1_33' title="bbox 194 2043 1523 2097; baseline 0.002 -16"><span class='ocrx_word' id='word_1_271' title='bbox 194 2044 407 2095; x_wconf 90' lang='lat' dir='ltr'><strong>insignibus</strong></span> <span class='ocrx_word' id='word_1_272' title='bbox 434 2043 575 2082; x_wconf 88' lang='lat' dir='ltr'><strong>Christi</strong></span> <span class='ocrx_word' id='word_1_273' title='bbox 599 2045 802 2096; x_wconf 90' lang='lat' dir='ltr'><strong>passionis,</strong></span> <span class='ocrx_word' id='word_1_274' title='bbox 831 2046 893 2097; x_wconf 87' lang='lat' dir='ltr'><strong>qui</strong></span> <span class='ocrx_word' id='word_1_275' title='bbox 919 2046 1108 2095; x_wconf 78' lang='lat' dir='ltr'><strong>coccinea</strong></span> <span class='ocrx_word' id='word_1_276' title='bbox 1133 2043 1390 2084; x_wconf 87' lang='lat' dir='ltr'><strong>circumdatus</strong></span> <span class='ocrx_word' id='word_1_277' title='bbox 1413 2051 1523 2084; x_wconf 90' lang='lat' dir='ltr'><strong>veste</strong></span> 
     </span>
     <span class='ocr_line' id='line_1_34' title="bbox 195 2101 1525 2154; baseline 0.002 -15"><span class='ocrx_word' id='word_1_278' title='bbox 195 2108 235 2139; x_wconf 89' lang='lat' dir='ltr'><strong>et</strong></span> <span class='ocrx_word' id='word_1_279' title='bbox 261 2108 508 2154; x_wconf 85' lang='lat' dir='ltr'><strong>consputatus</strong></span> <span class='ocrx_word' id='word_1_280' title='bbox 540 2108 580 2140; x_wconf 86' lang='lat' dir='ltr'><strong>et</strong></span> <span class='ocrx_word' id='word_1_281' title='bbox 611 2102 783 2141; x_wconf 88' lang='lat' dir='ltr'><strong>omnibus</strong></span> <span class='ocrx_word' id='word_1_282' title='bbox 815 2103 1058 2141; x_wconf 88' lang='lat' dir='ltr'><strong>contumeliis</strong></span> <span class='ocrx_word' id='word_1_283' title='bbox 1088 2101 1250 2141; x_wconf 86' lang='lat' dir='ltr'><strong>afflictus</strong></span> <span class='ocrx_word' id='word_1_284' title='bbox 1287 2108 1400 2140; x_wconf 83' lang='lat' dir='ltr'><strong>extra</strong></span> <span class='ocrx_word' id='word_1_285' title='bbox 1429 2102 1525 2141; x_wconf 89' lang='lat' dir='ltr'><strong>civi—</strong></span> 
     </span>
     <span class='ocr_line' id='line_1_35' title="bbox 195 2158 1526 2212; baseline 0.002 -16"><span class='ocrx_word' id='word_1_286' title='bbox 195 2165 312 2197; x_wconf 85' lang='lat' dir='ltr'><strong>tatem</strong></span> <span class='ocrx_word' id='word_1_287' title='bbox 351 2159 556 2198; x_wconf 80' lang='lat' dir='ltr'><strong>crucifixus</strong></span> <span class='ocrx_word' id='word_1_288' title='bbox 594 2166 666 2197; x_wconf 87' lang='lat' dir='ltr'><strong>est.</strong></span> <span class='ocrx_word' id='word_1_289' title='bbox 738 2159 852 2198; x_wconf 90' lang='lat' dir='ltr'><strong>Alter</strong></span> <span class='ocrx_word' id='word_1_290' title='bbox 882 2173 995 2207; x_wconf 80' lang='lat' dir='ltr'><strong>vere,</strong></span> <span class='ocrx_word' id='word_1_291' title='bbox 1033 2173 1104 2212; x_wconf 91' lang='lat' dir='ltr'><strong>pro</strong></span> <span class='ocrx_word' id='word_1_292' title='bbox 1131 2158 1283 2198; x_wconf 88' lang='lat' dir='ltr'><strong>delictis</strong></span> <span class='ocrx_word' id='word_1_293' title='bbox 1309 2158 1459 2198; x_wconf 83' lang='lat' dir='ltr'><strong>oblatus</strong></span> <span class='ocrx_word' id='word_1_294' title='bbox 1485 2166 1526 2198; x_wconf 85' lang='lat' dir='ltr'><strong>et</strong></span> 
     </span>
     <span class='ocr_line' id='line_1_36' title="bbox 196 2214 1525 2269; baseline 0.002 -16"><span class='ocrx_word' id='word_1_295' title='bbox 196 2214 463 2254; x_wconf 89' lang='lat' dir='ltr'><strong>sacerdotibus</strong></span> <span class='ocrx_word' id='word_1_296' title='bbox 487 2223 631 2254; x_wconf 87' lang='lat' dir='ltr'><strong>tantum</strong></span> <span class='ocrx_word' id='word_1_297' title='bbox 659 2217 790 2268; x_wconf 87' lang='lat' dir='ltr'><strong>templi</strong></span> <span class='ocrx_word' id='word_1_298' title='bbox 816 2218 853 2254; x_wconf 89' lang='lat' dir='ltr'><strong>in</strong></span> <span class='ocrx_word' id='word_1_299' title='bbox 879 2217 1056 2269; x_wconf 90' lang='lat' dir='ltr'><strong>pabulum</strong></span> <span class='ocrx_word' id='word_1_300' title='bbox 1082 2215 1210 2264; x_wconf 90' lang='lat' dir='ltr'><strong>datus,</strong></span> <span class='ocrx_word' id='word_1_301' title='bbox 1242 2214 1436 2256; x_wconf 88' lang='lat' dir='ltr'><strong>secundae</strong></span> <span class='ocrx_word' id='word_1_302' title='bbox 1459 2228 1525 2255; x_wconf 90' lang='lat' dir='ltr'><strong>re-</strong></span> 
     </span>
     <span class='ocr_line' id='line_1_37' title="bbox 195 2273 1524 2326; baseline 0.002 -16"><span class='ocrx_word' id='word_1_303' title='bbox 195 2274 519 2324; x_wconf 86' lang='lat' dir='ltr'><strong>praesentationis</strong></span> <span class='ocrx_word' id='word_1_304' title='bbox 556 2281 781 2325; x_wconf 86' lang='lat' dir='ltr'><strong>argumenta</strong></span> <span class='ocrx_word' id='word_1_305' title='bbox 818 2274 1012 2326; x_wconf 85' lang='lat' dir='ltr'><strong>signabat,</strong></span> <span class='ocrx_word' id='word_1_306' title='bbox 1052 2288 1125 2326; x_wconf 88' lang='lat' dir='ltr'><strong>qua</strong></span> <span class='ocrx_word' id='word_1_307' title='bbox 1159 2273 1313 2313; x_wconf 86' lang='lat' dir='ltr'><strong>delictis</strong></span> <span class='ocrx_word' id='word_1_308' title='bbox 1350 2273 1524 2312; x_wconf 87' lang='lat' dir='ltr'><strong>omnibus</strong></span> 
     </span>
     <span class='ocr_line' id='line_1_38' title="bbox 198 2329 1524 2384; baseline 0.002 -18"><span class='ocrx_word' id='word_1_309' title='bbox 198 2330 361 2380; x_wconf 86' lang='lat' dir='ltr'><strong>expiatis</strong></span> <span class='ocrx_word' id='word_1_310' title='bbox 387 2329 612 2370; x_wconf 87' lang='lat' dir='ltr'><strong>sacerdotes</strong></span> <span class='ocrx_word' id='word_1_311' title='bbox 637 2332 768 2383; x_wconf 83' lang='lat' dir='ltr'><strong>templi</strong></span> <span class='ocrx_word' id='word_1_312' title='bbox 793 2331 988 2384; x_wconf 83' lang='lat' dir='ltr'><strong>spiritalis,</strong></span> <span class='ocrx_word' id='word_1_313' title='bbox 1020 2330 1059 2370; x_wconf 89' lang='lat' dir='ltr'><strong>id</strong></span> <span class='ocrx_word' id='word_1_314' title='bbox 1085 2339 1144 2371; x_wconf 92' lang='lat' dir='ltr'><strong>est</strong></span> <span class='ocrx_word' id='word_1_315' title='bbox 1168 2331 1377 2378; x_wconf 82' lang='lat' dir='ltr'><strong>ecclesiae,</strong></span> <span class='ocrx_word' id='word_1_316' title='bbox 1401 2329 1524 2369; x_wconf 81' lang='lat' dir='ltr'><strong>domi-</strong></span> 
     </span>
    </p>
   </div>
   <div class='ocr_carea' id='block_1_3' title="bbox 201 2478 1523 2615">
    <p class='ocr_par' dir='ltr' id='par_1_3' title="bbox 201 2478 1523 2615">
     <span class='ocr_line' id='line_1_39' title="bbox 294 2478 1522 2524; baseline 0.003 -17"><span class='ocrx_word' id='word_1_317' title='bbox 294 2479 330 2518; x_wconf 85' lang='lat'><strong>1)</strong></span> <span class='ocrx_word' id='word_1_318' title='bbox 349 2478 405 2508; x_wconf 73' lang='lat' dir='ltr'><strong>Pa.</strong></span> <span class='ocrx_word' id='word_1_319' title='bbox 425 2480 480 2518; x_wconf 85' lang='lat'><strong>45,</strong></span> <span class='ocrx_word' id='word_1_320' title='bbox 502 2482 603 2519; x_wconf 79' lang='lat' dir='ltr'><strong>asqq.</strong></span> <span class='ocrx_word' id='word_1_321' title='bbox 684 2479 721 2524; x_wconf 84' lang='lat'><strong>2)</strong></span> <span class='ocrx_word' id='word_1_322' title='bbox 742 2481 846 2512; x_wconf 71' lang='lat' dir='ltr'><strong>Zach.</strong></span> <span class='ocrx_word' id='word_1_323' title='bbox 868 2483 922 2516; x_wconf 79' lang='lat'><strong>12,</strong></span> <span class='ocrx_word' id='word_1_324' title='bbox 944 2483 997 2512; x_wconf 83' lang='lat'><strong>10.</strong></span> <span class='ocrx_word' id='word_1_325' title='bbox 1082 2481 1118 2521; x_wconf 87' lang='lat'><strong>3)</strong></span> <span class='ocrx_word' id='word_1_326' title='bbox 1138 2483 1201 2513; x_wconf 60' lang='grc' dir='ltr'><strong>ιον.</strong></span> <span class='ocrx_word' id='word_1_327' title='bbox 1222 2482 1276 2520; x_wconf 74' lang='lat'><strong>1⁷,</strong></span> <span class='ocrx_word' id='word_1_328' title='bbox 1299 2483 1330 2511; x_wconf 79' lang='lat' dir='ltr'><strong>o.</strong></span> <span class='ocrx_word' id='word_1_329' title='bbox 1401 2478 1439 2518; x_wconf 79' lang='lat'><strong>4)</strong></span> <span class='ocrx_word' id='word_1_330' title='bbox 1457 2479 1522 2510; x_wconf 79' lang='lat' dir='ltr'><strong>len.</strong></span> 
     </span>
     <span class='ocr_line' id='line_1_40' title="bbox 202 2522 1523 2568; baseline 0.001 -16"><span class='ocrx_word' id='word_1_331' title='bbox 202 2522 255 2561; x_wconf 83' lang='lat'><strong>53,</strong></span> <span class='ocrx_word' id='word_1_332' title='bbox 271 2523 301 2555; x_wconf 87' lang='lat'><strong>8.</strong></span> <span class='ocrx_word' id='word_1_333' title='bbox 380 2523 413 2565; x_wconf 86' lang='lat'><strong>5)</strong></span> <span class='ocrx_word' id='word_1_334' title='bbox 427 2525 531 2557; x_wconf 85' lang='lat' dir='ltr'><strong>Zach.</strong></span> <span class='ocrx_word' id='word_1_335' title='bbox 546 2528 578 2568; x_wconf 84' lang='lat'><strong>3,</strong></span> <span class='ocrx_word' id='word_1_336' title='bbox 593 2529 623 2558; x_wconf 88' lang='grc'><strong>3.</strong></span> <span class='ocrx_word' id='word_1_337' title='bbox 639 2529 668 2557; x_wconf 88' lang='grc'><strong>5.</strong></span> <span class='ocrx_word' id='word_1_338' title='bbox 764 2527 800 2566; x_wconf 90' lang='grc'><strong>6)</strong></span> <span class='ocrx_word' id='word_1_339' title='bbox 820 2527 877 2558; x_wconf 87' lang='lat' dir='ltr'><strong>Sic</strong></span> <span class='ocrx_word' id='word_1_340' title='bbox 898 2527 1004 2558; x_wconf 84' lang='lat' dir='ltr'><strong>Rhen.</strong></span> <span class='ocrx_word' id='word_1_341' title='bbox 1019 2527 1069 2558; x_wconf 85' lang='lat' dir='ltr'><strong>ed.</strong></span> <span class='ocrx_word' id='word_1_342' title='bbox 1084 2528 1109 2559; x_wconf 92' lang='lat'><strong>1.</strong></span> <span class='ocrx_word' id='word_1_343' title='bbox 1123 2529 1158 2557; x_wconf 84' lang='lat' dir='ltr'><strong>et</strong></span> <span class='ocrx_word' id='word_1_344' title='bbox 1171 2527 1245 2558; x_wconf 86' lang='lat' dir='ltr'><strong>cod.</strong></span> <span class='ocrx_word' id='word_1_345' title='bbox 1258 2525 1377 2567; x_wconf 58' lang='lat' dir='ltr'><strong>Fama,</strong></span> <span class='ocrx_word' id='word_1_346' title='bbox 1399 2523 1523 2555; x_wconf 80' lang='lat' dir='ltr'><strong>deinde</strong></span> 
     </span>
     <span class='ocr_line' id='line_1_41' title="bbox 201 2567 1279 2615; baseline 0.004 -18"><span class='ocrx_word' id='word_1_347' title='bbox 201 2567 274 2599; x_wconf 81' lang='lat' dir='ltr'><strong>edd.</strong></span> <span class='ocrx_word' id='word_1_348' title='bbox 287 2569 404 2611; x_wconf 61' lang='lat' dir='ltr'><strong>Rhen„</strong></span> <span class='ocrx_word' id='word_1_349' title='bbox 419 2568 557 2615; x_wconf 78' lang='lat' dir='ltr'><strong>Pamel.‚</strong></span> <span class='ocrx_word' id='word_1_350' title='bbox 573 2573 645 2612; x_wconf 83' lang='lat' dir='ltr'><strong>Rig.</strong></span> <span class='ocrx_word' id='word_1_351' title='bbox 665 2568 838 2604; x_wconf 62' lang='lat' dir='ltr'><strong>tosede‘c</strong></span> <span class='ocrx_word' id='word_1_352' title='bbox 846 2573 880 2603; x_wconf 78' lang='lat' dir='ltr'><strong>h.</strong></span> <span class='ocrx_word' id='word_1_353' title='bbox 959 2573 996 2613; x_wconf 73' lang='lat'><strong>7)</strong></span> <span class='ocrx_word' id='word_1_354' title='bbox 1010 2573 1091 2605; x_wconf 76' lang='lat' dir='ltr'><strong>Lev,</strong></span> <span class='ocrx_word' id='word_1_355' title='bbox 1105 2574 1160 2614; x_wconf 80' lang='lat'><strong>16,</strong></span> <span class='ocrx_word' id='word_1_356' title='bbox 1175 2574 1193 2603; x_wconf 79' lang='lat'>5</span> <span class='ocrx_word' id='word_1_357' title='bbox 1209 2581 1279 2610; x_wconf 71' lang='lat' dir='ltr'><strong>sqq.</strong></span> 
     </span>
    </p>
   </div>
  </div>
 </body>
</html>
