1566 2808
152 194 228 232 96
417 192 944 228 Anv.MAR01ONEM
979 195 1158 226 LIBER
1186 195 1228 227 ιι.

151 290 200 327 tis
227 286 437 336 laboris1),
467 301 540 339 quo
568 287 721 326 facilius
746 288 784 326 in
809 286 1021 340 pecudibus
1045 285 1326 340 praemeditata
1350 286 1481 326 huma—

153 347 251 384 nitas
277 346 315 383 in
342 345 534 383 hominum
559 345 766 396 refrigeria
793 345 1024 389 erudiretur.

271 406 335 443 18.
376 401 455 441 Sed
482 416 577 454 quae
604 404 731 455 potius
752 403 849 454 legis
873 402 976 453 bona
1001 401 1218 451 defendam,
1248 416 1358 456 quam
1385 415 1481 455 quae

152 461 326 501 haeresis
358 461 579 512 concupiit?
641 459 691 498 Ut
723 461 876 498 talionis
909 460 1190 507 definitionem,
1229 461 1483 512 oculum'pro

153 518 287 565 oculo,
326 516 480 556 dentem
503 531 592 584 ..pro
616 517 750 584 dente,
790 525 830 556 et
861 518 1020 556 livorem
1051 519 1277 570 prorl‘ivore
1303 524 1486 571 repeten-

152 577 200 614 tis
214 577 266 624 2).
328 574 418 614 Non
450 576 550 614 enim
582 576 744 614 iniuriae
777 583 906 614 mutuo
934 574 1177 614 exercendae
1203 575 1399 615 licentiam
1425 588 1486 614 sa-

151 635 226 686 pit,
266 632 369 671 scd
359 647 398 671 in
424 640 543 671 totum
578 632 817 672 cohibendae
849 633 1056 673 violentiae
1089 634 1294 697 prospicit,
1332 639 1374 671 ut
1399 633 1487 684 quia

154 690 356 730 durissimo
390 698 430 729 et
461 690 607 728 infideli
640 692 675 729 in
709 690 821 729 deum
848 691 990 742 populo
1019 691 1173 742 longum
1199 683 1261 730 vel
1287 691 1404 743 etiarn
1429 691 1486 728 in-

155 747 342 787 credibile
378 747 577 787 videretur
614 761 636 786 a
680 747 753 787 deo
799 755 1028 800 exspectare
1068 747 1283 795 defensam,
1329 746 1487 787 edicen-

154 805 240 845 dam
265 812 402 858 postea
427 819 498 857 per
522 806 766 857 prophetam:
806 806 897 845 mihi
923 805 1139 852 defensam,
1179 812 1219 844 et
1250 804 1486 857 edeefen-

154 863 259 911 dam,
298 863 395 902 dicit
431 863 670 911 dominusss).
733 862 889 901 Interim
916 864 1133 902 commissio
1161 864 1342 912 iniuriae,
1381 868 1485 900 metu

152 923 250 961 vicis
276 923 400 960 statim
430 934 683 967 occursurae,
723 922 1046 973 repastinaretur,
1074 927 1113 959 et
1139 921 1294 959 licentia
1320 919 1487 959 retribu-

153 980 270 1018 tionis
295 979 504 1031 prohibitio
527 986 630 1018 esset
649 979 951 1031 provocationis,
979 986 1019 1016 ut
1039 979 1094 1017 sic
1116 978 1341 1030 improbitas
1357 983 1488 1016 astuta

154 1044 346 1084 cessaret,
386 1036 472 1075 dum
504 1036 674 1076 secunda
704 1038 890 1089 permissa
923 1037 1044 1088 prima
1070 1043 1258 1085 terretur,
1302 1042 1342 1074 et
1367 1035 1490 1087 pri-ma

154 1094 342 1133 deterrita
373 1107 445 1132 nec
477 1093 649 1133 secunda
681 1095 950 1141 committitur,
977 1107 1050 1146 qua
1076 1101 1116 1132 et
1140 1094 1236 1132 alias
1259 1093 1416 1132 facilior
1441 1093 1489 1133 ti-

153 1165 239 1190 mor
263 1152 418 1190 talionis
445 1164 515 1202 per
541 1150 703 1190 eundem
730 1165 906 1203 saporem
933 1153 1136 1203 passionis.
1175 1150 1282 1189 Nihil
1309 1150 1487 1196 amarius,

155 1221 265 1262 quam
297 1207 336 1247 id
369 1209 489 1260 ipsum
522 1210 620 1261 pati,
662 1208 762 1260 quod
788 1210 931 1249 feceris
949 1209 1055 1247 aliis.
1117 1207 1231 1257 Etsi
1256 1208 1322 1248 lex
1345 1205 1489 1260 aliquid

155 1268 251 1306 cibis
284 1265 470 1313 detrahit,
510 1274 550 1305 et
580 1266 772 1305 immunda
804 1267 1028 1318 pronuntiat
1059 1266 1255 1313 animalia,
1295 1278 1392 1318 quae
1418 1265 1490 1303 ali-

156 1324 306 1376 quando
332 1324 540 1363 benedicta
566 1331 670 1371 sunt,
716 1325 917 1364 consilium
950 1323 1196 1363 exercendae
1223 1323 1488 1363 continentiae

153 1383 349 1433 intellige,
382 1389 422 1419 ct
446 1382 579 1420 frenos
605 1383 804 1433 impositos
829 1382 884 1419 illi
911 1382 1024 1432 gulae
1051 1381 1240 1433 agnosce,
1280 1394 1376 1433 quae
1404 1388 1488 1419 cu‘m

154 1452 291 1493 panem
318 1438 455 1477 ederet
480 1439 724 1490 angelorum,
758 1451 983 1478 cucumeres
1009 1446 1049 1478 et
1073 1451 1246 1491 pepones
1272 1438 1490 1491 Aegyptio-

156 1511 238 1536 rum
265 1496 526 1536 desiderabat.
587 1494 772 1547 Agnosce
799 1497 908 1534 simul
935 1503 975 1535 et
1000 1497 1203 1535 comitibus
1229 1496 1366 1547 gulae,
1403 1495 1490 1535 libi-

156 1554 235 1593 dini
262 1555 415 1593 scilicet
441 1561 555 1606 atque
589 1554 782 1601 luxuriae,
816 1561 1082 1606 prospectum,
1111 1567 1210 1606 quae
1234 1555 1318 1593 fere
1343 1554 1489 1593 ventris

156 1613 412 1664 castigatione
455 1613 681 1663 frigescunt.
754 1610 1059 1651 Manducaverat
1102 1613 1202 1651 enim
1245 1612 1408 1664 populus
1451 1618 1492 1650 et

154 1670 309 1709 biberat
345 1677 385 1708 et
421 1676 645 1708 surrexerat
687 1668 821 1708 ludere
834 1671 888 1719 4),
925 1669 1108 1722 'proinde
1144 1677 1187 1708 ut
1223 1670 1489 1722 etspecuniae

155 1727 276 1766 ardor
300 1729 627 1779 restingueretur,
666 1740 716 1766 cx
746 1734 876 1779 purte,
917 1740 990 1780 qua
1019 1727 1068 1766 de
1099 1729 1223 1766 victus
1255 1728 1490 1766 necessitate

157 1792 375 1833 caussatur,
407 1786 664 1837 pretiosorum
692 1785 864 1824 ciborum
891 1784 1047 1823 ambitio
1075 1784 1251 1825 detracta
1277 1791 1349 1824 est.
1415 1783 1491 1823 Po-

156 1850 298 1882 stremo
335 1850 378 1881 ut
414 1844 565 1881 facilius
602 1843 716 1882 honio
755 1842 805 1881 ad
846 1842 1091 1882 ieiunandum
1129 1842 1204 1882 deo
1242 1843 1488 1889 formaretur,

154 1902 288 1953 paucis
315 1907 355 1939 et
379 1914 455 1938 non
482 1901 662 1952 gloriosis
689 1902 789 1939 escis
815 1900 1061 1940 adsuefactus
1087 1908 1127 1940 et
1151 1901 1244 1942 nihil
1275 1899 1324 1939 de
1350 1901 1490 1950 lautio-

156 1958 262 1997 ribus
289 1958 514 1996 esuriturus.
576 1957 934 2010 Reprehendendus
966 1972 1058 1998 sane
1091 1966 1268 2005 creator,
1302 1956 1409 2011 quod
1434 1958 1490 1996 ei-

155 2015 227 2054 bos
252 2016 378 2068 potius
403 2016 546 2068 populo
573 2029 642 2054 suo
668 2016 843 2056 abstulit.
883 2030 992 2068 quam
1019 2016 1296 2075 ingratioribus
1319 2015 1490 2054 Marcio-

156 2074 259 2111 nitis.
317 2071 606 2113 Sacrificiorum
633 2086 784 2126 quoque
812 2087 932 2113 onera
958 2082 998 2113 et
1023 2072 1290 2127 operationum
1316 2079 1356 2111 et
1381 2072 1490 2112 obla-

155 2132 300 2170 tionum
327 2131 549 2182 negotiosas
581 2132 919 2183 scrupulositates
930 2129 1043 2170 nemo
1069 2128 1342 2183 reprehendat,
1382 2132 1490 2183 quasi

157 2188 267 2228 deus
277 2188 370 2227 talia
394 2189 466 2226 sibi
491 2190 649 2240 proprie
677 2187 971 2236 desideraverit,
1000 2190 1063 2241 qui
1089 2196 1165 2228 tam
1190 2189 1394 2227 manifeste
1420 2201 1489 2228 ex-

158 2248 316 2285 clamat:
356 2259 429 2299 quo
462 2246 553 2284 mihi
579 2245 858 2284 multitudinem
891 2247 1170 2286 sacrificiorum
1196 2253 1410 2286 vestrorum
1423 2247 1490 2295 ⁵)?

157 2312 197 2343 et
222 2306 304 2357 quis
330 2304 535 2356 exquisivit
559 2303 632 2342 ista
657 2302 705 2342 de
727 2304 898 2342 manibus
917 2306 1082 2343 vestris?
1107 2303 1188 2343 Sed
1212 2305 1316 2343 illam
1341 2303 1404 2355 dei
1429 2304 1488 2342 in-

157 2362 539 2413 d11striam.sentiat‚
578 2375 651 2413 qua
683 2362 862 2414 populum
895 2375 1055 2414 pronum
1088 2363 1130 2400 in·
1157 2361 1415 2401 idololatriam
1449 2368 1489 2399 et

157 2420 503 2471 transgressionem
536 2418 723 2458 eiusmodi
763 2419 897 2459 officiis
930 2421 1109 2472 religioni
1139 2432 1232 2459 suae
1262 2419 1384 2458 voluit
1419 2417 1487 2457 ad-

252 2556 287 2598 1)
314 2561 394 2591 Lev.
423 2562 475 2601 25,
502 2561 523 2591 4
549 2569 620 2598 sqq.
724 2557 760 2602 2)
788 2560 900 2592 Exod.
924 2562 979 2601 21,
1005 2561 1059 2591 24.
1155 2558 1191 2599 3)
1218 2558 1321 2590 Dcut.
1349 2558 1403 2598 32,
1432 2558 1486 2589 35.

158 2604 253 2635 Rom.
270 2607 324 2643 12,
343 2607 395 2635 19.
479 2607 515 2646 4)
542 2605 654 2636 Exod.
671 2607 725 2646 32,
742 2609 775 2636 6.
843 2605 898 2648 ’5)
925 2603 987 2637 les.
1003 2606 1105 2645 1,11.
