1566 2808
369 182 494 215 ADV.
527 180 894 229 MARMQNEM
927 183 956 214 1
968 183 1106 215 IBER
1139 184 1182 216 Π.
1367 182 1437 220 83
1465 221 1474 226 Χ

110 285 184 314 nee
202 274 303 314 *boni
322 286 398 314 nec
422 274 511 314 mali
532 288 687 314 merces
715 277 800 314 iure
824 283 1053 328 pensaretur
1081 277 1138 323 ei,
1177 276 1242 328 qui
1271 282 1337 315 aut
1363 275 1436 315 bo-

108 343 180 371 ans
213 331 304 372 alit
307 333 437 379 malus
468 334 703 372 necessitate
728 334 863 372 suisset
888 334 1082 380 inventus,
1120 347 1197 372 non
1221 334 1435 381 voluntate.
1455 327 1457 333 ’

108 388 153 428 ln
173 389 259 429 hee*
277 389 408 442 etiex
438 391 646 429 constituta
676 398 754 437 est,
792 405 869 429 non
899 390 1131 438 excludens;
1167 390 1233 430 sed
1266 391 1436 443 probans

108 446 327 487 libel-utem
352 433 402 487 de
427 448 613 500 obsequio
631 452 770 500 ‘sponte
791 448 1025 501 praestando
1043 450 1106 488 vel
1126 450 1434 500 transgressione

106 507 252 557 quite
270 505 563 553 committendag
589 504 644 544 ita
669 508 706 544 in
732 513 933 559 utrumque
958 510 1101 546 exitum
1127 507 1287 545 lihertas
1312 507 1435 558 patuit

105 561 270 601 arbitrii.
320 562 455 614 Igitur
484 565 516 602 si
547 571 588 602 ct
617 564 770 602 bonitas
801 572 841 603 et
871 566 971 603 rano
1004 563 1069 603 dei
1105 565 1298 602 invenitur
1328 564 1436 601 circa

106 619 325 659 libertatem
354 621 505 659 arbitrii
537 634 759 660 concessam
791 622 953 667 homini,
991 635 1068 660 non
1100 627 1257 672 oportet
1293 621 1435 658 omissa

103 678 227 733 prinu
250 670 476 717 delinitione
501 678 684 718 bonitatis
708 685 824 730 atque
843 679 1016 724 rationis,
1043 690 1140 729 quae
1166 685 1255 716 ante
1283 689 1433 715 omnem

102 740 310 772 tractatum
346 734 641 773 constituenda
652 742 755 781 est-‚-
750 743 863 787 -post
882 736 997 774 factis
1032 733 1315 791 praeiudicare,
1354 747 1432 771 non

102 791 158 838 ita
180 790 296 830 deum
320 792 523 830 instituere
549 791 741 840 debuisse,
769 794 832 844 qui
857 793 972 830 aliter
996 802 1105 844 quam
1132 787 1245 830 deum
1270 791 1433 830 deceret

101 849 259 896 evasits
281 848 351 888 sed
393 849 598 901 dispecto,-
634 851 721 902 quia
759 851 813 888 ita
850 849 1041 888 debuerit
1059 851 1285 895 instituere,
1323 849 1430 887 salvo

101 912 171 954 eu,
197 905 300 958 quod
325 906 538 959 dispectum
564 914 642 954 est,
642 928 651 935 -
676 915 814 946 cetera·
834 908 1054 959 explorare.
1106 906 1286 945 Ceterum
1312 906 1431 944 facile

101 970 182 1010 est,
220 963 470 1003 offendentes
495 966 623 1003 statim
648 965 687 1002 in
703 965 875 1021 hominis
900 966 1068 1011 ruinam,
1107 972 1310 1016 antequam
1336 977 1430 1002 con·

101 1020 286 1061 ditionem
303 1021 395 1061 eius
426 1023 685 1089 inspexerint,
724 1017 762 1060 in
793 1030 1002 1061 auctorem
1018 1023 1168 1071 referre
1196 1021 1297 1073 quod
1322 1022 1430 1059 acci-

101 1076 177 1126 fl,
202 1081 290 1132 qnia
318 1093 394 1118 nec
418 1071 590 1118 auctoris
615 1081 831 1119 examinata
857 1081 907 1119 sit
930 1081 1044 1118 ratio.
1094 1078 1268 1130 Denique
1294 1085 1334 1116 et
1357 1078 1428 1116 bo-

100 1136 202 1174 nitas
226 1134 291 1175 de'i
313 1149 337 1175 a
362 1136 572 1188 primordio
611 1150 770 1188 operum
796 1134 1003 1189 perspecta
1027 1131 1294 1188 persuadebit,
1334 1134 1428 1173 nihil

99 1207 123 1232 a
146 1191 239 1232 ileo'
250 1194 338 1232 mali
363 1195 522 1235 evenire
553 1195 743 1246 potuisse,
770 1202 811 1233 et
836 1195 995 1233 libertas
1019 1194 1183 1233 hominis
1208 1194 1428 1243 recogitata

100 1256 145 1290 se
162 1252 295 1318 potius
319 1264 430 1290 ream
445 1250 648 1298 ostendet,
667 1251 776 1304 quod
803 1253 886 1304 ipsa
901 1252 1114 1291 commisit.

145 1329 165 1340 ο
195 1312 255 1350 7
305 1304 390 1348 Hae
419 1308 644 1347 definitione
677 1311 804 1347 omnia
834 1309 909 1347 deo
940 1309 1045 1347 salia
1076 1316 1183 1354 sunt,
1222 1315 1264 1346 et
1287 1315 1427 1346 natura

97 1365 282 1413 bonitatis
319 1373 360 1404 et
394 1367 495 1403 ratio
533 1365 796 1418 dispositionis
831 1373 875 1404 et
909 1366 1191 1417 praescientiae
1223 1372 1264 1403 et
1287 1372 1426 1415 poten-

50 1419 53 1421 *
96 1423 177 1462 tiae
214 1423 340 1475 coptu.
412 1422 584 1474 Exigere
622 1430 748 1461 tamen
785 1436 808 1461 a
851 1422 925 1467 deo
962 1422 1084 1461 debes
1119 1430 1161 1467 et
1196 1422 1424 1473 gravitatem

96 1485 345 1519 snnmnmet
363 1480 754 1543 lidem‘praecipuam
786 1482 823 1519 in
855 1482 959 1519 omni
989 1481 1229 1519 institutione
1255 1480 1356 1525 eius,
1382 1487 1426 1517 ιιι

96 1537 252 1577 desinas
288 1538 495 1607 quaerere,
533 1552 582 1576 an
618 1538 693 1576 deo
731 1539 888 1577 nolente
926 1539 1097 1590 potuerit
1127 1535 1219 1589 quid
1250 1537 1422 1575 evenire.

94 1595 252 1635 'lenens
273 1597 385 1637 enim
423 1596 651 1648 grauitatem
687 1604 729 1635 et
758 1596 873 1635 fidem
904 1596 969 1635 dei
1003 1596 1114 1642 boni,
1152 1594 1221 1634 sed
1251 1595 1424 1632 rationa-

95 1653 211 1692 tibus
221 1654 533 1694 institutionibus
557 1655 641 1692 eins
665 1653 940 1701 vindicandas,
973 1667 1048 1692 nec
1085 1652 1180 1692 illud
1205 1652 1420 1696 miraberis,

96 1708 199 1763 quod
224 1709 330 1750 dens
343 1724 419 1748 non
444 1712 713 1749 intercesserit
743 1710 816 1749 adi
819 1725 927 1750 ersus
958 1716 1024 1756 ea,
1063 1723 1160 1762 quae
1186 1709 1308 1747 noluit
1332 1722 1376 1747 ev
1380 1721 1423 1747 e-

96 1769 202 1814 nire,
238 1774 281 1806 ut
305 1775 558 1806 conservaret
579 1781 646 1814 ea,
684 1781 782 1819 quae
811 1769 945 1806 uoluit.
1007 1767 1050 1806 Si
1080 1768 1180 1806 enim
1207 1766 1326 1805 semel
1350 1766 1424 1804 ho-

94 1819 187 1864 utini
210 1827 442 1878 permiserat
465 1825 616 1863 arbitrii
642 1824 879 1863 libertatem
892 1832 934 1863 et.
956 1831 1200 1876 potestatem,
1239 1831 1281 1862 et
1303 1822 1422 1874 digne

93 1883 343 1944 permiserat,
375 1884 475 1921 sieut
505 1881 760 1929 ostendimus,
791 1883 922 1934 utique
946 1881 1131 1920 fruendas
1159 1895 1228 1920 eas
1258 1894 1310 1920 ex
1337 1882 1422 1933 ipsa

93 1937 344 1979 iustitutionis
369 1941 603 1979 anctoritate
619 1935 876 2008 permiserat,
913 1939 1097 1979 fruendas
1120 1946 1262 1985 antem,
1301 1951 1420 1990 quan-

93 2004 194 2037 ιιιιιι
202 1999 250 2037 in·
266 1999 372 2050 ipso,
410 1997 618 2039 secundum
643 1999 783 2064 ipsum,
820 1997 860 2036 id
886 1996 947 2044 e'st
969 1996 1177 2036 secundum
1204 1996 1336 2042 deum,
1380 1995 1421 2034 id
1491 1995 1500 1999 “

93 2047 156 2094 dit
189 2057 229 2094 in
263 2055 420 2095 bonnm.
481 2056 577 2103 Quis
610 2057 710 2093 enim
735 2054 931 2110 -odversus
961 2055 1227 2107 seperniittet
1251 2053 1421 2105 aliquid?

94 2112 284 2161 Ωιιιίιιιιιιι
312 2117 407 2152 vero
433 2115 471 2151 in
496 2113 650 2151 honiine
670 2112 894 2152 secundnm·
912 2120 1037 2151 motus
1062 2112 1252 2155 libertatis
1277 2112 1421 2163 ipsius?

93 2169 189 2218 Quis
203 2172 313 2219 enim
336 2180 413 2209 non
446 2171 521 2210 hoc
551 2177 726 2222 praestat
754 2172 810 2217 ei,
838 2164 912 2214 dui
942 2169 1033 2222 quid
1058 2170 1177 2209 semel
1199 2169 1278 2206 frui
1303 2180 1419 2218 prae-

92 2234 193 2275 stat,
211 2231 273 2266 ut
295 2240 371 2281 pro
391 2229 519 2269 animo
543 2235 583 2267 et
606 2228 768 2267 arbitrio
800 2242 870 2267 sno
894 2229 1069 2266 fruatur?
1127 2227 1250 2276 Igitur
1279 2237 1417 2264 eonse-

92 2295 213 2339 quens
237 2293 343 2331 erat,
368 2287 423 2324 uti
446 2285 546 2324 deus
566 2285 773 2328 secederet
795 2299 820 2324 a
845 2286 1044 2331 libertate,
1081 2283 1202 2322 semel
1228 2294 1418 2321 concessa

90 2342 255 2390 homini,
287 2342 327 2382 id
352 2350 413 2382 est
436 2344 657 2392 contineret
678 2344 718 2381 in
742 2344 838 2395 ipso
851 2350 893 2382 et
916 2337 1215 2394 praescientiam
1238 2346 1280 2378 et
1302 2350 1417 2391 prae-

90 2402 304 2454 potentiam
336 2412 461 2447 snam,
498 2413 573 2452 per
597 2413 702 2452 quas
719 2401 991 2439 intercessisse
1022 2399 1230 2451 potuisset,
1269 2397 1415 2448 quomi-

90 2462 174 2498 nns‘
187 2455 307 2497 bomo
337 2459 436 2497 male
469 2459 651 2497 libertate
687 2471 755 2496 sua
785 2458 861 2496 frui
883 2469 1097 2508 aggressus
1129 2456 1166 2493 in
1201 2453 1415 2506 periculum

91 2515 302 2556 laberetur.
357 2514 400 2554 Si
426 2518 526 2554 enim
552 2516 848 2562 intercessisset,
875 2513 1099 2553 rescidisset
1123 2512 1273 2550 arbitrii
1297 2511 1414 2550 liber-

89 2580 224 2621 tatem,
256 2587 367 2627 quam
392 2575 543 2613 ratione
569 2580 607 2612 et
632 2573 805 2612 bonitate
831 2573 1074 2625 permiserat.
1123 2569 1298 2622 Denique
1322 2575 1413 2621 puta

1077 2637 1128 2682 6*
1356 2636 1360 2647 “
