1598 2794
144 183 182 220 ss
287 184 360 215 DE
396 183 1033 216 PRAESCRIPTIONIBUS
1070 182 1320 215 HAERET.

146 289 232 315 nem
257 275 538 322 seductionem,
565 272 774 314 secundum
799 272 1046 313 traditionem
1071 274 1263 312 hominum
1279 275 1331 323 1),
1357 286 1473 326 prae-

145 341 207 372 ter
231 332 510 385 providentiam
542 333 696 384 spiritus
722 332 858 370 sancti.
921 331 1063 371 Fuerat
1086 330 1270 378 Athenis,
1297 337 1338 370 et
1361 332 1473 371 istam

145 391 372 441 sapientiam
397 390 616 436 humanam,
644 389 924 428 affectatricem
951 397 991 428 et
1015 389 1346 441 interpolatricem
1370 390 1474 428 veri-

145 449 252 493 tatis,
291 446 338 485 de
365 446 637 497 congressibus
663 454 843 493 noverat,
881 448 1000 498 ipsam
1027 460 1177 499 quoque
1203 447 1241 485 in
1267 459 1354 486 suas
1379 447 1473 495 hae-

145 517 252 542 reses
266 504 552 556 multipartitam
566 505 754 542 varietate
769 511 959 542 sectarum
986 505 1148 542 invicem
1162 505 1472 556 repugnantium.

147 560 245 609 Quid
271 574 366 612 ergo
391 560 554 599 Athenis
581 568 619 599 et
646 561 949 612 Hierosolymis?
980 560 1068 612 quid
1094 560 1317 600 academiae
1343 568 1384 600 et
1409 573 1475 601 ec-

147 619 316 657 clesiae?
366 617 454 669 quid
492 619 700 656 haereticis
738 626 778 657 et
815 618 1067 656 Christianis?
1102 617 1249 656 Nostra
1285 619 1475 657 institutio

146 674 194 714 de
220 676 371 727 porticu
399 674 615 713 Salomonis
642 683 719 722 est,
747 677 809 728 qui
835 682 874 714 et
899 676 979 727 ipse
1012 674 1247 722 tradiderat,
1281 673 1476 714 dominum

145 734 184 770 in
217 733 463 784 simplicitate
496 732 624 771 cordis
663 746 747 773 esse
781 732 1106 785 quaerendum2).
1166 732 1366 780 Viderint,
1398 733 1476 788 'qui

147 788 319 828 Stoicum
352 797 392 828 et
416 790 655 829 Platonicum
687 797 726 829 et
757 789 1001 829 dialecticum
1032 790 1359 829 Christianismum
1385 803 1478 842 prou
1530 798 1532 804 ’

145 847 326 885 tulerunt.
389 846 513 885 Nobis
552 849 776 886 curiositate
819 862 913 900 opus
950 862 1026 886 non
1063 855 1122 887 est
1158 855 1246 900 post
1284 847 1477 886 Christum

146 903 291 950 lesum,
325 917 397 942 nec
430 905 676 956 inquisitione
709 913 796 957 post
827 907 1079 957 evangelium.
1144 906 1238 944 Cum
1270 905 1475 952 credimus,

146 961 239 999 nihil
265 960 527 1001 desideramus
552 964 652 1001 ultra
678 963 855 1002 credere.
906 964 989 1002 Hoc
1016 965 1115 1002 enim
1139 964 1244 1016 prius
1271 962 1475 1010 credimus,

145 1031 221 1056 non
248 1031 346 1066 esse,
375 1019 475 1070 quod
501 1020 600 1058 ultra
627 1020 790 1059 credere
817 1020 1014 1060 debemus.
1168 1058 1175 1061 ,

261 1079 299 1116 8.
350 1075 476 1115 Venio
509 1079 636 1129 itaque
660 1077 717 1116 ad
749 1079 853 1116 illum
879 1079 1102 1126 articulum,
1137 1091 1248 1131 quem
1281 1085 1321 1118 et
1352 1078 1477 1124 nostri

142 1132 401 1180 praetendunt
433 1133 481 1168 ad
514 1134 717 1169 ineundam
745 1136 1027 1180 curiositatem,
1061 1143 1100 1174 et
1131 1137 1321 1175 haeretici
1351 1137 1477 1175 incul-

145 1192 235 1223 cant
259 1184 307 1222 ad
333 1183 611 1235 importandam
639 1183 1039 1235 scrupulositatem-³).
1098 1181 1293 1234 Scriptum
1319 1188 1391 1229 est,
1417 1183 1477 1222 in-

146 1242 297 1293 quiunt:
350 1241 542 1292 quaerite,
582 1248 622 1279 et
658 1241 931 1288 invenietis4).
998 1239 1158 1287 Quando
1201 1239 1301 1278 hane
1336 1252 1475 1279 vocem

145 1298 319 1336 dominus
345 1299 481 1344 emisit,
509 1297 772 1336 recordemur.
823 1296 919 1335 Puto
946 1297 983 1335 in
1011 1298 1186 1348 primitiis
1212 1297 1304 1349 ipsis
1329 1295 1478 1336 doetri-

146 1367 218 1393 nae
246 1368 355 1401 suae,
390 1368 474 1392 cum
500 1354 625 1393 adhuc
652 1354 893 1392 dubitaretur
918 1353 1018 1405 apud
1045 1368 1196 1401 omnes,
1222 1367 1270 1392 an
1297 1353 1476 1394 Christus

146 1419 269 1459 esset,
309 1419 347 1450 et
379 1425 462 1450 cum
495 1411 619 1449 adhuc
652 1424 723 1450 nec
757 1411 894 1450 Petrus
925 1412 1029 1450 illum
1061 1410 1124 1450 dei
1158 1412 1274 1449 lilium
1304 1424 1476 1463 pronun-

145 1470 297 1516 tiasset,
339 1483 421 1507 cum
456 1470 569 1507 etiam
602 1467 768 1507 Ioannes
798 1468 844 1507 de
878 1469 943 1506 illo
977 1475 1105 1507 certus
1132 1481 1218 1508 esse
1245 1467 1475 1518 desisset5).

145 1526 286 1564 Merito
303 1539 397 1577 ergo
425 1533 513 1564 tune
539 1525 682 1564 dictum
709 1533 785 1564 est:
814 1527 987 1578 quaerite
1014 1533 1053 1564 et
1078 1527 1294 1574 invenietis,
1322 1525 1475 1579 quando

147 1583 388 1635 quaerendus
414 1583 538 1622 adhuc
565 1591 661 1631 erat,
690 1585 751 1635 qui
778 1583 902 1622 adhuc
928 1584 1080 1635 agnitus
1107 1598 1181 1622 non
1208 1591 1307 1631 erat,
1334 1590 1374 1624 et
1398 1584 1475 1623 hoe

146 1648 325 1692 quantum
351 1640 399 1679 ad
427 1640 603 1681 Iudaeos.
674 1641 737 1679 Ad
769 1642 855 1680 illos
887 1642 986 1680 enim
1012 1642 1182 1693 pertinet
1208 1649 1315 1682 ‚totus
1347 1653 1474 1683 sermo

145 1699 426 1749 suggillationis
452 1699 572 1746 istius,
600 1699 661 1750 qui
687 1699 892 1745 habebant,
921 1699 984 1737 uhi
1012 1707 1244 1750 quaererent
1269 1698 1474 1738 Christum.
1533 1727 1536 1731 -

145 1755 312 1803 Habent,
341 1756 481 1806 inquit,
508 1755 670 1808 Moysen
698 1763 737 1794 et
762 1756 912 1795 Heliam
925 1756 983 1805 6),
1010 1756 1050 1794 id
1076 1764 1147 1804 est,
1174 1757 1299 1808 legem
1325 1763 1365 1795 et
1384 1769 1476 1808 pro·
1539 1798 1550 1807 ,

144 1813 280 1864 phetas
325 1812 516 1851 Christum
559 1812 850 1864 praedicantes,
901 1812 1110 1852 secundum
1155 1813 1255 1865 quod
1298 1820 1339 1853 et
1381 1813 1476 1853 alibi

145 1877 300 1920 aperte:
340 1871 562 1907 scrutamini
595 1869 825 1921 scripturas',
866 1871 905 1908 in
932 1871 1066 1922 quibus
1098 1871 1261 1923 salutem
1286 1871 1473 1923 sperati83

146 1927 236 1965 illae
264 1927 363 1965 enim
390 1925 438 1964 de
465 1939 524 1965 me
551 1927 757 1978 loquuntur
769 1929 821 1976 7).
880 1928 951 1966 llic
978 1929 1071 1967 erit:
1100 1929 1273 1980 quaerite
1300 1935 1341 1967 et
1365 1929 1474 1968 inve-

146 1985 272 2022 nietis.
323 1983 421 2022 Nam
437 1990 477 2022 et
495 1985 695 2035 sequentia
726 1985 764 2022 in
790 1983 955 2023 Iudaeos
982 1988 1205 2037 competere
1231 1986 1475 2025 manifestum

145 2048 223 2078 est:
273 2042 421 2092 pulsate
460 2048 501 2079 et
539 2042 736 2092 aperietur
771 2043 946 2090 vobisss).
1032 2042 1164 2081 Iudaei
1207 2050 1314 2082 retro
1352 2052 1493 2096 penes*

145 2098 256 2136 deum
293 2099 458 2144 fuerant,
498 2097 637 2136 dehinc
676 2099 793 2137 eiecti
831 2099 879 2137 ob
920 2098 1063 2138 delicta
1101 2107 1211 2138 extra
1242 2099 1354 2140 deum
1386 2113 1473 2140 esse

147 2162 372 2207 coeperunt.
423 2155 615 2194 Nationes
634 2169 726 2194 vero
749 2169 937 2208 nunquam
962 2170 1082 2208 penes
1110 2157 1235 2205 deum,
1262 2158 1336 2197 nisi
1361 2158 1474 2197 stilli-

145 2211 284 2250 cidium
311 2212 358 2251 de
391 2213 504 2251 situla
530 2220 570 2265 et
599 2213 722 2265 pulvis
749 2227 798 2252 ex
823 2227 915 2252 area
941 2221 981 2252 et
1005 2215 1101 2253 foris
1126 2227 1279 2267 semper
1291 2215 1344 2264 ⁹).
1394 2215 1473 2255 Ita-

145 2281 217 2320 que
251 2270 314 2321 qui
346 2270 440 2308 foris
466 2283 635 2322 semper,
676 2269 867 2323 quomodo
893 2271 1061 2323 pulsabit
1086 2285 1154 2320 eo,
1192 2273 1256 2311 ubi
1282 2285 1470 2325 nunquam

235 2428 273 2470 1)
303 2432 433 2462 Colosn.
454 2434 485 2472 2,
508 2434 541 2464 8.
649 2431 687 2476 2)
707 2434 785 2472 Sap.
800 2434 928 2465 Salem.
950 2436 980 2474 1,
1001 2436 1031 2465 1.
1133 2432 1169 2478 3)
1191 2434 1335 2465 Praeter
1351 2432 1470 2473 Rigal-

143 2474 246 2514 tium,
271 2477 327 2507 cui
347 2479 538 2510 assentitur
555 2480 642 2519 Aug.
666 2480 839 2521 Neander,
859 2480 954 2511 editt.
974 2489 1113 2512 omnes:
1153 2479 1470 2512 curiositatem.

143 2520 181 2559 4)
205 2522 328 2551 matth.
355 2525 386 2562 τ,
410 2525 442 2554 7.
564 2523 601 2567 5)
626 2526 750 2556 matth.
770 2527 825 2565 16,
847 2528 900 2556 14.
941 2528 994 2565 11,
1016 2528 1046 2556 2.
1164 2523 1201 2567 6)
1228 2526 1311 2557 Luc.
1338 2526 1392 2567 16,
1415 2526 1469 2558 29.

145 2566 181 2605 7)
208 2568 300 2597 Ioan.
322 2570 353 2608 5,
375 2570 442 2603 39,
526 2569 564 2613 8)
589 2572 712 2602 Matth.
733 2573 765 2611 71,
787 2571 818 2601 7.
915 2570 951 2614 9)
979 2573 1041 2605 les.
1061 2572 1116 2611 40,
1137 2572 1200 2602 151
