1566 2808
127 187 201 225 80
384 187 510 218 ADV.
545 184 910 217 MARCIONEM
945 183 1123 215 LIBER
1157 184 1199 214 n.

125 279 392 321 observandae
426 280 627 318 consilium
658 278 811 316 bonitas
844 278 991 329 pariter
1027 275 1253 332 adscripsit:
1293 285 1367 326 qua
1397 273 1460 314 die

123 346 251 378 autem
290 337 470 384 ederitis,
510 343 633 374 morte
678 336 962 384 moriemini1).
1037 332 1320 384 Benignissime
1359 333 1460 371 enim

123 396 403 435 demonstravit
430 395 573 432 exitum
599 393 940 444 transgressionis,
974 405 1022 430 ne
1049 391 1268 443 ignorantia
1295 390 1461 442 periculi

120 454 398 504 negligentiam
427 453 578 490 iuvaret
604 451 792 502 obsequii.
860 449 983 491 Porro
1016 450 1047 487 si
1081 450 1178 500 legis
1204 446 1460 500 imponendae

120 512 222 549 ratio
249 510 484 562 praecessit,
525 508 761 560 sequebatur
792 508 908 546 etiam
943 506 1229 553 observandae,
1268 512 1310 544 ut
1334 507 1467 558 poena

119 568 425 619 transgressioni
463 565 773 612 adscriberetur,
819 578 929 617 quam
968 571 1095 603 tamen
1128 564 1286 603 evenire
1323 563 1470 610 noluit„

121 627 185 677 qui
223 633 312 664 ante
350 623 560 677 praedixit.
621 622 807 675 Agnosc(
846 623 965 674 igitur
995 622 1208 661 bonitatem
1242 619 1305 659 dei
1337 621 1461 660 nostri

120 684 275 721 interim
311 683 374 721 vel
406 683 603 734 hucusque
637 695 690 720 ex
712 681 893 733 operibus
923 680 1055 731 boniS,
1095 692 1144 718 ex
1174 671 1462 717 benedictioni-

119 739 190 778 bus
216 740 348 787 bonis,
389 752 438 778 ex
465 738 734 790 indulgentiis,
774 751 823 776 ex
849 736 1121 789 providentiis,
1162 749 1212 775 ex
1242 736 1393 787 legibus
1420 743 1462 776 et

120 797 494 849 praemonitionibus
519 797 632 835 bonis
658 803 698 835 et
722 796 914 846 benignis.
1246 807 1253 814 ⁸

237 855 401 896 5.1am
428 855 516 893 hinc
544 853 592 892 ad
619 854 879 906 quaestiones,
908 865 1040 893 omnes
1067 846 1184 891 canes
1197 853 1250 901 2),
1280 864 1374 903 quos
1399 851 1461 889 fou

120 925 185 951 ras
211 913 409 965 apostolus
423 913 462 961 3)
490 912 670 964 expellit,
700 911 887 949 latrantes
913 911 951 948 in
978 909 1090 948 deum
1115 909 1304 948 veritatis.
1351 907 1459 948 Haec

121 977 210 1008 sunt
235 970 609 1021 argumentationum
643 982 749 1016 ossa,
791 981 887 1020 quae
927 966 1126 1009 obroditis
1193 965 1236 1005 Si
1268 959 1363 1006 deus
1387 966 1439 1005 bo

120 1041 191 1065 nus
218 1034 258 1065 et
282 1027 483 1080 praescius
509 1028 627 1065 futuri
653 1034 693 1065 et
718 1025 919 1065 avertendi
946 1026 1035 1063 mali
1061 1032 1213 1077 potens,
1242 1037 1311 1063 cur
1327 1024 1459 1063 homi-

118 1097 219 1131 nem,
253 1092 293 1122 et
323 1084 475 1136 quidem
514 1080 738 1136 imaginem'
758 1091 798 1122 et
835 1082 1120 1122 similitudinem
1158 1096 1283 1129 suam,
1316 1082 1392 1120 imo
1419 1089 1460 1121 et

119 1141 370 1179 substantiam
407 1155 512 1180 suam
550 1155 622 1192 per
658 1142 807 1179 animae
840 1142 994 1179 scilicet
1025 1153 1200 1187 censum,
1233 1153 1367 1192 passus
1399 1146 1460 1179 est

118 1198 196 1237 labi
224 1197 272 1237 de
307 1198 494 1251 obsequio
522 1199 619 1249 legis
645 1199 683 1236 in
709 1205 872 1244 mortem
894 1198 1201 1236 circumventum
1228 1210 1251 1254 a
1276 1195 1459 1235 diabolo?

119 1254 162 1294 Si
190 1257 290 1294 enim
317 1263 357 1295 et
375 1256 512 1302 bonus,
541 1257 604 1308 qui
625 1256 781 1294 evenire
803 1256 879 1294 tale
907 1254 996 1307 quid
1017 1255 1151 1302 nollet,
1178 1261 1218 1293 et
1242 1255 1456 1307 praescius,

119 1327 182 1365 qui
209 1321 433 1352 eventurum
460 1327 536 1352 non
563 1315 782 1364 ignoraret,
816 1320 855 1352 et
879 1320 1037 1366 potens,
1078 1313 1140 1365 qui
1166 1311 1369 1365 depellere
1390 1326 1458 1351 va—

118 1371 239 1408 leret:
273 1372 378 1409 nullo
405 1370 519 1409 modo
554 1372 765 1417 evenisset,
806 1370 908 1422 quod
934 1371 1002 1409 sub
1029 1371 1088 1409 his
1113 1370 1236 1409 tribus
1264 1369 1458 1410 conditio-

118 1428 229 1466 nibus
256 1426 408 1466 divinae
434 1429 647 1466 maiestatis
673 1428 830 1466 evenire
858 1441 933 1465 non
959 1435 1104 1479 posset.
1168 1426 1279 1480 Quod
1305 1429 1337 1466 si
1364 1441 1456 1467 eve-

118 1486 192 1532 nit,
232 1485 447 1524 absolutum
480 1493 540 1524 est
571 1498 592 1524 e
632 1486 852 1532 contrario,
893 1484 1005 1524 deum
1038 1497 1162 1537 neque
1193 1485 1334 1523 bonum
1368 1498 1456 1525 cre-

118 1542 282 1581 «lendum
298 1556 422 1595 neque
437 1544 652 1595 praescium
674 1556 799 1595 neque
813 1550 1031 1595 potentem3
1058 1541 1244 1595 siquidem
1271 1543 1309 1580 in
1337 1556 1462 1595 quan-

117 1607 195 1638 tum
222 1602 315 1640 nihil
342 1601 418 1639 tale
445 1601 651 1648 evenisset,
679 1602 711 1639 si
732 1601 819 1639 talis
840 1600 946 1648 deus,
973 1599 1012 1639 id
1044 1607 1104 1639 est
1127 1600 1251 1639 bonus
1277 1607 1317 1639 et
1340 1614 1457 1653 praes

116 1659 219 1697 scius
246 1666 286 1697 et
309 1666 467 1711 potens,
494 1660 532 1697 in
559 1665 703 1697 tantum
729 1658 818 1697 ideo
845 1659 987 1706 evenit,
1015 1659 1103 1711 quia
1129 1671 1206 1697 non
1231 1658 1319 1697 talis
1345 1657 1453 1698 deus.

115 1714 188 1753 Ad·
204 1716 302 1754 haee
327 1718 434 1769 prius
454 1723 514 1755 est
537 1717 631 1755 istas
657 1717 809 1769 species
828 1717 866 1754 in
893 1719 1073 1755 creatore
1100 1715 1327 1763 defendere,
1355 1729 1454 1768 quae

115 1774 155 1811 in
194 1772 348 1812 ‹lubium
385 1781 594 1821 vocantur,
633 1774 845 1812 bonitatem
884 1773 974 1813 dico
1013 1780 1054 1812 et
1083 1775 1382 1826 praescientiam
1414 1780 1456 1813 et

115 1832 342 1882 potentiam.
405 1831 491 1871 Nec
518 1832 754 1873 immorabor
785 1832 872 1870 huie
899 1832 1084 1879 articulo,
1108 1839 1330 1885 „praeeunte
1357 1831 1454 1870 defi-

116 1888 265 1926 nitione
292 1890 407 1927 etiam
434 1890 552 1940 ipsius
580 1889 723 1927 Christi
736 1891 789 1938 ⁴¹).
850 1888 912 1928 Ex
938 1890 1119 1942 operibus
1144 1889 1334 1929 ineundae
1360 1903 1452 1941 pro-

113 1944 306 1988 bationes.
371 1945 499 1998 Opera
531 1947 722 1984 creatoris
753 1953 954 1998 utrumque
986 1955 1195 1996 testantur,¹
1235 1955 1276 1986 et
1298 1947 1452 1986 bonita-

114 2009 192 2040 tem
219 2003 320 2049 eius,
361 2016 435 2054 qua
459 2003 580 2050 bona,
620 2005 720 2042 sicut
746 2003 1000 2052 ostendimus,
1039 2013 1080 2044 et
1103 2006 1336 2058 potentiam,
1377 2018 1451 2057 qua

114 2066 241 2106 tanta,
281 2067 321 2098 et
352 2059 503 2112 quidem
543 2073 592 2099 ex
629 2061 761 2099 nihilo.
822 2061 922 2100 Nam
948 2063 1021 2101 etsi
1043 2076 1098 2102 ex
1122 2063 1249 2116 aliqua
1274 2063 1450 2110 materia,

113 2124 155 2154 ut
181 2116 332 2169 quidam
362 2118 513 2164 volunt,
553 2118 627 2157 hoc
660 2120 744 2170 ipso
777 2126 905 2159 tamen
938 2133 987 2159 ex
1018 2121 1155 2168 nihilo,
1191 2120 1281 2159 dum
1308 2135 1385 2160 non
1411 2119 1451 2159 id

113 2175 287 2222 fuerunt,
329 2174 430 2227 quod
463 2183 561 2213 sunt.
624 2175 826 2215 Postremo
857 2178 919 2216 vel
946 2179 1002 2217 sic
1027 2192 1184 2230 magna,
1219 2178 1306 2218 dum
1331 2179 1448 2227 bona,

112 2233 173 2270 vel
200 2233 255 2271 sic
280 2231 376 2271 deus
401 2240 552 2285 potens,
581 2232 667 2271 dum
695 2235 821 2273 omnia
846 2236 977 2287 ipsius,
1004 2235 1104 2275 unde
1131 2244 1171 2276 et
1181 2239 1448 2291 omnipotens

112 2288 170 2328 De
196 2291 457 2342 praescientia
482 2304 576 2330 vero
605 2290 710 2343 quid
720 2291 864 2339 dicam,
893 2306 990 2344 quae
1015 2301 1144 2333 tantos
1169 2286 1288 2334 babet
1311 2303 1447 2343 testes,

113 2355 275 2398 quantos
302 2349 399 2387 fecit
423 2349 659 2401 prophetas?
685 2362 907 2402 quamquam
936 2352 1018 2402 quis
1043 2354 1348 2403 praescientiae
1344 2355 1447 2391 titu-

111 2404 170 2441 lus
206 2407 244 2443 in
284 2407 449 2444 omnium
488 2413 669 2454 auctore,
709 2420 783 2459 qua
820 2408 999 2448 universa
1034 2410 1167 2462 utique
1204 2409 1444 2462 disponendo

204 2543 240 2581 1)
265 2544 348 2575 Gen.
364 2546 396 2582 2,
412 2547 465 2575 17.
563 2544 599 2589 2)
626 2547 699 2587 Rig.
728 2549 806 2578 {am
828 2548 860 2579 h.
882 2548 928 2579 ad
956 2558 1015 2588 qu.
1041 2558 1193 2581 omnes.
1245 2549 1272 2579 0
1300 2559 1463 2594 ennena

111 2588 177 2616 etc.
271 2587 309 2630 3)
335 2591 715 2632 Apoc.22‚15.4)
742 2596 928 2633 10.10,25.
1094 2612 1096 2614 v
