1624 2826
349 186 471 218 ADv.
506 183 867 216 MARCIONEM
900 182 1078 214 LIBER
1106 182 1163 212 IV.
1329 179 1432 216 238

101 295 187 322 cum
219 281 397 333 utrinque
426 273 760 332 pronuntiationis*
784 275 988 315 diversitas
1019 280 1215 326 competat
1246 273 1432 320 creatori,

99 353 179 379 non
208 337 297 378 erit'
315 336 555 377 divinitatum
586 333 791 374 statuenda
822 332 1023 381 distantia,
1060 331 1131 372 sed
1162 332 1328 383 ipsarum
1354 344 1435 369 ma-

100 397 298 436 tei-iarum.

218 456 287 496 352
331 452 555 492 Conversus
574 449 717 490 ibidem
743 449 791 489 ad
817 448 1039 502 discipulos,
1065 461 1136 487 vae
1162 446 1258 486 dicit
1282 446 1437 485 auctori

103 509 393 555 scandalorum,
419 508 624 561 expedisse
651 509 708 563 ei,
734 509 766 547 si
792 515 902 546 natus
928 521 1004 545 non
1030 507 1180 554 fuisset,
1206 512 1273 543 aut
1297 506 1330 543 si
1354 517 1438 542 mo—

102 569 194 608 lino-
207 581 302 608 saxo
326 566 377 607 ad
409 568 548 606 collum
574 566 745 617 deligato
771 566 1049 618 praecipitatus
1080 570 1185 603 esset
1214 564 1253 601 in
1277 562 1438 614 profun-

105 625 220 673 dum,
245 638 367 678 quam
404 637 606 665 unumex
636 625 712 662 illis
749 622 911 662 modicis
949 621 1080 674 utique
1118 620 1317 672 discipulis
1355 620 1439 658 eius

105 682 469 730 scandalizasset&
530 681 729 727 Aestima,
768 681 880 732 quale
918 677 1162 732 supplicium'
1184 678 1440 729 comminetur

102 741 174 780 illi.
244 740 332 786 Nec
369 740 470 778 enim
512 739 608 777 alius
645 739 856 776 ulciscetur
898 736 1119 775 scandalum
1162 734 1438 786 discipulorum

104 799 201 837 eius.
258 796 445 848 Agnosce
481 797 600 846 igitur
636 802 676 834 et
711 793 877 843 iudicem
916 801 956 832 et
979 794 1058 831 'illo
1090 792 1233 831 affectu
1271 804 1439 844 pronun-

102 855 262 894 tiantem
287 853 336 893 de
363 866 456 893 cura
481 861 659 900 suorum,
679 856 681 858 ’
698 866 772 904 quo
798 860 839 890 et
864 858 1020 890 creator
1044 858 1170 898 retro:
1211 850 1273 901 qui
1299 850 1440 900 tetige-

102 911 157 953 'rit
177 925 261 959 vos,
287 924 335 951 ac
359 912 392 950 si
416 911 597 963 pupillam
623 911 725 949 oculi
741 910 815 948 mei
838 910 1031 960 tangat.²)
1070 904 1176 947 Idem
1190 920 1324 946 sensus
1338 908 1440 945 eius-

105 969 195 1010 dem
219 976 299 1009 est:
329 975 558 1021 peccantem
574 966 753 1007 -fratrem‘
769 967 876 1006 iubet
901 966 1117 1018 corripi,3)
1146 963 1248 1018 quod
1274 965 1338 1017 qui
1363 977 1439 1002 non

105 1027 421 1079 fecerit‚0utiqne
448 1025 629 1078 deliquit,
656 1032 722 1064 aut
746 1038 797 1063 ex
821 1023 911 1063 odio
933 1025 1072 1063 volens
1097 1023 1258 1062 fratrem
1283 1024 1322 1060 in
1343 1019 1441 1060 deli-

108 1092 174 1125 cto
198 1097 478 1138 perseverare,
517 1091 583 1122 aut
619 1096 669 1123 ex
705 1083 936 1134 acceptione
969 1073 1160 1134 personae
1197 1093 1363 1132 parcens
1389 1080 1439 1125 ei,

106 1142 254 1187 liabens
278 1141 511 1181 L‘eviticum:
561 1154 638 1179 non
670 1139 779 1178 odies
810 1141 971 1177 fratrem
1002 1146 1105 1182 tunm
1123 1140 1174 1176 ‘in
1200 1136 1327 1175 animo
1352 1143 1440 1183 tu03

109 1198 356 1238 traductione
388 1197 570 1236 traduces
580 1199 620 1246 4)
648 1198 861 1248 proximum
886 1203 1009 1242 tuum,
1046 1197 1177 1246 utique
1203 1201 1243 1232 et
1267 1194 1439 1239 fratrem,

111 1264 153 1296 et
175 1270 254 1295 non
277 1268 403 1295 sumes
428 1262 588 1307 propter
612 1255 716 1292 illum
742 1253 983 1303 delictum.⁵)
1043 1251 1130 1300 Nec
1156 1253 1304 1298 mirum,
1331 1252 1363 1289 si
1387 1252 1443 1289 ita

110 1313 247 1361 docet,
275 1314 339 1366 qui
363 1326 509 1365 pecora
535 1325 685 1364 quoque
711 1312 843 1350 fratris
868 1312 942 1357 tui,
980 1312 1014 1349 si
1038 1311 1210 1349 errantia
1234 1309 1272 1346 in
1296 1310 1360 1346 via
1384 1309 1443 1346 in·-

108 1365 283 1418 veneris,
320 1370 500 1422 prohibet
525 1362 736 1420 despicias,
776 1369 975 1420 quominus
998 1381 1048 1406 ea
1072 1366 1238 1406 reducas
1263 1366 1387 1411 fratri,
1402 1366 1440 1413 ⁶)

109 1428 250 1468 nedum
285 1428 407 1480 ipsum
444 1427 529 1465 sibi.
592 1425 671 1465 Sed
702 1433 744 1464 ct
772 1427 922 1464 veniam
954 1424 1023 1464 des
1053 1425 1164 1463 fratri
1190 1425 1229 1462 in
1254 1430 1293 1462 te
1318 1422 1443 1461 delin-

110 1486 262 1539 quenti,
300 1485 408 1523 iubet
430 1486 547 1523 etiam
572 1485 729 1535 septies.
791 1476 928 1522 Parum
954 1474 1080 1535 plane.
1142 1481 1232 1520 Plus
1257 1487 1317 1519 est
1342 1481 1443 1520 enim

59 1585 66 1591 ,
109 1542 211 1596 apud
231 1548 480 1589 creatorem,
517 1542 580 1594 qui
605 1554 678 1580 nec
709 1540 862 1579 modum
887 1541 1038 1588 statuit,
1075 1541 1115 1578 in
1139 1540 1327 1578 infinitum
1351 1551 1444 1590 pro-

109 1601 308 1640 nuntians:
338 1600 471 1638 fratris
495 1599 664 1638 malitiae
689 1612 838 1637 memor
860 1611 908 1636 ne
934 1599 1058 1648 sis,·‘¹)
1086 1610 1159 1636 nec
1184 1597 1333 1649 petenti
1359 1608 1443 1634 eam

109 1665 311 1712 praestes,
348 1656 528 1704 mandat,
566 1656 635 1695 sed
667 1664 708 1694 et
737 1670 814 1694 non
845 1657 1006 1708 petenti.
1066 1654 1156 1693 Non
1189 1656 1290 1693 enim
1322 1652 1443 1692 dones

113 1715 304 1754 offensam
322 1715 415 1760 vult,
441 1713 510 1752 sed
536 1714 793 1752 obliviscaris.
854 1713 941 1751 Lex
965 1714 1249 1764 leprosorumss)
1279 1718 1443 1762 quantae

112 1773 164 1812 sit
186 1771 640 1822 intemretationiserga
664 1771 816 1820 species
842 1771 959 1821 ipsius
983 1770 1065 1807 vitii
1092 1776 1133 1821 et
1151 1768 1444 1819 inspectationis

114 1830 248 1869 summi
272 1825 508 1878 sacerdotiS,
534 1833 705 1864 nostrum
732 1827 809 1864 erit
833 1827 955 1873 scire,
980 1825 1212 1871 Marcionis,
1238 1824 1444 1863 morosita-

113 1895 192 1926 tem
216 1887 318 1938 legis
341 1896 553 1937 opponere,
579 1890 621 1921 ut
645 1890 686 1921 et
708 1883 772 1920 hic
798 1882 990 1921 Christum
1015 1882 1205 1921 aemulum
1230 1883 1313 1921 eius
1337 1881 1444 1920 affir-

113 1951 204 1991 met,
229 1943 543 1996 praevenientem
569 1941 769 1979 sollemnia
781 1940 879 1991 legis
899 1941 1012 1979 etiam
1033 1941 1071 1978 in
1093 1941 1293 1979 curatione
1307 1938 1444 1978 decem

16 2003 21 2006 ’
49 2019 53 2022 ·
114 2002 370 2055 leprosorum,
398 2013 492 2052 quos
518 1996 779 2042 tantummodo
805 1999 863 2036 ire
888 1999 1031 2045 iussos,
1058 2004 1100 2036 ut
1123 2011 1165 2037 se
1192 1996 1445 2036 ostenderent

94 2058 403 2104 sacerdotibus,
442 2058 481 2095 in
506 2057 645 2098 itinere
671 2056 926 2107 purgavitst)
955 2057 1039 2105 sine
1063 2062 1170 2094 tactu
1195 2056 1270 2095 iam
1296 2062 1336 2094 et
1351 2057 1442 2094 sine

114 2117 255 2164 verbo,
281 2117 400 2158 tacita
426 2120 619 2166 potestate
650 2120 691 2151 et
713 2113 798 2151 sola
819 2113 1038 2161 voluntate3
1075 2114 1183 2165 quasi
1206 2125 1369 2152 necesse
1395 2114 1445 2151 sit

115 2174 236 2213 semel
259 2171 519 2219 remediatore
551 2171 775 2221 languorum
806 2177 848 2209 et
869 2171 1048 2209 vitiorum
1078 2170 1303 2209 adnuntiato
1331 2170 1444 2208 Chri-

115 2238 177 2270 sto
196 2237 255 2279 'et
290 2229 339 2269 de
376 2229 579 2268 effectibus
620 2228 785 2279 probato
827 2227 876 2267 de
914 2228 1159 2280 qualitatibus
1203 2228 1443 2267 curationum

116 2288 342 2334 retractari,
381 2293 448 2325 aut
478 2293 695 2324 creatorem
726 2286 764 2323 in
789 2284 945 2325 Christo
977 2285 1027 2324 ad
1058 2286 1184 2337 legem
1214 2278 1442 2337 provocari3

116 2347 151 2386 si
175 2344 266 2398 quid
289 2345 405 2383 aliter
430 2356 541 2396 quam
564 2344 665 2395 lege<
680 2342 873 2391 distinxit,
899 2344 982 2396 ipse
1006 2344 1192 2396 perfecit,
1219 2355 1304 2381 cum
1329 2341 1444 2380 aliter

211 2495 249 2534 1)
274 2495 358 2526 Luc.
373 2496 427 2535 1⁶1,
444 2497 477 2528 1.
491 2496 523 2525 2.
594 2492 632 2537 2)
659 2494 765 2527 Zach.
781 2495 811 2533 2,
826 2496 858 2526 8.
929 2491 967 2536 3)
993 2495 1076 2525 Luc.
1093 2495 1146 2533 17,
1162 2494 1195 2525 3.
1273 2490 1312 2535 4)
1332 2492 1442 2525 Rhen.

119 2541 172 2573 ed.
196 2542 223 2572 1.
257 2550 340 2571 non
376 2541 593 2573 traduces.
699 2539 737 2582 5)
773 2541 854 2572 Lev.
870 2541 925 2579 19,
952 2541 1006 2570 17.
1114 2540 1151 2578 6)
1187 2538 1301 2570 Exod.
1323 2536 1381 2579 23,
1406 2540 1442 2572 4.

119 2587 158 2627 τ)
182 2587 262 2618 hev.
276 2588 401 2628 19,·18.
498 2586 533 2628 8)
556 2588 706 2618 12ev.13.
723 2587 777 2617 14.
873 2587 910 2626 9)
934 2586 1016 2618 Luc.
1028 2587 1083 2627 17,
1099 2586 1268 2616 11—19.
