1604 2800
176 194 246 230 49
503 192 626 222 Anv.
664 190 1179 221 VALENTmiANos.

179 286 452 339 ruptibilitatis‚
481 297 554 335 quo
582 296 740 335 compos
768 296 878 321 casus
904 283 960 321 sui
988 284 1179 334 potiorum
1203 281 1399 322 desiderio
1420 297 1508 336 sup-

178 351 422 396 pararetur„
468 341 548 380 Hac
587 339 854 379 misericordia
887 341 1057 388 functus,
1109 354 1183 379 non
1222 340 1304 380 sine
1342 338 1509 393 Spiritus

180 403 313 440 Sancti
351 401 559 445 societate,
598 399 766 437 recurrit
798 398 972 437 Christus
1004 399 1041 436 in
1075 398 1265 437 Pleroma.
1328 397 1426 437 Usus
1451 406 1512 441 est

180 473 318 506 rerum,
347 471 394 497 ex
422 456 716 496 liberalitatibus
743 469 893 508 quoque
916 457 1068 494 nomina
1094 454 1301 495 accedere.
1364 455 1512 509 Enthy-

180 517 293 556 mesis
319 515 366 554 «le
393 522 482 554 actu
508 515 596 562 suit3
631 513 848 552 Achamoth
874 513 994 560 unde,
1029 512 1154 552 adhuc
1181 515 1398 566 quaeritur,
1438 514 1514 561 So·

181 576 268 627 phia
301 573 347 613 de
382 580 501 612 matre
534 579 682 620 manat3
725 570 891 624 Spiritus
925 570 1091 610 Sanctus
1123 585 1173 610 ex
1196 572 1338 623 angelo
1370 573 1515 624 accipit

182 634 386 677 Christum,
408 632 444 678 1)
478 644 499 668 a
527 644 600 682 quo
628 629 816 668 derelicta
842 643 883 668 se
910 630 1035 668 statim
1062 637 1240 676 senserat
1265 628 1513 669 desiderium.

183 690 313 742 ltaque
341 688 518 741 prosiluit
543 695 582 726 et
607 688 688 739 ipsa
716 688 840 726 lumen
863 688 944 726 eius
965 689 1174 739 inquirere,
1204 701 1314 740 quem
1340 688 1372 726 si
1394 688 1514 726 omni-

184 761 232 785 no
259 760 334 784 non
361 752 521 783 noverat
551 752 592 782 ut
623 745 866 783 invisibiliter
899 752 1117 796 operatum,
1157 744 1349 797 quomodo
1389 746 1514 785 lumen
1569 742 1576 748 ’

185 806 266 843 eius
292 805 462 854 ignotum
491 815 573 840 cum
600 803 681 853 ipso
708 802 955 853 requirebat?
995 802 1137 840 Tamen
1166 804 1344 850 tentavit,
1372 810 1411 842 et
1437 803 1517 841 l'or-

186 869 286 900 tasse
319 858 654 913 apprehendisset,
694 858 724 896 si
765 873 838 897 non
871 859 971 898 idem
1007 859 1153 906 noros,
1197 861 1258 911 qui
1292 861 1401 898 matri
1435 861 1517 898 cius

187 927 262 958 tam
288 930 476 970 prospere
502 923 680 963 venerat,
721 930 818 955 nune
853 923 926 954 tam
953 917 1167 968 importune
1197 918 1296 956 tiliae
1324 919 1518 956 occurris-

186 984 257 1023 set,
285 983 325 1014 ut
350 976 465 1014 etiam
492 974 758 1012 inclamaverit
783 975 820 1012 in
847 987 949 1012 eam:
978 974 1062 1012 Iao!
1092 976 1218 1026 quasi:
1246 988 1363 1026 porro
1392 974 1518 1022 Qniri-

187 1035 265 1073 tes!
293 1040 376 1072 aut:
404 1031 515 1071 fidem
545 1031 742 1070 Caesaris!
807 1030 898 1069 lnde
927 1033 1118 1070 invenitur
1144 1032 1209 1070 tao
1237 1033 1275 1070 in
1301 1032 1517 1084 scripturis.

187 1091 244 1130 lta
282 1090 457 1142 depulsa,
497 1090 693 1141 quominus
736 1096 938 1140 pergeret,
985 1102 1056 1128 nec
1090 1089 1235 1128 habens
1267 1090 1518 1142 supervolare

188 1161 360 1194 crucem,
388 1146 425 1185 id
452 1154 512 1185 est
545 1146 688 1193 Horon,
717 1148 803 1198 quia
832 1147 970 1185 nullum
999 1146 1139 1186 Catulli
1165 1147 1375 1187 laureolum
1402 1148 1520 1189 fuerit

188 1206 415 1251 exercitata,
442 1212 484 1242 ut
508 1203 690 1243 destituta
705 1203 878 1242 Passioni
905 1205 959 1242 illi
985 1217 1076 1243 suae
1104 1206 1139 1244 in
1169 1206 1288 1245 tricca
1317 1205 1518 1258 multiplici

188 1272 301 1316 atque
329 1263 531 1315 perplexa,
571 1263 673 1300 omni
700 1275 844 1312 genere
872 1263 954 1301 cius
981 1264 1109 1314 coepit
1141 1263 1278 1314 affligi,
1323 1275 1516 1310 moerore,

190 1320 291 1373 quod
317 1334 391 1358 non
419 1327 681 1371 perpetrasset
708 1321 919 1371 inceptum,
959 1328 1081 1367 metu,
1115 1334 1162 1359 ne
1194 1321 1294 1360 sicut
1320 1322 1424 1368 lucc,
1464 1322 1518 1361 ita

191 1386 231 1417 et
255 1379 332 1416 vita
359 1377 581 1423 orbaretur,
610 1378 943 1423 consternatione,
972 1385 1047 1416 tum
1076 1379 1307 1429 ignorantia.
1348 1377 1454 1423 *Nec
1481 1385 1523 1417 ut

192 1443 315 1474 mater
340 1435 434 1473 eius.
499 1434 566 1472 llla
592 1435 691 1472 enim
718 1433 849 1481 Ae0n3
877 1442 916 1471 at
943 1435 1037 1473 haec
1065 1449 1134 1486 pro
1162 1436 1385 1476 conditione
1412 1435 1522 1477 dete-

194 1494 291 1539 rius,
323 1493 546 1542 insurgente
579 1489 702 1529 adhuc
737 1498 776 1528 et
807 1491 882 1529 alio
910 1492 1026 1529 fluctu
1054 1495 1319 1533 conversionis
1346 1495 1382 1532 in
1411 1493 1522 1533 Chri·

193 1557 308 1596 stum,
348 1562 370 1587 a
396 1562 469 1600 quo
495 1548 686 1586 vivificata
712 1548 856 1595 suerat,
894 1555 934 1587 et
964 1549 1001 1586 in
1029 1549 1126 1588 hanc
1154 1550 1271 1601 ipsam
1298 1552 1523 1594 conversio,-

194 1620 277 1646 nem
306 1613 532 1658 temperata.
831 1646 834 1650 ,

313 1667 377 1705 15.
427 1663 513 1714 Age
542 1676 653 1710 nunc,
681 1662 831 1703 discant
851 1663 1115 1716 Pythagorici,
1143 1672 1358 1716 agnoscant
1383 1664 1521 1713 Stoici,

195 1722 304 1760 Plato
339 1723 440 1774 ipse,
479 1719 578 1759 unde
612 1722 790 1768 materia,
825 1735 934 1773 quam
962 1723 1127 1760 innatam
1154 1723 1305 1770 volunt,
1339 1729 1380 1762 et
1405 1724 1525 1774 origi-

195 1793 281 1818 nem
309 1786 349 1818 et
373 1779 621 1817 substantiam
650 1779 814 1817 traxerit
838 1779 875 1816 in
904 1793 1053 1818 omnem
1080 1780 1178 1819 hanc
1205 1787 1348 1830 struem
1371 1779 1523 1829 ,mundt5

196 1835 297 1890 quod
334 1849 406 1876 nec
443 1836 659 1875 Mercurius
696 1837 760 1875 ille
797 1836 1088 1888 Trismegistus,
1138 1839 1322 1890 magister
1359 1840 1522 1879 omnium

197 1895 439 1947 physicorum
468 1895 711 1945 recogitavit.
761 1893 914 1932 Audisti
940 1896 1246 1944 conversionem,
1273 1908 1395 1947 genus
1420 1895 1524 1935 aliud

198 1953 397 2005 passionis.
459 1952 518 1990 Ex
545 1953 615 1990 hac
648 1952 769 1990 omnis
801 1953 926 1991 anima
959 1953 1069 1992 huius
1099 1953 1224 1993 mundi
1258 1953 1400 1993 dicitur
1430 1967 1524 1994 con.-

197 2011 360 2056 stitisse,
399 2010 512 2048 ctiam
539 2011 657 2062 ipsius
686 2009 901 2060 Demiurgi,
935 2010 971 2049 id
1000 2018 1059 2050 est
1085 2010 1147 2050 dei
1173 2012 1309 2058 nostri.
1370 2010 1524 2053 Audisti

199 2079 416 2107 moerorem
442 2075 481 2106 et
507 2069 695 2107 timorem.
757 2066 815 2106 Ex
842 2068 900 2106 his
925 2069 1073 2107 initiata
1100 2076 1186 2107 sunt
1217 2075 1363 2118 cetera,
1417 2067 1523 2117 ‚Nam

200 2139 249 2164 cx
287 2125 452 2164 lacrimis
490 2126 570 2164 eius
607 2127 785 2164 universa
816 2139 998 2177 aquarum
1031 2133 1163 2165 natura
1203 2127 1393 2174 manavit..
1454 2125 1526 2170 Hic

201 2181 487 2229 aestimandum,
517 2196 624 2235 quem
652 2184 793 2222 exitum
820 2182 985 2230 duxerit,
1014 2185 1162 2236 quantis
1190 2184 1431 2222 lacrimarum
1458 2196 1527 2235 ge-

202 2240 356 2279 neribus
388 2239 642 2279 inundaverit.
707 2241 846 2279 Habuit
883 2249 922 2280 et
953 2242 1093 2288 salsas,
1139 2242 1272 2280 habuit
1308 2248 1347 2280 et
1377 2254 1527 2280 amaras

202 2305 242 2336 et
267 2297 412 2343 dulces,
440 2305 479 2336 et
513 2298 655 2337 calidas
688 2306 727 2337 et
759 2298 919 2350 frigidas
952 2306 1097 2350 guttas,
1137 2307 1176 2338 et
1207 2299 1456 2349 bituminosas
1488 2306 1529 2337 et

202 2356 502 2406 ferruginantes,
542 2363 581 2394 et.
617 2356 883 2407 sulphurantes
921 2359 1050 2409 utique
1081 2362 1125 2405 et¹
1150 2354 1458 2411 venenatas‚.4i}t
1484 2360 1529 2394 et

203 2411 395 2451 Nonacris
421 2412 508 2451 inde
536 2412 742 2460 sudaverit,
770 2427 865 2466 quae
886 2413 1148 2454 Alexandrum
1176 2413 1333 2460 occidit,
1359 2421 1399 2452 et
1423 2406 1528 2464 Lyn-

299 2550 334 2589 1)
361 2551 604 2591 Rig.Sophia
622 2552 668 2583 de
682 2553 804 2583 Patre
820 2555 978 2591 manau
994 2553 1057 2592 Sp.
1073 2553 1106 2583 S.
1122 2561 1170 2583 ex
1186 2536 1273 2592 ang.
1289 2551 1528 2592 apudClu-i-

208 2598 325 2626 ntum.
374 2597 543 2628 Ed.Fran.
560 2598 907 2638 accipitChristi.
