1604 2800
567 145 697 180 Anv.
731 138 1041 181 mutuos·
1360 148 1465 189 ”5

138 237 339 279 contendit
362 245 403 278 et
426 236 623 276 sabbatum
648 237 773 276 adhuc
801 238 1076 279 observandum
1103 242 1210 292 quasi
1234 241 1366 281 salutis
1384 257 1466 283 me-

138 296 263 336 delam
288 302 329 335 et
353 296 685 335 circumcisionem
711 297 839 334 octavi
863 295 941 336 diei
966 305 1126 349 propter
1149 299 1283 338 mortis
1308 302 1466 340 commi-

137 355 350 400 nationem,
394 351 553 399 doceat‚
590 353 630 391 in
659 354 908 405 praeteritum
947 355 1068 393 iustos
1102 355 1363 395 sabbatizasse
1399 365 1467 396 aut

138 409 445 457 circumcidisse,
477 417 518 449 et
546 410 603 449 sic
627 411 772 449 amicos
798 409 859 450 dei
885 411 1060 451 effectos.
1121 412 1219 451 Nam
1244 414 1275 452 si
1302 415 1466 453 circum-

138 469 234 507 cisio
270 475 411 521 purgat
445 467 654 515 hominem,
693 467 787 506 deus
811 467 935 508 Adam
967 470 1272 509 incircumcisum
1299 485 1383 510 cum
1409 472 1467 510 fa-

138 531 265 572 ceret,
297 538 369 564 cur
398 538 484 564 eum
515 538 592 563 non
618 524 877 573 circumcidit,
909 527 970 565 vel
996 533 1131 578 postea
1156 541 1267 579 quam
1291 527 1466 580 deliquit,

137 583 170 621 si
194 589 335 635 purgat
359 583 629 622 circumcisio?
676 582 793 622 Certe
819 584 858 622 in
888 583 1067 636 paradiso
1106 586 1342 623 constituens
1380 598 1466 624 eum

136 640 465 687 incircumcisum,
516 641 694 679 colonum
729 640 898 692 paradisi
934 642 1137 693 pracfecit.
1222 642 1345 693 Igitur
1381 656 1466 681 cum

135 709 261 749 neque
305 698 572 736 circumcisum
613 710 737 749 neque
779 697 1082 737 sabbatizantem
1118 697 1213 737 deus
1247 698 1372 738 Adam
1408 701 1467 738 in-

137 754 324 801 stituerit,
362 761 649 806 consequenter
683 767 833 805 quoque
871 755 1043 793 sobolem
1074 757 1175 802 eius,
1212 754 1332 802 Abel,
1371 756 1470 794 offe-

135 818 286 850 rentem
321 810 396 849 sibi
437 811 649 856 sacrificia,
698 811 1004 848 incircumcisum
1050 824 1121 849 nec
1164 811 1469 850 sabbatizantem

136 866 325 914 laudavit,
374 873 539 918 accepto
582 867 731 912 ferens,
783 879 880 918 quae
918 866 1111 905 offerebat
1147 868 1186 905 in
1222 868 1469 919 simplicitate

137 923 286 971 cordis,
324 930 366 963 et
399 923 612 975 reprobans
654 923 887 962 sacrificium
929 925 1060 963 fratris
1092 923 1211 971 Cain,
1262 926 1325 976 qui
1368 924 1470 976 quod

137 981 348 1027 offere-hat,
397 994 475 1019 non
519 987 628 1018 recte
671 979 878 1018 dividebat.
951 980 1039 1020 Noe
1077 993 1226 1032 quoque
1264 982 1470 1020 incircum-

137 1039 257 1077 cisum
282 1035 395 1084 dens,
427 1036 497 1076 sed
522 1044 564 1075 et
586 1050 662 1075 non
687 1036 1001 1083 sabbatizantem,
1035 1036 1083 1076 de
1110 1036 1251 1075 diluvio
1278 1038 1467 1076 liberavit.

136 1093 236 1134 Nam
267 1101 308 1133 et
336 1093 471 1132 Enoch
509 1094 770 1139 iustissimum,
808 1107 884 1131 non
922 1094 1186 1133 circumcisum
1222 1107 1294 1132 nec
1330 1094 1469 1133 sabba-

135 1152 344 1198 tizantem,
381 1149 430 1189 de
467 1151 541 1189 hoc
578 1149 717 1188 mundo
755 1151 971 1197 transtulit,
1010 1152 1072 1202 qui
1109 1150 1271 1189 necdum
1307 1159 1471 1190 mortem

137 1209 323 1260 gustavit,
359 1215 403 1246 ut
437 1209 679 1246 aeternitatis
717 1206 942 1246 candidatus
973 1209 1047 1246 iam
1083 1208 1195 1246 nobis
1232 1206 1469 1254 ostenderet,

137 1279 208 1305 nos
244 1277 394 1318 quoque
431 1266 513 1303 sine
551 1265 648 1316 legis
686 1277 805 1303 onere
841 1264 988 1317 Moysis
1025 1263 1099 1303 deo
1136 1277 1250 1317 posse
1293 1265 1469 1316 placere.

136 1321 427 1362 Melchisedech
456 1334 619 1374 quoque,
645 1323 777 1360 summi
804 1321 867 1360 dei
892 1321 1089 1368 sacerdos,
1116 1323 1405 1361 incircumcisus
1431 1329 1472 1362 et

138 1393 215 1418 non
240 1379 484 1419 sabbatizans
515 1378 564 1417 ad
594 1377 853 1417 sacerdotium
886 1378 949 1418 dei
980 1380 1141 1418 allectus
1173 1386 1244 1418 est.
1305 1378 1357 1417 Et
1379 1392 1471 1431 pro-

136 1436 249 1476 batus
273 1436 394 1484 Loth,
425 1437 548 1475 frater
570 1435 766 1482 Abrahae,
799 1435 901 1487 quod
926 1449 996 1488 pro
1023 1437 1169 1474 meritis
1194 1436 1362 1475 iustitiae
1387 1437 1471 1475 sine

137 1495 237 1547 legis
263 1494 535 1533 observatione
561 1492 610 1531 de
637 1491 921 1531 Sodomitarum
945 1492 1127 1531 incendio
1153 1494 1203 1531 sit
1227 1493 1424 1533 liberatus.

253 1554 292 1593 3.
331 1549 411 1590 Sed
434 1549 644 1596 Abraham,
670 1550 808 1601 inquis,
836 1550 1084 1589 circumcisus
1109 1557 1180 1589 est.
1195 1551 1233 1599 ¹)
1277 1549 1356 1588 Sed
1381 1556 1471 1588 ante

138 1607 214 1648 deo
238 1608 396 1660 placuit,
424 1621 534 1659 quam
561 1606 920 1651 circumcideretur,
952 1619 1025 1644 nec
1051 1613 1177 1644 tamen
1202 1605 1468 1643 sabbatizavit.

135 1664 360 1716 Acceperat
385 1665 486 1701 enim
513 1662 866 1707 circumcisionem,
900 1660 969 1699 sed
1000 1674 1098 1712 quae
1130 1668 1234 1699 esset
1258 1662 1294 1698 in
1321 1662 1471 1712 signum

137 1722 323 1772 temporis
347 1720 467 1765 illius,
499 1732 576 1756 non
601 1719 639 1755 in
664 1718 796 1755 salutis
821 1718 1145 1768 praerogativam.
1207 1716 1381 1768 Denique
1407 1730 1470 1756 se-

138 1783 299 1830 quentes
330 1775 574 1828 patriarchae
606 1775 865 1812 incircumcisi
894 1774 1068 1820 fuerunt,
1093 1781 1136 1812 ut
1165 1772 1467 1820 Melchisedech,

138 1835 202 1887 qui
239 1833 312 1886 ipsi
348 1831 529 1870 Abrahae
566 1831 640 1868 iam
678 1831 931 1877 circumciso,
969 1831 1180 1869 revertenti
1217 1830 1265 1869 de
1302 1831 1489 1882 proelio„

135 1902 275 1945 panem
299 1896 341 1929 et
363 1890 488 1927 vinum
515 1887 706 1937 obtulit2)
739 1888 1040 1927 incircumcisus.
1103 1886 1181 1926 Sed
1208 1894 1248 1926 et
1274 1887 1383 1933 filius,
1409 1889 1468 1925 in-

137 1949 232 2000 quit,
250 1945 379 1999 Moysi
402 1953 479 1984 tum
499 1944 547 1983 ab
567 1944 707 1995 angelo
727 1945 973 1996 praefocatus
993 1944 1140 1990 fnisset,
1166 1945 1198 1982 si
1218 1958 1293 1982 non
1314 1943 1468 1983 Seffora

137 2011 261 2044 mater
296 2005 379 2043 eius
416 2002 566 2041 calculo
607 2002 847 2052 praeputium
889 2003 1045 2040 iurantis
1088 2001 1405 2040 circumcidisset.
1427 2002 1465 2048 ³)

137 2060 261 2108 Unde,
287 2061 421 2114 inquit,
453 2059 654 2097 maximum
679 2059 889 2110 periculum
915 2066 987 2106 est,
1018 2060 1050 2098 si
1074 2061 1312 2111 praeputium
1340 2059 1466 2096 carnis

137 2120 221 2171 quis
257 2131 334 2156 non
372 2114 671 2156 circumciderit.
737 2114 788 2153 Et
818 2115 928 2163 ideo,
965 2117 998 2155 si
1029 2116 1188 2155 salutem
1222 2115 1464 2154 circumcisio

138 2173 355 2214 omnimodo
376 2173 547 2219 afferret,
573 2173 687 2211 etiam
709 2172 791 2223 ipse
808 2172 966 2224 Moyses
986 2174 1024 2211 in
1046 2173 1123 2211 filio
1149 2186 1217 2211 suo
1244 2185 1318 2210 non
1344 2171 1465 2208 inter-

137 2233 322 2279 misisset,
355 2244 429 2283 quo
455 2231 576 2268 minus
601 2236 739 2268 octava
764 2228 826 2268 die
853 2229 1150 2269 circumcideret
1174 2242 1278 2274 eum,
1312 2225 1462 2279 quando

138 2296 292 2328 constet
317 2287 527 2334 Sefforam,
559 2293 734 2325 coactam
760 2286 807 2324 ab
833 2287 987 2338 angelo,
1018 2286 1056 2326 id
1083 2287 1221 2325 fecisse
1248 2286 1285 2322 in
1311 2285 1461 2324 itinere.

140 2345 436 2385 Consideremus
456 2346 596 2396 itaque,
625 2342 725 2395 quod
746 2357 821 2381 non
842 2345 1010 2395 potuerit
1030 2344 1135 2381 unius
1155 2342 1310 2380 infantis
1325 2347 1461 2379 coacta

141 2403 384 2442 circumcisio
410 2402 512 2439 omni
537 2401 678 2452 populo
709 2401 978 2452 praescribere
1006 2407 1045 2438 et
1071 2400 1174 2451 quasi
1202 2399 1326 2449 legem
1353 2398 1460 2435 huius

235 2530 270 2569 1)
285 2529 370 2559 Gen.
387 2528 441 2569 17,
456 2527 509 2557 24.
606 2526 638 2564 2)
652 2525 734 2554 Gen.
749 2525 803 2564 14,
819 2526 872 2556 18.
966 2525 1003 2564 3)
1017 2523 1126 2555 Exod.
1142 2525 1173 2561 4,
1192 2523 1234 2552 24
1247 2530 1299 2559 tq.

761 2680 778 2692 0
