1604 2800
185 173 258 208 4-1
516 174 638 205 ADV.
678 169 1188 206 VALENTINIANOS.

186 267 274 318 phia
301 267 399 305 enim
426 279 564 305 nomen
591 270 691 313 est,)
719 266 997 304 incontinentia
1023 265 1080 302 sui
1107 265 1188 302 sine
1215 263 1390 316 coniugis
1414 262 1516 303 The-

186 325 252 362 leti
291 325 479 363 societate
504 322 537 373 Ι)
570 324 784 376 prorumpit
815 325 851 362 in
884 330 1030 376 patrem
1065 322 1280 373 inquirere,
1320 328 1359 360 et
1396 332 1516 373 genus

186 381 381 420 contrahit
410 382 511 430 vitii,
552 381 653 434 quod
685 394 864 420 exorsum
898 379 1049 433 quidem
1080 380 1209 418 fuerat
1240 380 1277 417 in
1311 379 1386 418 illis
1418 379 1516 429 aliis,

185 440 246 490 qui
274 440 380 478 circa
405 440 511 487 Nun,
546 441 582 478 in
609 440 708 478 hunc
735 446 860 478 autem
886 439 947 477 vel
967 438 1005 487 2)
1033 438 1070 475 in
1098 435 1281 489 Sophiam
1308 436 1517 484 derivarat,

184 505 225 535 ut
251 498 377 536 solent
402 499 495 536 vitia
522 499 558 536 in
587 511 753 550 corpore
780 497 870 536 alibi
905 503 1071 547 cognata
1103 495 1140 533 in
1173 493 1276 534 aliud
1309 495 1517 534 membrum

184 556 395 606 perniciem
423 570 526 594 suam
554 555 697 595 efflare.
738 553 816 594 Sed
843 556 942 594 enim
969 553 1037 592 suh
1064 559 1269 605 praetextu
1295 551 1517 591 dilectionis

184 614 221 650 in
260 621 405 665 patrem
444 614 651 652 aemulatio
689 613 898 666 superabat
933 613 972 650 in
1009 611 1116 658 Nun,
1162 610 1283 649 solum
1321 609 1369 650 de
1406 617 1517 663 patre

184 669 428 721 gaudentem.
491 670 540 710 Ut
569 685 663 710 vero
696 670 947 723 impossibilia
980 667 1220 709 contendens
1253 668 1401 721 Sophia
1439 669 1518 707 fru-

184 734 337 773 strarat,
366 735 406 766 et
430 729 597 767 vincitur
621 728 842 767 difficultate
869 735 908 767 et
933 726 1155 766 extenditur
1179 726 1408 774 affectione3
1436 739 1518 765 mo-

185 783 272 822 dico
300 785 420 823 abfuit
445 799 538 837 prae
564 787 599 823 vi
628 784 841 824 dulcedinis
868 792 907 823 et
933 785 1076 823 laboris
1102 783 1282 823 devorari
1314 791 1354 823 et
1387 785 1422 822 in
1456 788 1518 823 re*-

185 841 323 893 liquam
351 842 599 881 substantiam
627 842 802 890 dissolvi3
843 855 915 880 nec
947 843 1043 880 alias
1070 854 1179 893 quam
1205 841 1403 894 pereundo
1433 854 1518 880 ces—

185 906 324 945 sasset,
364 900 435 938 nisi
463 900 564 938 bono
597 901 677 938 fato
710 901 747 938 in
781 899 914 938 Horon
946 900 1199 945 incursasset,
1241 897 1443 951 (quaedam
1478 906 1518 938 et

185 956 272 994 huic
298 958 354 995 vis
386 964 463 1004 est,
502 955 807 1005 fundamentum,
847 957 1107 995 universitatis
1139 955 1240 994 illius
1274 958 1516 995 extrinsecus

185 1016 357 1065 custos,)
391 1027 501 1067 quem
529 1022 568 1053 et
595 1015 757 1054 Crucem
790 1015 984 1067 appellant
1015 1020 1054 1052 et
1084 1012 1275 1065 Lytroten
1307 1020 1348 1052 et
1379 1012 1516 1066 Carpi—

184 1078 280 1111 sten.
345 1072 401 1110 Ita
429 1071 574 1124 Sophia
605 1073 778 1124 periculo
805 1078 984 1124 exempta
1009 1078 1048 1110 et
1074 1069 1184 1109 tarde
1212 1083 1414 1122 persuasa,
1448 1070 1516 1110 dc-

184 1129 323 1167 clinata
351 1131 647 1182 investigatione
673 1132 805 1182 patris,
834 1130 1066 1182 conquievit,
1094 1135 1134 1167 et
1159 1135 1278 1167 totam
1303 1127 1515 1182 Enthyme-

183 1187 259 1233 sin,
299 1186 336 1225 id
370 1194 429 1226 est
459 1188 730 1226 animationem
764 1201 847 1227 cum
881 1187 1080 1240 passione,
1120 1199 1216 1239 quae
1254 1187 1412 1240 insuper
1448 1199 1513 1226 ac—

183 1242 344 1291 ciderat,
371 1246 561 1297 exposuit.

299 1306 364 1343 10.
416 1302 494 1341 Sed
523 1305 671 1355 quidam
700 1305 840 1342 exitum
869 1302 1038 1356 Sophiae
1065 1310 1105 1342 et
1129 1303 1410 1342 restitutionem
1443 1303 1514 1342 ali-

182 1366 243 1396 ter
274 1360 578 1399 somniaverunt:
617 1368 704 1413 post
736 1362 867 1399 irritos
894 1368 1054 1399 conatus
1081 1369 1120 1400 et
1145 1362 1226 1413 spei
1253 1360 1511 1400 deiectionem

183 1414 432 1454 deformatam
466 1430 548 1455 eam
582 1419 749 1469 pallore,
791 1417 928 1465 credo,
967 1426 1008 1457 et
1039 1419 1161 1457 macie
1193 1425 1234 1457 et
1257 1419 1408 1458 incuria
1433 1419 1514 1458 for-⁷

182 1485 286 1519 mae,
326 1475 379 1511 uti
411 1487 508 1525 quae
535 1481 681 1526 patrem
708 1488 784 1512 non
810 1475 932 1513 minus
958 1475 1189 1526 denegatum
1217 1474 1377 1515 dolebat
1402 1489 1512 1530 quam

182 1531 371 1569 amissum.
417 1530 565 1570 Dehinc
592 1532 629 1569 in
655 1533 721 1570 illo
748 1545 927 1570 moerore
954 1545 1003 1571 ex
1029 1539 1151 1571 semet
1176 1533 1260 1584 ipsa
1284 1535 1380 1578 sola,
1407 1534 1512 1572 nulla

183 1599 301 1638 opera
334 1589 522 1639 coniugii,
564 1592 762 1641 concepit,
807 1597 847 1627 et
883 1599 1067 1641 procreat
1102 1590 1294 1628 feminam.
1355 1589 1512 1629 Miraris

181 1643 305 1682 haec?
363 1644 414 1683 Et
444 1647 584 1697 gallina
619 1648 758 1685 sortita
783 1654 842 1685 est
868 1646 915 1685 de
947 1661 1016 1685 suo
1043 1660 1197 1700 parere.
1260 1645 1340 1686 Sed
1366 1654 1406 1686 et
1429 1648 1512 1686 vul—

180 1707 284 1740 tures
310 1703 471 1742 feminas
497 1711 640 1742 tantum
668 1717 806 1757 parcre
833 1705 957 1751 aiunt,
992 1711 1031 1743 et
1063 1711 1190 1744 tamen
1223 1706 1306 1746 sine
1339 1705 1510 1744 masculo

178 1766 313 1798 mater.
334 1761 371 1808 ³)
422 1761 473 1799 Et
498 1769 669 1800 metuere
695 1769 905 1814 postremo,
933 1775 980 1800 ne
1008 1763 1093 1801 linis
1121 1773 1271 1815 quoquc
1298 1764 1508 1811 insisteret,

178 1815 342 1856 haerere
369 1817 416 1857 de
443 1820 595 1858 ratione
623 1833 752 1867 casus,
792 1832 930 1858 curare
958 1818 1006 1858 de
1033 1821 1309 1868 occultatione.
1372 1819 1511 1860 Reme—

180 1872 242 1911 dia
274 1889 470 1928 nusquam.
534 1876 606 1916 Ubi
640 1878 738 1916 enim
772 1878 845 1915 iam
880 1876 1109 1929 tragoediae
1136 1885 1176 1917 et
1202 1876 1449 1926 comoediae,
1489 1891 1510 1917 a

180 1932 313 1981 quibus
344 1934 467 1972 forma
498 1942 737 1974 mutuaretur
768 1934 1006 1987 exponendi,
1046 1933 1145 1988 quod
1185 1937 1284 1974 citra
1322 1935 1508 1989 pudorem

180 1995 265 2026 erat
289 1994 442 2029 natum?
502 1991 597 2030 Dum
624 1993 660 2030 in
687 1993 796 2030 malis
821 2006 884 2031 res
910 2000 987 2040 est,
1026 1993 1204 2045 suspicit,
1241 1994 1435 2033 convertit
1459 1992 1508 2032 ad

178 2052 344 2095 patrem,
371 2047 439 2086 sed
465 2050 654 2087 incassum
682 2051 806 2097 enisa,
834 2058 874 2089 et
897 2052 1000 2090 vires
1026 2049 1279 2098 deserebant,
1304 2052 1343 2090 in
1368 2063 1508 2103 preces

178 2103 355 2142 succidit.
414 2105 513 2145 Tota
550 2108 664 2145 etiam
701 2109 967 2161 propinquitas
1004 2122 1075 2162 pro
1113 2121 1160 2147 ea
1197 2108 1407 2162 supplicat,
1443 2109 1506 2147 vel

269 2253 305 2293 1)
331 2255 437 2287 Rhen.
451 2257 486 2287 in
501 2257 551 2287 ed.
567 2259 591 2289 Ι.
606 2259 670 2288 inc
684 2262 764 2289 ont.
780 2260 926 2291 suisne
942 2260 1143 2300 coniugis
1157 2259 1505 2291 Philetinocie-

175 2300 280 2338 tate,
296 2300 416 2332 deinde
431 2312 449 2332 e
464 2304 538 2333 cod.
552 2305 652 2336 Gorz.
668 2305 828 2337 incont.
843 2307 966 2338 suive
986 2306 1093 2339 coni.
1109 2306 1174 2338 Ph.
1188 2306 1411 2337 aatietate.
1437 2305 1504 2336 sed

175 2353 216 2373 ρκ’
235 2347 322 2376 tren.
336 2349 365 2387 1,
377 2349 446 2389 2‚2.
461 2354 604 2388 apparet
620 2350 654 2380 in
669 2351 793 2382 Phileti
807 2353 945 2384 nomine
961 2350 993 2384 Θ
1007 2356 1041 2384 et
1054 2352 1292 2393 &permutata
1305 2361 1393 2383 esse.
1465 2351 1501 2391 2)

175 2390 280 2421 ithen.
296 2401 385 2426 corr.
403 2394 444 2425 id
462 2404 481 2425 e
492 2399 529 2426 nt
550 2397 591 2426 in
606 2397 657 2428 So
670 2397 729 2436 ph.
743 2397 843 2437 Apud
858 2401 1036 2430 Irenaeum
1051 2400 1072 2430 l.
1084 2400 1106 2431 l.
1121 2395 1301 2440 ἀπέσκηψε
1313 2395 1350 2430 δὲ
1361 2394 1408 2432 εἰς
1419 2395 1502 2428 τοῦ·

175 2446 233 2486 ζον
246 2434 309 2468 τὸν
324 2440 615 2484 παρατραπέντα,
631 2443 773 2483 interpr.
787 2445 863 2476 lan:
877 2446 1044 2477 derivavit
1059 2450 1172 2476 autem
1187 2446 1222 2476 in
1236 2443 1328 2476 hunc
1335 2441 1500 2481 Aeonem,

175 2481 460 2534 1destSophiam.
558 2486 594 2528 3)
620 2489 712 2522 Pam.
737 2494 770 2520 et
796 2491 867 2531 Rig.
895 2500 939 2522 ex
966 2493 1052 2522 tren.
1079 2492 1102 2521 1.
1129 2490 1152 2523 1.
1173 2489 1208 2534 §.
1230 2491 1261 2521 3.
1283 2489 1500 2520 adiecerunt:

174 2525 308 2558 Primo
336 2532 505 2568 quidem
540 2536 793 2567 contristari
825 2539 1001 2576 propter
1032 2534 1497 2567 inconsummationem

175 2577 492 2619 generationis,
520 2584 709 2613 metuere
737 2585 955 2621 postremo
982 2584 1046 2612 etc.
