1604 2800
0 431 10 466 ᾗ

0 707 4 709 ,
0 591 5 688 -u--v
0 482 8 566 -w-w

546 196 620 227 DE
658 195 855 228 CARNE
892 197 1146 228 CHRISTI.
1443 199 1514 237 83

180 301 305 342 neque
331 287 379 328 ad
412 289 651 341 propositum
683 287 827 327 Christi
864 289 1016 327 faceret
1050 291 1273 329 evacuantis
1309 299 1512 343 peccatum

181 348 328 394 carnis,
353 359 431 385 non
456 347 495 385 in
518 359 567 386 ea
592 359 710 386 carne
736 359 927 386 evacuare
959 345 1071 394 illud,
1103 348 1142 385 in
1168 361 1241 400 qua
1266 356 1352 387 erat
1376 357 1511 390 natura

178 405 346 458 peccati,
372 417 496 457 neque
521 403 570 443 ad
595 405 773 456 gloriam.
835 403 934 453 Quid
960 405 1061 443 enim
1086 418 1276 456 magnum,
1303 407 1335 444 si
1360 407 1399 445 in
1425 421 1510 447 car·

180 476 228 502 ne
253 462 415 502 meliore
438 469 481 502 vet
504 458 676 510 alterius,
702 462 742 502 id
767 470 839 509 est,
866 476 942 501 non
964 464 1196 514 peccatricis
1216 471 1390 511 naturae,
1418 479 1510 505 nae-

178 533 265 560 vum
289 521 444 573 peccati
469 519 658 560 redemit?
692 521 813 573 Ergo,
840 522 976 572 inquis,
1003 521 1036 559 si
1061 528 1230 560 nostram
1255 521 1390 570 induit,
1418 537 1510 575 pec-

179 579 306 618 catrix
324 579 396 618 fuit
415 592 508 618 caro
530 579 687 618 Christi.
726 578 819 618 Noli
840 580 1111 630 constringere
1132 580 1402 632 explicabilem
1422 594 1510 620 sen-

177 649 279 685 sum3
293 643 464 677 nostram
478 638 579 676 enim
593 636 769 684 induens,
783 650 890 676 snam
904 637 1013 684 fecit,
1028 650 1133 676 suam
1148 638 1309 684 faciens,
1326 652 1400 676 non
1416 652 1510 691 pee-

178 695 365 734 catricem
379 707 463 744 eam
476 695 584 734 fecit.
625 695 807 734 Ceterum
828 693 930 747 quod
955 694 1003 733 ad
1030 707 1162 734 omnes
1188 694 1330 734 dictum
1357 697 1418 743 sit,
1446 698 1511 748 qui

175 750 267 791 ideo
292 764 370 790 non
399 759 537 803 putant
573 765 729 792 carnem
766 759 936 790 nostram
975 753 1012 789 in
1051 752 1206 790 Christo
1245 753 1382 798 fuisse,
1421 755 1511 804 quia

174 822 253 848 nou
276 809 349 847 fuit
373 821 423 847 ex
448 810 520 847 viri
545 810 710 856 semine,
748 807 1008 848 recordentur
1031 808 1157 847 Adam
1183 810 1305 861 ipsum
1337 811 1376 848 in
1408 810 1508 850 hanc

175 879 333 906 carnem
356 879 433 904 non
459 879 511 905 ex
539 868 684 906 semine
715 867 787 905 viri
820 867 976 905 factum.
1039 865 1151 905 Sicut
1182 874 1287 906 terra
1320 881 1510 907 conversa

175 931 237 964 est
260 925 299 963 in
324 924 424 963 hanc
450 937 607 964 carnem
632 926 715 964 sine
739 925 813 963 viri
838 925 999 971 semine,
1025 925 1079 962 ita
1105 932 1147 963 et
1171 924 1234 964 dei
1254 925 1411 964 verbum
1438 940 1508 978 po·-

173 982 247 1022 tuit
271 983 354 1021 sine
380 983 546 1034 coagulo
572 983 611 1020 in
635 981 808 1021 eiusdem
834 983 961 1021 carnis
986 983 1152 1021 transire
1177 984 1391 1022 materiam.

291 1043 358 1081 17.
416 1038 496 1079 Sed
544 1041 705 1079 remisso
748 1038 975 1078 Alexandro
1018 1053 1104 1078 cum
1143 1041 1222 1078 suis
1258 1041 1506 1093 syllogismis,

174 1110 270 1150 quos
294 1099 332 1136 in
358 1097 756 1148 argumentationibus
782 1104 955 1148 torquet,
994 1097 1110 1135 etiam
1137 1110 1222 1135 cum
1247 1099 1402 1149 psalmis
1427 1097 1507 1136 Va-

172 1155 323 1201 lentini,
349 1168 444 1206 quos
471 1168 610 1205 magna
634 1153 870 1206 impudentia
895 1155 1000 1206 quasi
1027 1153 1158 1192 idonei
1184 1155 1345 1193 alicuius
1371 1162 1507 1193 aucto-

172 1212 227 1251 ris
256 1212 470 1258 interserit,
509 1211 558 1250 ad
590 1225 701 1250 unam
733 1213 807 1250 iam
841 1212 979 1249 lineam
1011 1213 1328 1262 congressionem
1359 1211 1505 1264 diriga-

172 1282 267 1316 mus,
293 1283 343 1308 an
369 1282 524 1308 carnem
539 1269 713 1308 Christus
739 1283 788 1308 ex
811 1270 961 1320 virgine
987 1270 1200 1321 acceperit,
1225 1276 1267 1307 ut
1291 1270 1366 1308 hoc
1391 1283 1506 1322 prae-

173 1327 286 1379 cipue
311 1325 426 1366 modo
452 1327 653 1365 humanam
678 1340 763 1365 eam
795 1333 966 1372 constet,
1004 1327 1036 1364 si
1067 1339 1118 1365 ex
1147 1327 1311 1366 bumana
1343 1328 1504 1366 matrice

171 1384 420 1424 substantiam
446 1386 581 1431 traxit3
621 1397 845 1436 quamquam
878 1384 987 1422 licuit
1015 1384 1090 1422 iam
1115 1391 1156 1422 et
1180 1383 1228 1422 de
1254 1386 1408 1423 nomine
1434 1385 1505 1423 ho—

170 1442 282 1481 minis
306 1449 348 1480 et
378 1440 426 1480 de
451 1448 554 1480 statu
586 1442 780 1493 qualitatis
811 1448 852 1479 et
882 1440 930 1479 de
963 1453 1077 1479 sensu
1108 1443 1353 1480 tractationis
1383 1449 1424 1480 et
1456 1441 1503 1480 de

169 1500 277 1539 exitu
312 1500 502 1551 passionis
538 1499 740 1538 humanam
780 1499 1014 1537 constitisse.
1076 1497 1178 1537 Ante
1218 1500 1345 1538 omnia
1376 1506 1504 1538 autem

169 1556 475 1597 commendanda
499 1558 575 1596 erit
600 1558 714 1604 ratio,
742 1569 839 1609 quae
865 1556 1046 1608 praefuit,
1072 1563 1114 1594 ut
1138 1555 1201 1595 dei
1228 1557 1326 1595 filius
1353 1556 1400 1595 de
1428 1558 1504 1595 vir-

167 1615 259 1667 gine
283 1622 524 1654 nasceretur.
586 1614 698 1653 Nove
724 1615 831 1653 nasci
856 1613 1026 1659 debebat
1049 1626 1172 1652 novae
1199 1615 1410 1652 nativitatis
1436 1613 1504 1653 de-

168 1672 339 1719 dicator,
377 1672 427 1710 de
459 1685 533 1723 qua
562 1673 713 1722 signum
745 1670 903 1709 daturus
933 1669 1108 1708 dominus
1134 1671 1182 1709 ab
1208 1670 1324 1709 Esaia
1349 1669 1503 1723 praedi-

169 1729 343 1768 cabatur.
406 1727 516 1775 Quod
553 1735 613 1766 est
649 1727 750 1766 istud
786 1729 960 1778 signum?
1018 1726 1125 1765 Ecce
1161 1728 1273 1778 virgo
1306 1729 1504 1779 concipiet

168 1787 207 1824 in
235 1793 367 1831 utero,
393 1791 435 1824 et
458 1785 586 1836 pariet
609 1785 788 1831 filium.¹)
851 1783 1043 1835 Concepit
1074 1785 1192 1834 igitur
1221 1785 1332 1835 virgo
1365 1791 1405 1822 et
1433 1796 1502 1836 pe-

167 1844 271 1895 perit
294 1841 563 1888 Emanuelem,
596 1841 795 1880 nobiscum
821 1839 948 1879 deum.
1010 1840 1116 1879 Haec
1142 1848 1202 1880 est
1225 1842 1406 1880 nativitas
1431 1855 1503 1880 no-

166 1913 228 1947 va,
254 1899 342 1939 dum
367 1900 482 1938 homo
508 1899 681 1937 nascitur
705 1899 743 1936 in
770 1897 859 1937 deo.
920 1897 963 1936 ln
988 1911 1063 1950 quo
1089 1898 1243 1937 homine
1269 1898 1365 1938 deus
1389 1906 1501 1938 natus

167 1965 229 1997 est
253 1970 372 1997 carne
397 1957 544 2008 antiqui
569 1956 724 1995 seminis
748 1948 927 2007 suscepta
952 1957 1034 1995 sine
1066 1957 1211 1995 semine
1243 1958 1421 2008 antiquo,
1460 1964 1503 1995 ut

165 2016 270 2055 illam
302 2029 402 2054 novo
434 2015 599 2060 semine,
637 2012 678 2052 id
707 2020 768 2052 est
791 2013 1037 2066 spiritaliter,
1075 2014 1309 2053 reformaret
1332 2014 1501 2053 exclusis

166 2074 405 2125 antiquitatis
431 2070 609 2111 sordibus
633 2072 838 2123 expiatam.
900 2069 980 2110 Sed
1005 2077 1088 2110 tota
1112 2072 1262 2110 novitas
1286 2073 1374 2119 ista,
1400 2073 1502 2110 sicut

167 2137 208 2168 et
231 2131 271 2168 in
296 2130 484 2175 omnibus,
512 2128 560 2167 de
585 2130 710 2167 veteri
727 2129 900 2180 figurata
924 2135 985 2167 est
1008 2130 1190 2168 rationali
1215 2142 1286 2181 per
1308 2130 1500 2180 virginem

166 2186 420 2239 dispositione
462 2186 618 2225 domino
655 2193 853 2225 nascente.
925 2186 1049 2238 Virgo
1092 2193 1180 2225 erat
1214 2185 1340 2224 adhuc
1378 2193 1497 2231 terra,

166 2243 333 2284 nondum
360 2257 480 2296 opere
506 2256 748 2296 compressa,
779 2241 947 2282 nondum
971 2244 1135 2283 sementi
1159 2242 1337 2290 subacta3
1376 2255 1427 2281 ex
1450 2255 1499 2281 ea

165 2302 358 2340 hominem
385 2302 527 2340 factum
558 2302 779 2352 accepimus
802 2314 826 2339 a
851 2300 927 2339 deo
958 2301 997 2339 in
1028 2302 1190 2339 animam
1221 2301 1358 2338 vivam.
1419 2299 1499 2351 lgi-

164 2367 230 2398 tur
253 2361 285 2398 si
311 2360 453 2411 primus
477 2357 603 2397 Adam
634 2357 682 2396 de
715 2365 820 2397 terra
850 2357 1032 2405 traditur,
1069 2359 1208 2396 merito
1240 2369 1405 2408 sequens
1434 2357 1500 2395 vei

165 2417 393 2456 novissimus
418 2415 562 2463 Adam,
600 2422 643 2454 ut
665 2415 863 2467 apostolus
887 2414 1003 2462 dixit,
1029 2413 1193 2467 proinde
1220 2413 1268 2453 de
1295 2422 1419 2460 terra,
1457 2412 1499 2452 id

165 2482 227 2513 est
251 2487 368 2514 carne
394 2472 561 2513 nondum
586 2474 830 2525 generationi
855 2473 1073 2524 resignata,
1110 2473 1150 2511 in
1175 2472 1349 2524 spiritum
1372 2470 1496 2511 vivifi-

259 2601 297 2642 ι)
322 2603 387 2634 ιε..
402 2603 434 2642 τ,
451 2603 504 2634 14.

1147 2660 1173 2699 6
1182 2655 1205 2680 *
