1624 2826
379 199 508 232 ADV.
543 198 912 230 MARCIONEM
947 197 1126 228 LIBER
1153 198 1209 229 lV.
1355 194 1462 233 20⁵

138 290 409 343 colligabis-¹)
471 291 563 339 Quis
595 298 670 330 tam
701 298 902 344 praestans
933 292 971 329 in
1002 290 1199 337 homines„
1238 291 1310 328 nisi
1336 292 1399 341 qui
1425 298 1465 329 et

132 350 176 389 ,in
202 347 398 401 pecudeS?
435 348 580 397 Quodsi
606 357 647 388 et
671 349 845 387 Christus
872 348 1010 399 dignos
1034 349 1258 400 pronuntiat
1282 347 1463 386 mercede

138 407 364 458 operarios,
402 407 602 446 excusavit
639 414 888 459 praeceptum
927 405 1020 444 illud
1057 407 1247 444 creatoris
1283 404 1331 444 de
1363 407 1465 451 vasis

136 465 266 503 aureis
302 470 343 503 et
380 465 578 515 argenteis
617 463 1174 516 Aegyptiorumauferendis.
1248 463 1320 511 Qui
1363 459 1463 502 enim

135 521 248 560 villas
273 527 314 560 et
336 522 453 560 urbes
479 524 630 574 operati
656 523 810 560 fuerant
834 522 1054 574 Aegyptiis,
1082 520 1188 572 digni
1213 522 1344 573 utique
1370 534 1464 573 ope-

135 579 232 618 rarii
257 578 464 626 mercede,
491 593 567 618 non
594 579 642 618 ad
668 579 841 618 fraudem
868 586 954 618 sunt
978 580 1168 625 instructi,
1195 578 1263 617 sed
1289 578 1337 617 ad
1364 592 1464 617 mer-

136 635 244 676 cedis
269 638 639 689 compensafionem,
667 651 777 690 quam
804 638 899 675 alias
924 651 946 675 a
972 636 1277 675 dominatoribus
1302 638 1463 687 exigere

135 707 211 732 non
238 701 432 746 poterant.
494 694 667 746 Regnum
700 695 763 733 dei
790 707 915 745 neque
942 709 1077 732 novum
1105 707 1228 746 neque
1254 693 1462 732 inauditum

134 752 191 790 sic
217 765 368 804 quoque
402 752 665 796 confirmavit,
704 752 791 791 dum
824 751 915 789 illud
942 753 1049 790 iubet
1079 751 1296 789 adnuntiari
1323 764 1464 803 appro-

133 809 406 860 pinquasse.2)
447 808 580 856 ·Quod
606 810 707 848 enim
734 809 850 860 longe
875 810 993 847 fuerit
1017 807 1243 860 aliquando,
1270 807 1309 846 id
1335 816 1464 860 potest

135 864 214 904 dici
238 867 582 918 appropinquasse.
645 866 688 905 Si
713 874 840 905 autem
867 880 1066 918 nunquam·
1082 873 1188 904 retro
1215 867 1368 913 fuisset,
1395 880 1463 905 an-

133 928 286 975 tequam
311 925 677 976 appropinquasset,
704 938 777 963 nee
804 924 880 963 dici
906 926 1095 976 potuisset
1120 926 1462 976 appropinquasse,

134 980 236 1033 quod
274 993 467 1034 nunquam·
496 983 611 1033 longe
643 983 791 1021 fuisset.
853 982 973 1021 Omne
1000 981 1100 1034 quod
1127 995 1264 1020 novum
1290 989 1330 1021 et
1353 983 1463 1021 inco—

133 1039 279 1094 gnitum
305 1046 382 1086 est,
421 1040 584 1078 subitum
611 1047 682 1078 est.
722 1040 842 1081 Omn‘e
869 1040 971 1092 quod
996 1040 1160 1079 subitum
1186 1047 1258 1086 est,
1285 1053 1368 1078 cum
1394 1039 1464 1078 ad-

132 1097 353 1144 nuntiatur,
392 1104 482 1136 tunc
519 1099 678 1150 primum
717 1099 887 1150 speciem
925 1097 1136 1145 inducens,
1174 1105 1265 1136 tunc
1302 1099 1462 1150 primum

132 1155 278 1206 accipit
301 1162 462 1206 tempus.
525 1154 706 1194 Ceterum
731 1169 804 1194 nec
829 1163 936 1194 retro
962 1155 1136 1194 tardasse
1162 1156 1318 1207 poterit,
1352 1168 1462 1206 quam

133 1209 198 1249 diu
234 1225 311 1249 non
347 1211 667 1259 adnuntiabatur,
705 1226 777 1251 nec
816 1226 866 1251 ex
907 1226 981 1264 quo
1018 1212 1235 1251 adnuntiari
1274 1214 1461 1263 coeperit,

131 1270 473 1321 appropinquasse.
534 1269 658 1308 Etiam
686 1269 840 1316 adiicit,
878 1277 919 1308 ut
943 1271 1019 1316 eis,
1047 1271 1118 1322 qui'
1135 1270 1223 1308 ilios
1249 1283 1324 1307 non
1350 1283 1463 1309 rece-

131 1327 291 1377 pissent,
305 1326 500 1366 dicerent:
526 1330 668 1366 scitote
682 1335 808 1366 tamen
823 1329 1148 1379 appropinquasse
1162 1340 1323 1378 regnum
1337 1325 1461 1375 dei.³)

133 1381 177 1421 Si
212 1384 288 1423 hoc
325 1398 402 1422 non
438 1392 478 1423 et
515 1386 821 1423 comminationis
863 1387 990 1436 gratia
1026 1384 1206 1436 mandat,
1255 1385 1461 1423 vanissime

131 1441 299 1480 mandat.
361 1441 459 1490 Quid
497 1443 597 1480 enim
634 1441 683 1480 ad
721 1442 831 1488 ilios,
870 1443 902 1480 si
934 1443 1262 1495 appropinquaret
1286 1454 1459 1494 regnum,

130 1498 205 1537 nisi
229 1499 319 1551 quia
342 1513 425 1538 cum
452 1498 597 1538 iudicio
622 1501 930 1552 appropinquat?
954 1502 993 1538 in
1023 1501 1184 1539 salutem
1216 1500 1368 1539 scilicet
1392 1514 1461 1539 eo-

130 1568 237 1604 rum,
277 1557 340 1608 qui
365 1556 693 1611 adnuntiationem
719 1560 802 1596 eius
833 1557 1086 1610 recepissent.
1111 1580 1117 1585 ’
1150 1557 1382 1606 Quomodo?
1429 1560 1461 1597 si

131 1615 376 1660 comminatio
402 1628 479 1653 non
503 1622 634 1667 potest
657 1616 740 1654 sine
766 1617 1037 1663 exsecutione,
1064 1615 1184 1661 hahes
1209 1614 1321 1654 deum
1347 1628 1461 1655 exse-

130 1678 304 1711 cutorem
340 1673 379 1710 in
416 1673 692 1712 comminatore
730 1680 771 1712 et
807 1673 972 1713 iudicem
1012 1675 1052 1712 in
1088 1681 1265 1726 utroque.
1329 1672 1396 1712 Sic
1422 1682 1462 1712 et

129 1729 326 1780 pulverem
351 1730 460 1768 iubet
483 1732 613 1768 excuti
638 1732 677 1769 in
702 1731 810 1777 illos,
835 1732 875 1769 in
900 1731 1234 1777 testificationem,
1260 1738 1300 1770 et
1324 1731 1461 1772 haeret

130 1786 291 1834 etiam4)
317 1793 447 1825 terrae
473 1799 619 1833 eorum,
645 1787 784 1826 nedum
810 1789 1167 1826 communicationis
1192 1789 1378 1840 retiquae.
1417 1787 1460 1826 Si

129 1843 231 1881 enim
267 1842 521 1881 inhumanitas
558 1851 598 1883 et
633 1845 914 1896 inhospitalitas
945 1845 1085 1883 nuliam
1110 1845 1158 1884 ab
1183 1858 1240 1897 ,eo
1263 1843 1460 1890 relaturae

129 1906 218 1939 sunt
240 1900 440 1947 ultionem,
480 1902 542 1939 cui
566 1902 625 1940 rei
649 1902 862 1953 praemittit
886 1902 1212 1949 testificationem,
1236 1903 1362 1954 ,minas
1384 1904 1460 1942 uti-

129 1969 203 2010 que
227 1958 550 2010 portendentem?
573 1958 698 1998 Porro
725 1973 811 1998 cum
836 1961 950 1998 etiam
978 1967 1137 1999 creator
1159 1961 1197 1998 in
1213 1955 1460 2000 Deuterono÷

127 2016 204 2054 mio
229 2015 468 2055 Ammonitas
504 2023 544 2055 et
567 2016 759 2056 Moabitas
783 2017 988 2069 probibeat
1023 2019 1147 2070 recipi
1171 2019 1210 2056 in
1237 2019 1457 2070 ecclesiam,

127 2071 231 2126 quod
255 2074 436 2125 populum
460 2073 644 2126 Aegypto
670 2075 886 2127 profectum
900 2075 1104 2115 inhumane
1118 2076 1460 2128 etinhospitaliter

128 2131 254 2182 copiis
278 2130 636 2182 defraudassent35)
662 2145 757 2183 ergo
784 2132 823 2170 in
838 2132 1042 2172 Christum·
1057 2132 1147 2172 inde
1167 2145 1343 2173 manasse
1364 2148 1458 2172 con-

128 2187 246 2226 stabit
270 2190 625 2229 communicationis
650 2189 924 2237 interdictumf
940 2191 1006 2229 ubi
1031 2191 1149 2230 habet
1172 2191 1354 2233 formam:
1393 2193 1458 2243 qui

126 2256 198 2283 vos
222 2246 386 2296 spernit,
412 2260 472 2286 mc
498 2248 657 2300 spernit.
677 2248 717 2297 6)
778 2247 862 2287 Hoc
887 2255 928 2287 et
956 2248 1085 2301 Moysi
1111 2255 1287 2288 creator:
1314 2261 1391 2286 non
1416 2255 1456 2286 te

221 2416 258 2458 1)
285 2419 385 2450 Dent.
402 2420 454 2459 25,
468 2421 501 2449 4.
606 2421 643 2459 2)
677 2422 760 2453 Luc.
776 2423 831 2461 10,
847 2424 878 2452 9.
986 2423 1022 2461 3)
1038 2422 1117 2453 ibid.
1133 2431 1164 2453 v.
1178 2423 1233 2452 11.
1340 2421 1377 2458 4)
1406 2423 1457 2453 tta

128 2464 235 2496 Rhen.
270 2465 321 2495 ed.
358 2467 382 2496 1.
415 2466 497 2497 Cod.
535 2466 690 2506 Rigattii:
728 2469 769 2497 in
806 2467 945 2498 testis.
973 2469 1028 2506 ei,
1067 2469 1189 2499 heret
1216 2467 1342 2498 etiam
1377 2472 1454 2498 etc.

126 2510 221 2541 Haec
246 2520 300 2543 vv.
326 2514 490 2551 corrupta
515 2512 564 2542 sie
590 2513 827 2550 emendarunt,
846 2514 1086 2544 utscriberent
1106 2514 1183 2545 alii:
1210 2518 1249 2544 et
1272 2514 1454 2545 haeren-

126 2556 248 2594 tiam,
275 2557 353 2589 atii:
379 2561 417 2588 et
443 2558 787 2597 adhaerentiam,
817 2559 894 2589 atii:
916 2563 955 2589 et
976 2560 1024 2589 ad
1045 2560 1326 2590 horrentiam.
1370 2561 1454 2591 Bar-

126 2603 231 2633 barae
255 2612 341 2635 nune
366 2605 636 2636 emendationes.
735 2606 768 2645 5)
789 2606 889 2636 Deut.
906 2606 960 2642 23,
982 2607 1012 2636 3.
1107 2605 1146 2648 6)
1161 2607 1245 2638 Luc.
1260 2608 1313 2647 10,
1331 2607 1385 2636 16.
