1624 2826
195 217 297 254 220
478 216 604 247 ADV.
641 215 1006 246 MARCIONEM
1042 215 1217 246 LIBER
1251 215 1292 246 V.

193 316 314 356 esset,
353 309 475 347 latere
509 321 584 346 non
622 313 771 359 posset,
810 305 948 347 nedum
987 307 1114 359 aliqua
1151 307 1232 345 eius
1269 313 1524 345 sacramenta.

195 367 361 406 Creator
392 372 517 404 autem
551 372 625 402 tam
658 365 739 416 ipse
774 371 903 411 notus,
942 378 1051 416 quam
1085 371 1124 402 et
1155 369 1396 402 sacramenta
1428 363 1524 410 eius,

193 425 318 478 palam
345 423 497 462 scilicet
521 421 766 460 decurrentia
792 421 889 473 apud
920 421 1057 469 lsrael,
1091 421 1158 460 sed
1186 420 1232 460 de
1259 420 1526 472 significantiis

196 481 441 526 obumbrata,
480 481 518 518 in
546 480 678 531 quibus
704 480 891 531 sapientia
919 478 980 518 dei
1007 478 1282 524 delitescebat,
1309 479 1412 516 inter
1435 490 1526 530 per-

195 540 321 578 sectos
346 536 538 576 narranda
563 551 631 575 suo
664 538 702 575 in
728 544 920 588 tempore,
960 538 1158 589 proposita
1188 549 1282 575 vero
1315 536 1351 574 in
1384 547 1528 588 propo.—

197 597 270 635 sito
297 594 360 634 dei
385 602 473 633 ante
501 595 689 642 secula.¹)
753 594 868 633 Cuius
894 601 934 633 et
959 595 1109 641 secula,
1137 594 1208 632 nisi
1236 593 1450 632 creatoris?
1487 590 1529 631 Si

198 655 299 693 enim
325 659 365 691 et
389 653 519 691 secula
545 651 780 703 temporibus
806 659 952 691 structa
978 660 1076 698 sunt,
1103 659 1279 703 tempora
1293 657 1419 689 autem
1445 648 1530 688 die—

198 711 268 750 bus
293 717 334 749 et
358 710 548 748 mensibus
575 717 613 747 et
639 710 746 747 annis
773 711 1079 761 compinguntur,
1107 708 1190 747 dies
1214 722 1332 760 porro
1359 714 1400 747 et
1425 719 1531 746 men—

200 781 262 807 ses
287 774 328 806 et
352 768 440 805 anni
467 767 610 804 solibus
636 774 676 804 et
701 767 797 804 lunis
829 774 868 805 et
898 766 1088 805 sideribus
1115 767 1306 804 creatoris
1331 766 1532 816 signantur

199 826 239 863 in
265 825 338 863 boc
370 824 416 862 ab
444 837 491 861 eo
517 824 664 874 positis,
705 826 762 871 (et
788 830 899 862 erunt
925 825 1038 870 enim,
1065 824 1199 874 inquit,
1226 823 1263 860 in
1290 823 1398 874 signa
1426 834 1530 860 men-

201 883 296 920 sium
323 888 362 920 et
388 884 602 929 annorum,)
624 882 660 928 2)
695 887 855 931 apparet
887 887 925 918 et
963 881 1093 919 secula
1126 880 1316 918 creatoris
1348 891 1453 925 esse,
1493 884 1532 916 et

203 951 333 986 omne,
372 937 471 989 quod
511 945 599 975 ante
631 938 762 975 secula
793 938 1029 990 propositum
1063 936 1231 983 dicatur,
1271 949 1345 974 non
1372 935 1532 974 alterius

202 1009 313 1042 esse,
353 1009 462 1046 quam
501 995 607 1033 cuius
644 1002 683 1033 et
718 995 862 1033 secula.
922 993 1000 1033 Aut
1038 994 1176 1046 probet
1212 993 1273 1031 dei
1313 994 1368 1031 sui
1401 992 1531 1031 secula

201 1053 400 1100 Marci0n3
437 1051 616 1090 ostendat
647 1058 686 1090 et
711 1052 886 1090 mundum
919 1053 1058 1103 ipsum,
1091 1053 1127 1089 in
1156 1064 1228 1102 quo
1255 1050 1388 1089 secula
1413 1049 1534 1102 depu-

203 1117 351 1156 tentur,
394 1122 461 1147 vas
500 1108 778 1160 quodammodo
817 1116 1047 1160 temporum,
1087 1115 1126 1147 et
1162 1109 1272 1159 signa
1307 1107 1436 1160 aliqua
1470 1106 1534 1146 vel

206 1174 328 1206 ortum
357 1167 545 1215 eorum.³)
596 1165 636 1204 Si
665 1166 756 1204 nihil
783 1165 1038 1213 demonstrat,
1076 1173 1272 1212 revertor,
1304 1171 1346 1203 ut
1370 1171 1410 1203 et
1440 1163 1534 1203 illud

206 1223 349 1262 dicam:
390 1237 459 1261 cur
489 1231 613 1261 autem
647 1231 735 1262 ante
767 1224 897 1262 secula
931 1223 1120 1262 creatoris
1145 1223 1346 1275 proposuit
1370 1222 1533 1274 gloriam

206 1283 401 1319 nostram?
443 1280 580 1319 Posset
604 1280 726 1319 videri
754 1294 837 1319 eam
863 1287 951 1320 ante
978 1281 1108 1320 secula
1135 1280 1396 1332 proposuisse,
1423 1290 1533 1332 quam

207 1338 494 1377 introductione
533 1339 653 1377 seculi
691 1339 916 1378 revelasset.
977 1338 1030 1379 At
1068 1351 1152 1377 cum
1196 1337 1234 1376 id
1278 1338 1375 1377 facit
1411 1349 1534 1390 paene

208 1397 282 1434 iam
309 1397 398 1441 totis
431 1396 571 1434 seculis
598 1397 785 1435 creatoris
811 1392 1021 1448 prodactis,
1047 1408 1145 1434 vane
1172 1402 1262 1434 ante
1289 1394 1420 1442 secula
1444 1407 1538 1447 pro-

208 1453 359 1505 posuit,
404 1459 443 1490 et
468 1466 542 1490 non
570 1454 689 1504 magis
721 1454 821 1491 intra
853 1453 1008 1499 secula,
1049 1452 1148 1504 quod
1181 1454 1421 1504 revelaturus
1451 1459 1538 1492 erat

210 1522 333 1562 paene
369 1516 457 1561 post
488 1510 632 1548 secula.
690 1510 778 1547 Non
811 1512 910 1548 enim
941 1511 1022 1548 cius
1054 1517 1113 1548 est.
1138 1511 1340 1549 festinasse
1378 1512 1416 1550 in
1445 1523 1538 1562 pro-

209 1566 403 1619 ponendo,
438 1568 544 1604 cuius
569 1574 610 1605 et
634 1567 851 1606 retardasse
878 1568 915 1605 in
942 1565 1164 1606 revelando.
1204 1567 1384 1606 Creatori
1410 1574 1538 1606 autem

212 1625 399 1676 competit
435 1631 634 1675 utrumque
673 1632 712 1664 et
750 1632 838 1663 ante
875 1625 1005 1664 secula
1039 1625 1286 1676 proposuisse
1324 1631 1365 1662 et
1393 1625 1432 1662 in
1464 1625 1538 1662 fine

210 1682 427 1720 seculorum
459 1682 672 1729 revelasse,
712 1683 798 1734 quia
829 1690 869 1720 et
899 1681 998 1734 quod
1037 1682 1238 1734 proposuit
1268 1687 1309 1720 et
1337 1681 1538 1727 revelavit,

210 1737 338 1777 medio
365 1739 488 1790 spatio
521 1739 736 1777 seculorum
763 1741 799 1777 in
833 1740 965 1790 figuris
991 1746 1029 1778 et
1065 1738 1344 1789 aenigmatibus
1375 1746 1415 1777 et
1445 1738 1540 1777 alle-

212 1796 332 1846 goriis
363 1796 697 1846 praeministravit.
761 1795 837 1835 Sed
872 1798 958 1848 quia
990 1796 1144 1834 subiicit
1170 1795 1218 1834 de
1245 1796 1369 1846 gloria
1395 1802 1540 1842 nostra,

214 1852 315 1904 quod
341 1865 423 1890 cam
450 1866 561 1891 nemo
596 1867 644 1891 ex
670 1854 905 1906 principibus
938 1854 1047 1892 buius
1078 1854 1164 1892 aevi
1190 1854 1342 1900 scierit,
1369 1859 1540 1892 ceterum

215 1911 246 1948 si
272 1911 454 1957 scissent,
482 1924 669 1962 nunquam
697 1910 889 1950 dominum
916 1912 1066 1962 gloriae
1093 1911 1394 1957 crucifixissent3
1411 1911 1453 1963 ⁴)
1478 1923 1542 1948 ar-

216 1974 459 2017 gumentatur
483 1968 715 2014 haereticus,
743 1968 843 2020 quod
870 1970 1064 2021 principes
1090 1969 1199 2008 huius
1224 1969 1308 2006 aevi
1335 1967 1541 2014 dominum,

217 2024 374 2061 alterius
400 2025 549 2062 scilicet
575 2022 637 2063 dei
665 2026 873 2073 Christum,
914 2027 1019 2065 cruci
1046 2026 1294 2072 confixerint,
1332 2032 1374 2063 ut
1403 2032 1444 2063 et
1467 2025 1542 2063 hoe

217 2082 256 2119 in
282 2081 401 2132 ipsum
428 2080 579 2132 redigat
598 2084 633 2131 ⁵)
661 2090 890 2121 creatorem.
952 2083 1080 2132 Porro,
1101 2084 1162 2122 cui
1187 2095 1301 2134 supra
1326 2081 1543 2121 ostenderi-

219 2151 318 2184 mus,
358 2137 491 2188 quihus
522 2138 643 2177 modis
675 2140 799 2191 gloria
825 2148 957 2179 nostra
976 2155 1003 2179 a
1031 2148 1210 2180 creatore
1237 2141 1286 2178 sit
1310 2137 1542 2191 deputanda,

219 2193 522 2247 praeiudicatum
561 2209 646 2237 esse
685 2196 864 2244 debebit,
909 2211 1011 2246 eam,
1050 2211 1145 2250 quae
1183 2199 1220 2236 in
1248 2197 1402 2235 occulto
1427 2197 1545 2236 fuerit

182 2274 186 2277 Δ
220 2251 319 2304 apud
347 2260 581 2300 creatorem,
620 2255 756 2292 merito
788 2256 956 2306 ignotam
983 2257 1096 2295 etiam
1123 2255 1171 2294 ab
1198 2254 1370 2294 omnibus
1394 2254 1544 2293 virtuti-

219 2310 293 2348 bus
315 2316 355 2348 et
385 2311 639 2361 potestatibus
671 2314 876 2359 creatoris,
917 2315 1002 2364 quia
1029 2326 1101 2352 nec
1132 2312 1282 2351 famulis
1308 2312 1427 2352 liceat
1452 2324 1545 2351 con-

222 2368 305 2406 silia
331 2380 444 2407 nosse
472 2368 723 2415 dominorum,
750 2369 885 2408 nedum
913 2371 988 2408 illis
1013 2371 1198 2423 apostatis
1223 2369 1372 2421 angelis
1396 2369 1543 2420 ipsique

222 2422 385 2476 principi
423 2427 765 2477 transgressioniS,
810 2427 990 2476 diabolo,
1042 2442 1136 2480 quos
1173 2428 1295 2478 magis
1333 2431 1545 2471 extt'aneos

317 2516 353 2559 1)
380 2520 398 2547 1
415 2520 490 2548 Cor.
518 2520 548 2560 2,
576 2521 606 2548 7.
701 2518 737 2562 2)
765 2521 847 2550 Gen.
877 2519 906 2560 1,
931 2522 985 2552 14.
1081 2518 1118 2562 3)
1144 2519 1208 2549 Ed.
1233 2520 1257 2550 Ι.
1283 2517 1350 2549 vel
1372 2518 1544 2548 ortone-

225 2570 356 2600 orum;
383 2564 439 2594 sed
467 2564 531 2594 iani
551 2565 656 2597 Rhen.
674 2566 763 2596 coni.
792 2567 857 2598 vel
884 2569 1020 2597 ortum
1048 2575 1204 2597 eorum.
1275 2563 1314 2604 4)
1339 2563 1544 2604 1COT·2>8·

227 2605 262 2649 5)
290 2608 414 2640 Pamel.
429 2611 459 2638 et
475 2610 547 2650 Rig.
569 2611 745 2641 recidat.
