1604 2800
165 156 276 230 2204
616 187 1051 221 anv.1unAEos.
1352 185 1366 201 ·

165 281 389 324 Alexander
412 279 596 328 Macedo,
634 294 823 333 nunquam
852 278 982 320 Asiam
1021 280 1236 318 universam
1268 285 1308 319 et
1337 285 1490 319 ceteras

167 343 367 392 regiones,
399 345 646 390 posteaquam
673 336 883 386 devicerat,
912 338 1052 385 tenuit3
1086 337 1119 375 si
1147 335 1339 383 Germani,
1365 335 1490 376 adhuc

167 410 287 449 usquc
315 397 452 435 limites
478 409 566 433 suos
590 394 809 446 transgredi
839 409 915 433 non
948 396 1132 433 sinuntur.
1193 393 1368 433 Britanni
1392 395 1494 433 intra

170 455 307 494 oceani
333 455 389 492 sui
415 453 593 491 ambitum
621 452 789 502 clansi1)
815 459 912 499 sunt,
944 452 1163 491 Maurarum
1191 458 1327 519 gentes
1352 457 1392 490 et
1418 449 1495 491 Ge-

169 513 334 550 tulorum
371 510 568 548 barbaries
600 523 622 548 a
647 509 828 548 Romanis
866 508 1107 555 obsidentur,
1151 521 1199 547 ne
1236 509 1437 560 regionum
1455 498 1498 557 2)‘

171 582 321 607 suarum
347 567 442 606 fines
467 566 672 605 excedant.
716 565 813 614 Quid
839 565 918 605 de
909 567 998 618 ipsis
1012 566 1192 604 Romanis
1205 564 1245 618 ³)
1270 565 1407 613 dicam,
1435 564 1499 616 qui

172 626 219 664 de
241 627 433 676 legionum
455 637 605 662 suarum
631 623 834 675 praesidiis
859 624 1057 676 imperium
1083 635 1189 661 suum
1215 624 1399 669 muniunt,
1425 633 1499 660 nec

172 690 277 721 trans
303 683 395 720 istas
421 687 556 731 gentes
582 682 784 732 porrigere
810 681 912 719 vires
937 681 1048 731 regni
1068 681 1125 718 sui
1144 682 1328 732 possunt?
1357 679 1502 718 Christi

173 747 300 778 autem
327 751 484 789 regnum
506 744 546 776 et
571 750 708 775 nomen
734 737 873 788 ubique
899 738 1123 788 porrigitur,
1150 737 1290 789 ubique
1317 734 1501 783 creditur,

175 797 222 834 ab
238 796 410 834 omnibus
430 795 607 845 gentibus
627 807 741 844 supra
761 796 994 832 enumeratis
1014 795 1166 842 colitur,
1192 794 1331 846 ubique
1350 799 1502 845 regnat,

175 853 315 902 ubique
342 850 543 897 adoratur,
583 851 756 887 omnibus
788 851 927 901 ubique
954 851 1134 889 tribuitur
1158 852 1390 902 aequalitem
1428 862 1506 888 non

177 909 282 959 regis
303 906 402 959 apud
423 907 526 944 illum
546 907 669 943 maior
688 908 825 956 gratia,
846 919 921 943 non
942 907 1096 945 barbari
1117 908 1277 945 alicuius
1295 906 1504 954 inferior⁴)

179 965 345 1011 laetitia,
384 977 459 1001 non
499 962 723 1013 dignitatum
761 969 825 1000 aut
863 963 1043 1010 natalium
1081 964 1299 1015 cuiusquam
1338 962 1505 1003 discreta

179 1022 340 1068 merita3
387 1019 558 1058 omnibus
595 1019 789 1070 aequalis,
829 1019 1002 1057 omnibus
1038 1032 1132 1065 rex,
1171 1019 1344 1057 omnibus
1379 1018 1508 1065 iudex,

182 1077 355 1116 omnibus
381 1075 474 1114 deus
499 1083 539 1114 et
564 1074 736 1113 dominus
762 1082 832 1113 est.
893 1074 980 1114 Nec
1012 1074 1163 1114 dubites
1195 1074 1376 1124 credere,
1409 1073 1511 1128 quod

182 1134 465 1179 adseveramus,
482 1133 518 1181 ⁵)
548 1145 631 1171 cum
656 1131 852 1171 videamus
878 1132 975 1171 fieri.

299 1195 337 1232 8.
400 1190 531 1241 Itaque
562 1189 794 1241 requirenda
831 1197 1007 1242 tempora
1036 1189 1260 1242 praedictae
1291 1191 1332 1229 el:
1361 1190 1512 1230 futurae

184 1249 393 1288 nativitatis
420 1247 562 1285 Christi
599 1253 639 1285 et
674 1248 862 1298 passionis
899 1248 981 1286 eius
1019 1255 1059 1287 et
1094 1248 1312 1288 exterminii
1349 1248 1515 1287 civitatis

186 1305 438 1351 Hierusalem,
466 1303 503 1342 id
529 1311 589 1342 est
611 1305 836 1342 vastationis
862 1305 956 1343 eius.

245 1422 301 1447 DE
328 1421 544 1446 PAsslome:
570 1421 748 1446 CHRISTI
774 1422 827 1447 ΕΤ
850 1421 1131 1447 VASTANoNE
1155 1397 1459 1453 nffnRUSAnssu.

305 1475 410 1513 Dicit
445 1477 545 1513 enim
570 1475 726 1522 Daniel,
766 1483 806 1514 et
843 1478 1036 1515 civitatem
1074 1483 1245 1516 sanctam
1277 1484 1317 1516 et
1347 1483 1519 1516 sanetum

193 1532 442 1570 exterminari
463 1544 546 1568 cum
573 1530 670 1570 duce
696 1540 870 1578 venturo,
898 1540 938 1571 et
963 1532 1108 1571 destrui
1134 1534 1375 1585 pinnaculum
1401 1545 1520 1586 usque

194 1585 242 1627 ad
268 1588 475 1625 interitum.
490 1587 528 1636 6)
588 1587 750 1626 Venturi
782 1589 909 1639 itaque
937 1588 1079 1627 Christi
1104 1588 1211 1628 ducis
1237 1596 1323 1628 sunt
1346 1598 1522 1642 tempora

194 1643 438 1695 requirenda,
470 1657 567 1695 quae
593 1645 904 1696 investigabimus
929 1647 967 1683 in
993 1645 1173 1693 Daniele,
1206 1646 1340 1697 quihus
1365 1658 1522 1698 compu-

194 1702 286 1739 tatis
310 1700 566 1752 probabimuS,
604 1702 754 1740 venisse
792 1715 877 1740 eum
915 1702 1029 1740 etiam
1061 1715 1110 1740 ex
1140 1703 1374 1754 temporibus
1409 1714 1524 1755 prae-

196 1759 350 1809 scriptis
376 1764 416 1796 et
441 1769 491 1795 ex
515 1758 633 1808 signis
660 1758 965 1810 competentibus
985 1765 1093 1797 etex
1113 1759 1402 1811 operationibus
1418 1758 1522 1811 seius.

199 1815 304 1863 Quae
329 1814 534 1866 probamus
553 1828 603 1853 ex
623 1815 957 1866 consequentibus,
986 1828 1081 1867 quae
1107 1823 1194 1868 post
1219 1815 1421 1855 adventum
1443 1816 1525 1855 eius

197 1873 324 1910 futura
362 1870 702 1919 adnuntiabantur,
740 1879 782 1910 ut
811 1879 886 1910 tam
918 1871 1124 1924 adimpleta
1151 1874 1275 1911 omnia
1302 1885 1410 1925 quam
1435 1885 1527 1925 pro-

200 1935 334 1981 specta
371 1927 633 1978 credamus.⁷)
709 1927 775 1968 Sic
811 1930 930 1980 igitur
959 1928 1007 1968 de
1033 1943 1082 1967 eo
1107 1929 1243 1968 Daniel
1276 1929 1527 1982 praedicavit,

198 1993 258 2032 ut,
291 1993 331 2024 ct
361 1984 511 2037 quando
543 1993 583 2025 et
608 2000 681 2039 quo
707 1987 745 2024 in
771 1993 945 2038 tempore
976 1993 1112 2037 gentes
1143 1987 1526 2033 essetliberaturus,

202 2042 445 2089 ostenderet,
484 2050 524 2081 et
560 2044 737 2095 quoniam
769 2050 857 2094 post
886 2044 1102 2095 passionem
1129 2043 1270 2084 Christi
1295 2045 1369 2082 ista
1394 2044 1529 2083 civitas

203 2099 449 2138 exterminari
485 2099 662 2139 haberet.
737 2099 843 2139 Dicit
873 2101 973 2139 enim
1004 2101 1079 2139 sic:
1118 2099 1308 2153 Inprimo
1333 2113 1434 2138 anno
1459 2096 1528 2139 sub

204 2156 335 2204 Dario,
363 2156 441 2195 filio
456 2155 627 2205 Assveri,
655 2170 704 2196 ex
722 2158 867 2196 semine
884 2156 1099 2205 Medorum,
1127 2158 1190 2210 qui
1215 2157 1392 2208 regnavit
1415 2169 1531 2210 super

299 2304 337 2348 1)
363 2306 419 2339 sic
442 2306 646 2345 cod.Fuld.;
666 2306 773 2338 Rhen.
798 2306 1049 2338 Britanniae
1074 2306 1096 2337 i.
1120 2315 1152 2338 o.
1177 2308 1275 2338 amb.
1301 2305 1532 2337 conclu-ae

208 2354 318 2381 sunt.
413 2353 450 2391 2)
476 2353 583 2382 Rlien.
604 2352 638 2382 in
659 2352 710 2382 ed.
732 2354 756 2384 1.
780 2352 1350 2391 barbariae—religionum,
1376 2360 1465 2390 quae
1478 2353 1532 2382 vv.

209 2396 330 2426 deinde
356 2396 429 2435 ipse
451 2398 487 2428 in
512 2397 734 2429 harbaries
760 2400 795 2429 et
819 2399 1040 2438 regionum
1065 2399 1220 2430 mutavit.
1316 2395 1351 2437 3)
1374 2397 1431 2428 Sic
1456 2395 1531 2428 eod.

210 2440 307 2471 Fuld.
323 2442 453 2473 Ceteri:
479 2444 524 2473 de
548 2445 655 2474 Rom.
725 2444 763 2481 4)
789 2444 845 2475 Sic
866 2444 943 2475 eod.
960 2444 1058 2474 Fuld.
1078 2447 1111 2474 et
1130 2444 1222 2484 Rig.;
1247 2442 1371 2474 ceteri:
1386 2442 1531 2480 „impe-

210 2485 328 2515 riosi.
409 2485 444 2530 5)
467 2490 518 2519 Ita
540 2490 615 2521 cod.
635 2489 733 2520 Fuld.
755 2491 789 2519 et
808 2490 900 2529 Rig.;
929 2490 1051 2521 ceteri:
1077 2490 1304 2520 adseveras
1328 2487 1384 2519 vel
1406 2487 1531 2518 adne-

212 2539 344 2562 veres.
439 2533 475 2572 6)
501 2534 586 2564 Dan.
613 2537 645 2576 9,
667 2535 720 2565 26.
817 2536 854 2574 7)
881 2536 961 2567 Cod.
986 2535 1102 2567 Fuld.:
1128 2537 1171 2566 ut
1196 2535 1276 2567 iam
1301 2531 1532 2580 ᾳᾱίῐῐῑΡῙθῑὸ

213 2584 354 2607 omnes
379 2582 606 2620 praecepta
631 2580 862 2612 credamus.
