1604 2800
155 205 255 245 222
666 205 740 236 DE
772 204 974 238 ΑΝιΜΑ.

156 301 332 339 nativitas
363 298 483 336 ferme
516 296 654 335 decimi
686 297 824 335 mensis
855 297 1049 347 ingressus
1074 303 1145 334 est.
1207 295 1279 345 Qui
1303 310 1482 338 numeros

155 357 447 401 ratiocinantur,
473 361 513 393 et
538 353 771 393 decurialem
798 366 991 392 numerum
1016 360 1058 392 ut
1083 351 1222 393 exinde
1248 354 1480 406 reliquorum

153 420 352 466 parentem
379 412 528 459 colunt,
561 410 724 463 denique
756 411 1015 463 perfectorem
1046 411 1255 450 nativitatis
1279 411 1479 452 humanae.

150 471 239 522 'Ego
266 469 314 509 ad
339 469 451 509 deum
483 470 610 521 potius
640 469 938 521 argumentabor
968 469 1069 507 hunc
1100 467 1250 507 modum
1282 471 1480 522 temporis,

152 535 194 566 ut
218 526 353 567 decem
385 540 534 566 menses
566 526 756 578 decalogo
789 527 909 578 magis
941 528 1170 578 inaugurent
1200 525 1409 575 hominem,
1441 534 1483 567 ut

152 593 259 624 tanto
286 586 469 637 temporis
495 598 653 624 numero
674 597 886 632 nascamur,
914 591 1054 636 quanto
1075 583 1301 636 disciplinae
1322 597 1480 624 numero

151 643 403 682 renascimur.
443 641 521 681 Sed
548 650 588 682 et
613 656 697 681 cum
724 643 886 695 septimo
912 655 1041 681 mense
1067 642 1245 680 nativitas
1270 642 1382 695 plena
1409 649 1480 690 est,

150 701 303 740 facilius
335 714 444 752 quam
478 707 636 747 octavo,
674 700 859 739 honorem
892 699 1041 738 sabbati
1072 712 1298 751 agnoscam,
1335 706 1377 738 ut
1407 712 1481 752 quo

151 757 216 797 die
243 756 423 797 dedicata
455 756 519 796 dei
551 757 742 805 conditio,
782 771 829 797 eo
861 770 991 796 mense
1024 756 1213 796 interdum
1246 755 1483 810 producatur

151 814 216 853 dei
241 816 382 865 imago.
443 814 677 854 Concessum
711 823 769 854 est
799 828 1011 867 properare
1044 815 1252 862 nativitati,
1286 821 1326 856 et
1355 821 1483 854 tamen

152 869 293 910 idonee
320 884 529 910 occurrere
549 873 586 909 in
606 871 897 918 hebdomadem,
924 873 962 909 in
988 874 1160 923 auspicia
1183 872 1482 911 resurrectionis

153 935 194 966 ct
217 929 402 980 requietis
428 934 468 966 et
492 929 615 978 regni.
690 926 782 966 Ideo
822 927 969 978 ogdoas
1006 942 1076 966 nos
1113 942 1188 966 non
1227 935 1354 976 creat3
1390 936 1481 968 tuuc

122 1008 125 1015 ν
154 986 254 1024 enim
279 986 432 1037 nuptiae
460 999 534 1023 non
562 986 737 1034 erunt.¹)
777 983 1013 1023 Societatem
1041 986 1168 1023 carnis
1193 992 1306 1036 atque
1333 986 1481 1024 animae

153 1041 368 1081 iamdudum
395 1041 740 1080 commendavimus
766 1055 787 1079 a
815 1042 1065 1080 concretione
1098 1042 1282 1079 seminum
1313 1042 1480 1093 ipsorum

153 1112 270 1151 usque
296 1098 345 1137 ad
378 1099 548 1150 figmenti
579 1100 878 1150 perfectionem3
916 1097 1078 1150 proinde
1110 1110 1208 1136 nune
1234 1103 1275 1136 et
1298 1111 1320 1136 a
1346 1099 1483 1138 nativi-

151 1163 231 1195 tate
258 1155 511 1202 defendimus,
546 1157 717 1208 inprimis
744 1154 844 1207 quod
870 1156 979 1194 simul
1007 1162 1204 1202 crescunt,
1235 1153 1304 1194 sed
1330 1153 1482 1196 diversa

152 1214 302 1252 ratione
317 1227 387 1266 pro
402 1226 584 1264 generum
601 1212 838 1260 conditione,
867 1226 958 1252 caro
979 1212 1146 1260 modulo,
1173 1213 1297 1251 anima
1310 1213 1480 1264 ingenio,

153 1285 244 1310 caro
270 1271 414 1317 habitu,
442 1272 566 1309 anima
592 1284 717 1310 sensu.
765 1268 944 1309 Ceterum
971 1272 1132 1309 animam
1158 1269 1369 1309 substantia
1395 1283 1481 1310 cre-

151 1341 263 1367 scere
290 1327 504 1379 negandum
532 1335 602 1375 est,
629 1341 676 1367 ne
698 1329 811 1367 etiam
834 1327 1065 1367 decrescere
1085 1327 1296 1366 substantia
1316 1325 1479 1375 dicatur,

152 1393 265 1436 atque
292 1387 345 1423 ita
371 1392 411 1423 et
436 1385 636 1424 defectura
663 1385 862 1433 credatur3
896 1385 961 1424 sed
989 1387 1044 1424 vis
1070 1386 1170 1432 eius,
1208 1386 1246 1423 in
1274 1397 1347 1437 qua
1370 1391 1482 1423 natu-

150 1443 247 1480 ralia
277 1443 428 1493 peculia
461 1443 608 1480 consita
639 1444 871 1489 retinentur,
909 1443 1014 1481 salvo
1046 1442 1280 1481 substantiae
1312 1441 1480 1490 modulo,

152 1511 226 1549 quo
247 1512 269 1536 a
289 1497 499 1549 primordio
525 1499 655 1536 inflata
682 1506 752 1544 est,
779 1500 959 1550 paulatim
987 1513 1069 1537 cum
1098 1513 1213 1539 carue
1239 1498 1478 1552 producitur.

153 1554 351 1593 Constitue
386 1562 530 1592 certum
555 1553 710 1607 pondus
748 1556 829 1593 auri
866 1556 927 1594 vel
966 1557 1141 1606 argenti,
1185 1556 1317 1608 rudem
1354 1555 1479 1596 adhuc

150 1625 330 1659 massam,
363 1612 549 1650 collectus
575 1611 725 1650 habitus
751 1619 811 1650 est
834 1612 908 1659 illi,
942 1619 981 1650 et
1006 1613 1132 1650 futuro
1164 1613 1315 1651 interim
1342 1615 1478 1659 minor,

149 1676 276 1708 tamen
303 1669 506 1707 continens
531 1669 631 1707 iutra
656 1669 794 1711 lineam
820 1668 961 1707 moduli
988 1676 1107 1707 totum
1134 1668 1234 1720 quod
1260 1675 1395 1707 natura
1421 1676 1481 1708 est

149 1728 232 1764 auri
263 1726 325 1765 vel
356 1727 519 1777 argenti.
588 1725 737 1764 Dehinc
771 1739 854 1764 cum
886 1727 924 1763 in
952 1727 1127 1764 laminam
1159 1738 1282 1764 massa
1313 1726 1477 1774 laxatur,

148 1784 272 1822 maior
308 1783 470 1822 efficitur
505 1783 615 1821 initio
647 1797 716 1821 suo
747 1796 818 1835 per
849 1781 1111 1821 dilatationem
1148 1782 1330 1835 ponderis
1357 1783 1478 1833 certi,

147 1854 223 1878 non
254 1853 326 1892 per
355 1839 629 1887 adiectionem,
668 1839 755 1879 dum
793 1839 1031 1887 extenditur,
1069 1854 1145 1878 non
1177 1838 1263 1878 dum
1294 1847 1476 1891 augetur,

149 1899 220 1936 etsi
246 1899 301 1936 sic
328 1911 477 1950 quoque
503 1905 679 1949 augetur,
713 1897 799 1936 dum
825 1897 1064 1946 extenditur3
1104 1898 1197 1936 licet
1220 1898 1320 1936 enim
1346 1897 1475 1937 habitu

147 1956 301 2006 augeri,
341 1968 424 1993 cum
456 1962 556 1994 statu
588 1969 663 1994 non
697 1956 802 1994 licet.
869 1955 975 1994 Tunc
1002 1962 1042 1994 et
1065 1953 1249 2007 splendor
1279 1955 1360 2007 ipse
1385 1967 1477 2007 pro·

146 2013 297 2050 vehitur
321 2013 403 2050 auri
428 2014 488 2051 vel
514 2014 679 2064 argenti,
706 2014 769 2065 qui
793 2013 921 2051 fuerat
941 2011 1091 2064 quidem
1117 2019 1157 2050 et
1181 2013 1218 2049 iu
1245 2025 1380 2060 massa,
1406 2010 1476 2052 sed

149 2069 362 2117 obscurior,
390 2082 465 2107 non
491 2077 617 2109 tamen
645 2071 781 2109 nullus.
818 2069 925 2108 Tunc
952 2077 992 2108 et
1015 2070 1081 2108 alii
1106 2076 1220 2120 atque
1240 2070 1304 2107 alii
1324 2068 1475 2107 habitus

148 2125 338 2165 accedunt
363 2140 432 2178 pro
459 2127 643 2166 facilitate
671 2128 869 2174 materiae,
897 2140 969 2178 qua
995 2126 1148 2165 duxerit
1173 2138 1269 2172 eam,
1296 2126 1358 2178 qui
1378 2126 1472 2177 agit,

147 2184 239 2222 nihil
271 2184 477 2223 conferens
507 2184 680 2231 modulo,
712 2185 785 2224 uisi
816 2184 992 2236 effigiem.
1059 2183 1116 2222 lta
1141 2190 1181 2222 et
1205 2184 1354 2222 animae
1387 2195 1473 2222 cre-

147 2248 273 2279 menta
298 2241 522 2293 reputanda,
550 2256 623 2279 non
650 2242 897 2289 substantiva,
925 2241 992 2280 sed
1017 2241 1280 2293 provocativa.

262 2301 328 2339 38.
345 2301 382 2347 2)
457 2298 686 2350 Quamquam
725 2306 850 2338 autem
889 2306 928 2338 et
964 2305 1069 2337 retro
1113 2298 1470 2350 praestruxerimus

243 2502 278 2540 1)
292 2503 413 2533 Matth.
429 2505 483 2542 22,
500 2506 551 2535 30.
649 2504 685 2547 2)
701 2507 774 2537 Hoc
790 2516 863 2545 cap.
880 2516 956 2537 cum
972 2498 1068 2546 parte
1083 2506 1258 2544 sequentis
1271 2506 1305 2536 in
1320 2503 1470 2534 Rhen.ct

150 2545 222 2578 G.el.
237 2547 309 2579 edd.
324 2548 524 2587 inscriptum
540 2554 610 2581 est:
637 2551 693 2581 De
720 2553 844 2592 cibis,
870 2553 1073 2590 quomodo
1098 2553 1146 2583 ad
1171 2551 1347 2583 animam
1371 2557 1468 2589 per-

149 2591 286 2622 tinere
313 2593 548 2627 videantur.
