1604 2800
638 150 714 181 DE
743 150 944 182 ANIMA.
1359 151 1464 190 »οι

129 235 228 289 cius,
254 242 363 281 cuius
376 242 516 281 iniuria
529 249 600 289 est,
627 244 811 282 memoria
833 243 997 289 scilicet,
1025 255 1134 294 quam
1148 244 1284 296 etipse
1298 243 1408 285 Plato
1424 248 1461 296 ¹)

128 312 309 339 sensuum
339 306 381 339 et
414 300 677 338 intellectuum
714 301 888 347 salutem,
927 307 967 339 ct
1004 299 1145 339 Cicero
1158 301 1197 350 2)
1241 302 1461 343 thesaurum

131 357 298 396 omnium
328 356 539 396 studiorum
570 356 822 410 praedicavit.
894 357 980 397 Nec
1018 357 1093 396 boc
1130 358 1203 396 iam
1235 359 1274 397 iu
1306 358 1462 399 dubium

131 413 359 462 deducetur,
384 428 433 454 an
452 422 528 454 tam
548 414 676 454 divina
694 417 820 454 anima
839 416 1060 454 memoriam
1078 416 1249 468 potuerit
1267 418 1460 464 amittere,

129 471 200 512 sed
224 485 273 511 an
299 485 409 524 quam
434 474 607 511 amiserit
630 486 865 525 recuperare
891 472 1017 511 denuo
1043 474 1176 525 possit.
1228 473 1334 521 Quae
1361 476 1461 514 enim

129 542 207 568 non
232 527 364 568 debuit
388 529 575 578 oblivisci,
602 532 634 569 si
654 531 772 569 oblita
792 532 852 578 sit,
879 531 1012 570 nescio
1032 544 1080 569 an
1100 530 1226 570 valeat
1245 531 1460 570 recordari.

127 585 413 639 lta=utrumque
444 601 553 626 meae
584 589 732 627 animae
763 602 840 626 non
865 587 1089 627 Platonicae
1122 596 1325 639 congruet.
1388 587 1461 628 Se-

64 656 79 669 ·
130 643 256 683 cundo
281 643 404 696 gradu
430 658 638 698 opponam:
664 653 799 684 natura
819 653 1035 697 compotem
1055 647 1217 684 animam
1236 646 1333 684 facis
1352 645 1460 685 idea-

127 714 210 740 rum
235 702 398 749 illarum,
424 716 472 740 an
498 705 599 741 non?
623 704 698 742 imo
724 710 872 749 natura,
899 704 1035 755 inquis,
1090 702 1216 741 Nemo
1242 715 1338 754 ergo
1365 717 1460 742 con·

126 758 245 798 cedet
266 759 481 798 naturalem
506 760 706 798 scientiam
737 760 965 798 naturalium
991 759 1175 798 excidere
1201 761 1358 807 artium3
1392 773 1461 799 ex-

96 811 99 812 ⁷
125 815 234 855 cidet
256 815 486 862 studiorum,
518 816 677 854 excidet
701 815 981 862 doctrinarum,
1015 815 1320 868 disciplinarum,
1353 819 1460 855 exci-

125 871 220 911 dent
242 873 408 912 fortasse
435 880 474 911 et
499 874 743 924 ingeniorum
769 880 809 912 et
831 873 1059 920 affectuum,
1093 886 1190 925 quae
1216 881 1377 912 naturae
1403 876 1460 912 vi-

124 928 276 977 dentur,
303 943 379 968 non
405 937 531 968 tamen
557 937 656 977 sunt,
685 932 785 982 quia,
818 938 859 968 ut
882 931 1165 982 praemisimus,
1198 938 1239 969 et
1262 944 1333 982 pro
1360 932 1458 970 locis

122 994 165 1026 et
193 1000 266 1040 pro
297 987 598 1026 institutionibus
628 995 669 1026 et
698 1001 768 1039 pro
806 988 1057 1039 corpulentiis
1094 1001 1140 1026 ac
1177 987 1459 1027 valetudinibus

122 1051 166 1083 et
188 1057 259 1096 pro
285 1045 540 1095 potestatibus
561 1043 877 1083 dominatricibus
896 1051 937 1082 et
954 1058 1024 1096 pro
1046 1044 1288 1083 libertatibus
1307 1045 1458 1083 arbitrii

122 1114 175 1140 ex
197 1100 464 1140 accidentibus
490 1108 680 1140 constant.
747 1100 988 1141 Naturalium
1018 1114 1112 1140 vero
1144 1102 1308 1139 scientia
1339 1115 1387 1140 ne
1419 1103 1458 1139 in

122 1157 260 1196 bestiis
302 1157 455 1210 quidem
498 1157 644 1197 deficit.
730 1157 849 1196 Plane
887 1158 1139 1197 obliviscetur
1175 1158 1340 1197 feritatis
1377 1159 1454 1204 leo,

123 1214 425 1254 mansuetudinis
456 1214 673 1254 eruditione
705 1222 956 1267 praeventus,
989 1222 1029 1253 et
1054 1229 1137 1254 cum
1163 1221 1246 1253 toto
1271 1222 1458 1266 suggestu

122 1272 297 1311 iubarum
335 1271 515 1311 delicium
553 1273 620 1311 fiet
654 1272 867 1311 Berenices
903 1272 1064 1311 alicuius
1101 1273 1286 1323 reginae,
1325 1273 1458 1324 lingua

122 1342 245 1381 genas
275 1330 359 1368 eius
389 1329 629 1378 emaculans;
666 1343 795 1369 mores
824 1330 987 1368 bestiam
1016 1329 1253 1382 relinquent,
1291 1330 1456 1368 scientia

121 1387 350 1426 naturalium
381 1387 634 1439 permanebit.
701 1387 790 1425 Non
824 1387 1075 1426 obliviscetur
1098 1387 1200 1426 idem
1225 1387 1456 1426 naturalium

119 1444 365 1497 pabulorum,
403 1445 630 1483 naturalium
661 1443 939 1490 remediorum,
977 1445 1204 1482 naturalium
1242 1451 1454 1492 terrorum3

120 1509 163 1542 et
193 1503 226 1540 si
256 1501 306 1541 de
336 1502 524 1554 piscibus,
563 1508 604 1540 et
632 1502 666 1540 si
697 1501 746 1541 de
778 1502 968 1554 placentis
1006 1503 1142 1553 regina
1180 1503 1216 1540 ei
1255 1501 1453 1549 obtulerit,

119 1571 278 1599 carnem
303 1557 560 1608 desiderabit3
592 1566 632 1598 et
656 1560 689 1598 si
716 1560 912 1610 languenti
938 1559 1151 1598 theriacam
1178 1560 1452 1610 composuerit,

118 1617 267 1656 simiam
291 1616 354 1655 leo
378 1618 571 1668 requiret3
599 1624 639 1661 ct
662 1618 695 1655 si
720 1617 860 1655 nullum
887 1617 943 1654 illi
966 1616 1194 1654 venabulum
1220 1616 1452 1662 obfirmabit,

119 1674 261 1725 gallum
292 1681 421 1712 tamen
450 1672 686 1711 formidabit.
752 1672 919 1711 Perinde
945 1679 986 1710 et
1009 1672 1154 1711 homini
1180 1674 1345 1711 omnium
1371 1673 1454 1710 for-

118 1732 220 1768 sitan
251 1730 546 1768 obliviosissimo
584 1729 831 1767 inobliterata
867 1729 1135 1780 perseverabit
1170 1729 1253 1767 sola
1289 1729 1454 1766 scientia

119 1786 367 1832 naturalium,
405 1793 448 1823 nt
472 1786 553 1823 sola
578 1786 731 1824 scilicet
754 1786 959 1832 naturalis,
998 1798 1145 1824 memor
1167 1786 1321 1837 semper
1344 1798 1452 1823 man-

119 1841 286 1882 ducandi
316 1843 355 1880 in
386 1843 514 1881 esurie
540 1849 580 1880 et
603 1841 760 1880 bibendi
785 1843 824 1880 in
849 1843 931 1888 siti,
964 1849 1005 1880 et
1035 1843 1157 1881 oculis
1181 1841 1385 1881 videndum
1411 1849 1453 1880 et

118 1900 276 1939 auribus
300 1898 529 1938 audiendum
554 1906 594 1937 et
619 1899 775 1938 naribus
801 1898 1037 1938 odorandum
1064 1907 1104 1938 et
1128 1912 1197 1938 ore
1222 1897 1451 1951 gustandum

118 1965 162 1996 et
183 1970 297 1996 manu
322 1955 652 1996 contrectandum.
714 1956 762 1994 Hi
786 1964 873 1995 sunt
898 1964 1007 1995 certe
1031 1970 1178 2003 sensus,
1205 1969 1299 2008 quos
1323 1956 1451 2008 pbilo—

118 2014 256 2067 sophia
286 2013 479 2066 depretiat
508 2010 823 2052 intellectualium
853 2014 1109 2066 praelatione.
1178 2013 1300 2064 Igitur
1317 2014 1357 2052 si
1382 2026 1451 2051 na-

118 2072 254 2111 turalis
267 2072 431 2110 scientia
443 2071 671 2109 sensualium
685 2078 896 2123 permanet,
913 2070 1103 2123 quomodo
1119 2071 1447 2117 intellectualium,

121 2141 220 2180 quae
243 2129 376 2180 potior
399 2128 575 2180 babetur,
601 2127 823 2167 intercidit?
881 2127 990 2168 Unde
1023 2142 1123 2167 nunc
1155 2130 1237 2180 ipsa
1268 2129 1324 2166 vis
1351 2127 1449 2165 obli·

74 2212 83 2218 κ
118 2186 244 2224 vionis
261 2184 530 2224 antecedentis
548 2184 882 2224 recordationem?
910 2199 961 2225 ex
981 2184 1232 2231 multitudine,
1259 2186 1325 2231 ait,
1352 2191 1449 2222 tem-

105 2243 240 2295 poris.
315 2241 420 2287 Satis
455 2243 727 2294 improspecte.
803 2242 1001 2291 Quantitas
1032 2245 1130 2282 enim
1162 2240 1345 2293 temporis
1371 2253 1448 2278 nou

119 2298 329 2352 pertinebit
365 2298 414 2337 ad
452 2312 535 2338 eam
572 2312 671 2346 rem,
710 2312 806 2352 quae
837 2301 967 2339 innata
999 2300 1166 2345 dicatur,
1205 2311 1251 2336 ac
1276 2309 1347 2349 per
1371 2297 1446 2334 hoc

119 2357 355 2409 potissimum
381 2364 539 2395 aeterna
565 2356 758 2395 credatur.
814 2357 923 2405 Quod
950 2359 1049 2395 enim
1075 2363 1272 2395 aeternnm
1298 2360 1369 2400 est,
1396 2366 1444 2391 eo

120 2414 210 2466 qnia
242 2421 281 2452 et
311 2415 478 2452 innatum
510 2421 587 2460 cst,
626 2426 750 2466 neque
786 2415 931 2453 initium
962 2427 1085 2466 neque
1118 2413 1230 2451 finem
1260 2411 1445 2463 temporis

226 2539 353 2583 1)P1at.
367 2540 493 2573 Phaed.
509 2551 539 2581 p.
554 2542 597 2571 72
610 2540 648 2571 E.
659 2551 708 2580 sq.
803 2541 839 2581 2)
853 2541 924 2573 Cic.
939 2541 980 2571 de
994 2542 1083 2572 orat.
1096 2541 1127 2580 1,
1145 2542 1174 2572 5.
