1624 2826
218 224 322 262 2⁰²
481 223 607 256 Anv.
643 221 1009 256 ΜΑΒοιοΝΕΜ
1044 222 1306 253 LlssERw.

220 319 408 369 coepisti,
446 324 489 356 ut
512 325 660 369 tempus
686 318 878 370 queraris3
917 317 954 354 in
981 316 1115 368 quibus
1141 328 1210 353 nos
1235 314 1470 367 sustinuisti,
1509 319 1551 350 ut

218 376 442 428 patientiam
468 376 650 427 imputes!
699 374 841 417 Asinus
867 373 914 412 de
940 373 1086 426 Aesopi
1113 380 1248 426 puteo,
1289 371 1402 411 modo
1426 370 1547 417 venis,

218 441 258 472 et
283 434 356 471 iam
384 433 590 472 exclamas.
655 431 833 484 Suscipio
870 430 994 470 adhuc
1033 439 1072 470 et
1104 444 1307 483 personam
1341 429 1549 482 discipulo-

218 505 313 537 rum,
342 492 379 529 in
407 504 501 542 quos
528 491 671 530 insiliit.
724 490 752 528 Ο
781 490 885 528 natio
912 488 1130 535 incredula,
1160 502 1268 540 quam
1297 487 1360 527 diu
1386 501 1460 540 ero
1480 501 1550 527 vo-

216 549 388 594 biscum,
429 562 538 600 quam
572 548 635 586 diu
666 562 735 587 vos
769 547 991 586 sustinebo?
1039 546 1146 585 Hanc
1181 547 1421 598 eruptionem
1453 546 1548 593 eius,

217 608 347 658 utique
386 607 459 644 hoc
498 605 612 644 modo
651 606 887 644 iustitissime
925 611 1238 656 repercuterem:
1289 604 1456 656 quisquis
1494 616 1548 650 es,

217 658 461 717 ἐπερχόμενε,
500 665 604 715 prius
630 663 722 709 ede,
758 665 819 715 qui
845 664 909 709 sis,
937 676 958 700 a
986 676 1059 714 quo
1086 663 1243 708 venias,
1271 661 1467 714 quodtibi
1492 661 1549 699 ius

217 722 267 759 sit
291 722 329 758 in
356 722 490 759 nobis?
534 721 660 773 Usque
687 721 825 767 adhuc,
860 727 970 772 puto,
999 721 1188 758 creatoris
1212 732 1275 766 eS,
1308 726 1348 758 et
1372 718 1461 757 ideo
1489 732 1550 758 se-

219 779 298 817 cuti
330 791 456 816 sumus
488 786 819 829 recognoscentes
858 779 984 815 onmia
1016 778 1117 815 illius
1148 778 1184 815 in
1217 784 1268 815 te.
1331 776 1476 824 Quodsi
1501 776 1548 815 ab

218 837 284 874 illo
323 837 454 882 venis,
493 835 724 874 admittimus
757 835 1075 886 increpationem.
1138 834 1179 872 Si
1219 847 1310 872 vero
1343 834 1407 872 alii
1445 834 1546 885 agis:

219 907 290 931 oro
318 900 375 939 te,
404 893 528 940 dicas,
557 892 645 945 quid
672 893 782 931 nobis
808 891 1013 944 aliquando
1041 890 1475 942 commisisti-duntaxat
1500 890 1548 930 de

219 958 305 997 tuo,
334 950 435 1002 quod
462 952 534 989 iam
563 949 1077 996 credidisse-debuissemus,
1116 956 1156 987 ut
1183 949 1396 1001 exprobres
1421 949 1548 988 incre-

221 1008 433 1055 dulitatem,
462 1009 524 1060 qui
551 1021 623 1046 nec
650 1015 849 1046 auctorem
876 1014 978 1045 tuum
1005 1020 1122 1058 usque
1150 1006 1273 1045 adhue
1296 1006 1403 1045 edis?
1429 1006 1547 1054 Quam

220 1067 310 1104 olim
348 1073 474 1104 autem
513 1065 611 1117 apud
653 1079 722 1103 nos
760 1077 878 1116 agere
912 1066 1100 1116 coepisti,
1139 1072 1179 1102 ut
1218 1072 1365 1116 tempus
1397 1077 1548 1116 quoque

219 1125 410 1174 opponas!
465 1123 507 1160 In
535 1123 669 1174 quibus
695 1130 820 1161 autem
847 1135 917 1160 nos
942 1122 1167 1168 suStinuisti,
1192 1129 1234 1160 ut
1260 1129 1300 1160 et
1323 1122 1547 1173 patientiam

219 1176 361 1218 iactes!
423 1178 566 1218 Asinus
597 1179 644 1219 de
670 1179 817 1232 Aesopi
844 1187 979 1231 puteog
1020 1179 1133 1217 modo
1166 1179 1239 1219 huc
1270 1180 1471 1233 apparuit,
1510 1186 1549 1218 et

219 1238 292 1276 iam
320 1238 531 1276 exclamat:
567 1238 751 1290 quis'non
780 1239 832 1276 ita
869 1238 1091 1275 iniustitiam
1124 1237 1406 1288 increpationis
1443 1244 1547 1276 retu-

221 1294 358 1342 disset,
386 1297 415 1333 si
443 1297 525 1334 eius
552 1309 636 1334 eum
664 1294 906 1342 credidisset,
936 1295 998 1347 qui
1024 1293 1187 1332 nondum
1216 1295 1324 1346 queri
1338 1294 1546 1342 debuisset,

219 1354 292 1390 nisi
319 1352 419 1404 quod
447 1366 517 1391 nec
545 1354 609 1392 ille
636 1366 704 1392 eos
730 1354 930 1399 insilisset,
970 1353 1001 1390 si
1034 1366 1109 1393 non
1143 1353 1231 1390 olim
1265 1351 1363 1404 apud
1396 1353 1483 1391 illos
1509 1353 1546 1391 in

218 1410 330 1460 lege,
369 1411 406 1447 in
440 1411 663 1462 prophetis,
701 1413 740 1449 in
770 1411 974 1453 virtutibus
1006 1418 1044 1449 et
1077 1410 1276 1449 beneficiis
1309 1410 1545 1457 deversatus,

217 1466 439 1505 incredulos
484 1481 636 1519 semper
665 1469 801 1506 fuisset
838 1475 1032 1519 expertus.
1096 1466 1174 1505 Sed
1213 1481 1333 1514 ecce,
1373 1468 1546 1507 Christus

218 1523 347 1575 diligit
383 1525 587 1576 parvulos,
631 1526 729 1564 tales
767 1538 851 1563 esse
891 1524 1036 1562 docens
1074 1524 1243 1571 debere,
1294 1526 1356 1576 qui
1394 1538 1546 1577 semper

216 1582 383 1620 maiores
407 1583 527 1620 velint
551 1581 694 1632 esse.¹)
746 1582 911 1621 Creator
935 1589 1060 1620 autem
1088 1595 1196 1620 ursos
1222 1583 1352 1634 pueris
1377 1583 1543 1630 immisit,

216 1640 407 1678 ulciscens
441 1639 658 1678 Helisaeum
696 1641 911 1692 propheten
950 1640 1117 1678 convitia
1153 1639 1200 1678 ab
1238 1641 1294 1679 eis
1332 1639 1543 1692 passum.2)

217 1695 319 1747 Satis
364 1697 563 1749 impudens
600 1697 839 1744 Antithesis,
891 1710 975 1736 cum
1021 1704 1093 1735 tam
1132 1697 1283 1736 diversa
1328 1699 1542 1743 committit,

214 1755 394 1806 parvulos
425 1763 465 1792 et
497 1768 655 1806 pueros,
699 1757 943 1793 innocentem
975 1754 1099 1793 adhuc
1138 1763 1304 1804 aetatem
1337 1763 1376 1794 et
1411 1755 1542 1795 iudicii

214 1813 288 1850 iam
327 1825 530 1864 capacem,
570 1826 667 1864 quae
707 1810 910 1852 convitiari
935 1820 1114 1865 poterat,
1141 1827 1188 1852 ne
1214 1812 1338 1852 dicam
1365 1813 1544 1866 blasphe-

215 1882 334 1908 mare.
398 1869 480 1917 Qua
519 1883 614 1922 ergo
641 1871 760 1909 iustus
786 1870 898 1918 deus,
933 1884 1019 1914 nec·
1038 1872 1166 1923 pueris
1203 1872 1327 1923 impiis
1354 1872 1542 1923 pepercit,

213 1927 375 1977 exigens
400 1928 536 1965 maiori
563 1930 682 1966 aetati
709 1929 913 1975 honorem,
953 1936 993 1967 et
1019 1931 1148 1981 utique
1180 1930 1302 1980 magis
1326 1943 1348 1967 a
1374 1930 1541 1976 minore3

214 1997 286 2035 qua
312 1996 404 2022 vero
431 1984 573 2032 honus,
612 1986 711 2025 adeo
739 1985 865 2037 diligit
896 1988 1093 2038 parvulos,
1133 1994 1173 2026 ut
1197 1986 1297 2039 apud
1322 1986 1542 2039 Aegyptum

212 2041 455 2079 benefecerit
492 2042 788 2090 obstetricibus,
838 2045 1131 2095 protegentibus
1175 2052 1304 2096 partus
1343 2044 1542 2083 Hebraeos

213 2099 477 2150 periclitantes
502 2099 631 2138 edicto
659 2099 882 2139 Pharaonis.
946 2102 999 2139 lta
1028 2110 1068 2140 et
1093 2103 1189 2140 haec
1215 2102 1373 2140 affectio
1400 2101 1539 2143 Christi

212 2170 296 2195 cum
324 2163 513 2195 creatore
552 2165 637 2202 est„
685 2158 762 2196 Iam
795 2172 893 2197 nunc
920 2158 1013 2197 deus
1038 2159 1266 2206 Marcionis,
1307 2160 1370 2211 qui
1397 2172 1542 2198 connu-

210 2214 311 2252 bium
338 2214 548 2260 aversatur,
577 2215 768 2267 quomodo
792 2215 913 2254 videri
940 2223 1067 2268 potest
1092 2217 1334 2268 parvulorum
1361 2216 1539 2265 dilector,

212 2284 371 2323 quorum
397 2278 640 2311 tota'caussa
667 2273 894 2325 connubium
928 2276 1010 2313 est?
1045 2273 1128 2322 'Qui
1155 2288 1284 2313 semen
1318 2273 1422 2322 odit,
1460 2275 1539 2313 fru-

212 2336 312 2367 ctum
359 2342 508 2381 quoque
552 2338 780 2370 exsecretur
823 2345 983 2383 necesse
1027 2339 1098 2371 est.
1160 2331 1250 2371 Nae
1290 2333 1355 2371 ille
1387 2332 1539 2371 saevior

211 2385 408 2427 habendus
433 2388 630 2441 Aegyptio
658 2402 766 2440 rege.
798 2382 899 2428 Nani
923 2389 1076 2428 Pharao
1102 2383 1259 2429 educari
1287 2403 1360 2428 non
1386 2388 1538 2428 sinebat

211 2445 399 2492 infantes,
439 2445 511 2483 iste
538 2460 609 2485 nec
636 2447 766 2493 nasci,
805 2447 988 2486 auferens
1015 2449 1129 2486 vitam
1162 2447 1235 2486 illis
1261 2440 1375 2486 etiam
1401 2444 1536 2485 decem

210 2503 391 2539 mensium
418 2502 456 2539 in
482 2511 606 2542 utero.
662 2506 715 2544 At
740 2505 840 2543 enim
867 2512 1007 2558 quanto
1034 2505 1267 2551 credibilius,
1295 2503 1442 2542 ut-eius
1469 2503 1535 2543 de-

303 2628 339 2667 1)
365 2630 448 2664 Luc.
464 2633 496 2671 9,
513 2630 659 2662 46—48.
755 2630 791 2673 2)
816 2634 925 2672 2ch.
938 2632 970 2673 2,
989 2634 1030 2663 23
1046 2642 1094 2672 sq.
