1624 2826
393 167 519 198 Anv.
553 166 918 197 MARCIONEM
953 166 1130 197 LIBER
1159 167 1217 200 n'.
1268 141 1274 143 -
1366 166 1468 203 223

136 260 295 299 minavit
323 260 362 297 in
394 259 508 297 horto
540 260 671 307 suo-4)
735 258 826 306 Quis
859 261 896 297 in
928 271 1093 310 persona
1125 259 1289 298 hominis
1326 261 1469 300 intelli—

137 316 311 369 gendus?
334 315 473 369 Utique
488 316 675 370 Christus,
704 317 803 368 qnia,
832 317 1160 366 licetMarcionis,
1189 317 1287 355 filius
1306 317 1470 357 bominis

137 373 361 421 estdictus,
388 376 451 426 qui
476 375 630 426 aceepit
656 387 679 412 a
705 381 814 425 patre
841 388 972 413 semen
998 376 1122 426 regni,
1150 388 1367 414 sermonem
1393 377 1470 414 sci-

137 433 233 471 licet
255 433 460 483 evangelii,
487 439 527 470 et
551 433 752 470 seminavit
777 433 814 470 in
842 432 955 470 horto
982 445 1066 478 suo,
1091 434 1222 485 utique
1249 433 1287 470 in
1314 433 1469 480 mundo,

137 490 231 543 puta
254 503 370 528 nune
379 491 419 528 in
439 490 611 528 homine.
675 488 753 528 Sed
781 503 865 528 cum
891 491 931 528 in
956 503 1024 528 suo
1052 490 1165 529 horto
1193 489 1356 538 dixerit,
1394 504 1469 530 nec

138 545 298 586 mundus
321 554 448 586 autem
480 561 553 586 nec
579 548 693 586 bomo
720 548 820 586 illius
846 549 913 594 sit,
952 547 1034 593 sed
1047 549 1257 595 creatoris,
1283 562 1380 600 ergo
1406 550 1471 601 qui

138 606 177 644 in
213 619 319 644 suum
357 606 574 651 seminarit,
614 612 771 644 creator
800 605 1029 644 ostenditur.
1090 605 1170 644 Aut
1201 607 1251 652 si,
1291 613 1333 644 ut
1368 606 1470 645 hunc

137 663 313 716 laqueum
345 662 532 710 evadant,
574 659 839 702 converterint
874 664 1037 702 hominis
1074 677 1278 715 personam
1311 664 1349 702 in
1381 676 1471 715 per-

136 732 270 759 sonam
295 720 521 766 a„Cbristo,
557 722 595 758 in
621 721 813 765 hominem
846 717 1102 772 accipientem
1129 733 1260 758 semen
1292 722 1404 771 regni
1429 728 1470 770 et

135 779 386 820 seminantem
412 779 450 815 in
477 778 589 815 borto
617 777 747 815 cordis
772 778 850 819 sui:
889 791 962 828 nec
989 779 1072 829 ipsa
1096 779 1260 816 materia
1283 778 1349 816 alii
1376 791 1470 816 con÷

134 835 290 882 veniet,
317 835 655 887 quamcreatori.
718 834 839 883 Quale
871 843 930 874 est
961 837 1080 882 enim,
1119 843 1159 874 ut
1190 829 1386 874 lenissimi>
1406 835 1469 874 dei

136 889 297 945 regnum
323 892 518 943 significet
542 894 733 941 semen,‘-')
768 892 874 945 quo'd
895 894 1011 939 etiam
1038 892 1171 932 iudicii
1196 894 1328 931 fervor
1353 894 1469 932 lacri-

113 962 244 989 nmsa
274 951 501 989 austeritate
534 950 802 1002 subsequitur?
850 951 907 990 De
940 949 1116 1003 sequenti
1147 951 1261 1003 plane
1293 951 1470 990 similitu-

135 1006 297 1057 dine³)'
296 1020 451 1064 vereor,
478 1021 526 1046 ne
551 1008 654 1046 forte
680 1009 840 1047 alterius
865 1008 928 1048 dei
954 1022 1076 1060 regno
1100 1008 1334 1061 portendit
1377 1008 1469 1047 Fer-

137 1072 266 1105 mento
282 1067 394 1104 enim
420 1067 659 1117 οοιιιριιτιιιίῑ
683 1066 790 1113 illud,
818 1081 895 1105 non
920 1068 1080 1119 azymis,
1106 1079 1203 1118 quae
1218 1062 1470 1114 familiariora

136 1130 226 1162 sunt
246 1125 433 1162 creatori.
485 1122 684 1174 Congruit
715 1132 757 1163 et
785 1124 884 1163 haec
911 1126 1137 1174 coniectura
1162 1123 1468 1162 mendicantibus

137 1181 380 1232 argumenta.
453 1154 604 1231 Itaqueo
620 1182 678 1218 et·
700 1194 775 1231 ego
811 1183 1020 1220 vanitatem
1055 1182 1226 1219 vanitate
1264 1180 1467 1231 depellam,

138 1237 475 1276 fermentationem
507 1250 660 1288 quoque
697 1243 916 1288 congruere
948 1237 1082 1289 dicens
1112 1251 1236 1288 regno
1263 1237 1466 1281 creatoris,

138 1296 228 1348 quia
270 1302 358 1347 post
382 1294 503 1345 ‘illam
546 1295 719 1333 clibanus
760 1295 822 1333 vel
861 1296 991 1334 furnus
1029 1295 1231 1346 gehennae
1270 1302 1466 1346 sequatur.

139 1351 300 1401 Quoties
324 1350 450 1390 adhuc
476 1365 518 1390 se
544 1351 709 1390 iudicem
736 1352 903 1390 ostendit
936 1360 976 1390 et
1007 1354 1044 1390 in·
1071 1351 1198 1390 iudice
1226 1354 1470 1390 creatorem?

139 1410 299 1458 Quoties
321 1410 453 1460 utique
480 1410 598 1447 eiecit
623 1417 663 1447 et
687 1409 841 1447 damnat
866 1408 1108 1448 reiiciendo?
1143 1408 1255 1447 Sicut
1284 1409 1346 1446 bic
1373 1422 1469 1460 quo-

137 1468 230 1520 qne,
257 1471 342 1505 cum
368 1467 601 1517 surrexerit,
627 1467 769 1518 inquit,
796 1462 908 1518 pater
931 1466 1113 1520 familiae,
1141 1469 1259 1518 (qqu
1294 1467 1367 1505 nisi
1393 1478 1467 1518 quo

137 1523 236 1564 dixit
269 1523 478 1573 Esaias24)
529 1537 613 1563 cum
650 1526 865 1563 surrexerit
901 1527 1161 1565 comminuere
1199 1531 1341 1574 terram
1355 1527 1384 1572 ,)
1429 1531 1469 1562 et

137 1582 298 1622 cluserit
322 1583 478 1627 ostium,
503 1583 634 1633 utique
660 1581 912 1621 excludendis
938 1583 1096 1634 iniquis,
1124 1582 1258 1636 quibus
1282 1582 1468 1634 pulsanti-

137 1639 209 1679 bus
233 1638 510 1691 respondebit:
543 1640 696 1686 nesc'io,
729 1639 829 1690 unde
855 1641 958 1688 sitis3
985 1648 1026 1678 et
1050 1653 1182 1678 rursus
1207 1640 1467 1678 enumeranti-

137 1697 222 1744 Ims,
248 1695 352 1748 quod
376 1710 507 1735 coram
534 1698 601 1735 illo
627 1697 781 1742 ederint
805 1705 845 1742 et
869 1698 1039 1737 biberint
1051 1705 1091 1736 et
1110 1698 1148 1735 in
1160 1698 1308 1751 ⁹plateis
1334 1709 1467 1734 eorum

139 1753 331 1801 decuerit,
357 1753 536 1791 adiiciet:
563 1753 738 1792 recedite
763 1768 786 1792 a
811 1768 871 1792 me
898 1768 1030 1793 omnes
1046 1754 1215 1805 operarii
1235 1754 1466 1803 iniquitatis,

139 1810 221 1849 illie
255 1810 333 1848 erit
364 1808 480 1847 'fletus
516 1816 558 1847 et
593 1810 755 1848 frendor
787 1810 974 1849 dentium.
1037 1811 1134 1849 Ubi?
1169 1811 1265 1848 foris
1301 1810 1466 1856 scilrcet,

137 1867 204 1906 ubi
228 1873 343 1906 erunt
367 1867 533 1912 exclusi,
573 1867 672 1904 ostio
700 1867 807 1909 cluso
833 1867 880 1905 ab
907 1881 970 1906 eo.
1030 1868 1137 1919 Ergo
1164 1868 1240 1906 erit
1263 1880 1411 1918 poena,
1444 1881 1468 1905 a

138 1938 214 1978 quo
241 1925 283 1962 fit
306 1925 480 1963 exclusio
507 1925 543 1961 in
568 1924 743 1977 poenam,
771 1938 856 1963 cum
879 1914 1064 1964 videbunt
1088 1926 1208 1964 iustos
1227 1925 1467 1963 introeuntes

138 1984 178 2022 ἰιι
214 1995 374 2033 regnum
412 1981 499 2027 dei,
538 1994 580 2019 se
610 1993 706 2020 xero
738 1980 905 2021 detineri
935 1983 1044 2021 foris.
1049 1983 1090 2030 ⁵)
1151 1982 1189 2021 A
1219 1985 1319 2034 quo?
1368 1981 1412 2020 Si
1443 1996 1467 2020 a

139 2047 341 2086 creatore,
381 2040 464 2091 quis
497 2039 576 2076 erit
603 2051 699 2098 ergo
724 2040 839 2078 intus
836 2041 1044 2092 recipiens
1069 2041 1190 2079 iustos
1215 2041 1252 2078 in
1280 2042 1467 2091 regnum'

139 2096 235 2136 deus
258 2097 393 2135 bonus.
440 2095 556 2144 Quid
581 2109 678 2147 ergo
703 2097 793 2136 illue
820 2099 1009 2144 creatori,
1041 2105 1084 2137 ut
1106 2099 1202 2136 foris
1228 2096 1437 2136 detineat'
1427 2111 1466 2136 ιιι

138 2167 323 2206 poenam,
357 2167 452 2206 quos
477 2153 721 2192 adversarius
745 2156 828 2194 eius
853 2156 1037 2203 exclusit,
1069 2154 1336 2207 suscipiendos
1361 2169 1384 2193 a
1409 2168 1465 2199 se,

138 2213 269 2264 utique
305 2213 428 2263 magis
464 2212 503 2249 in
540 2210 751 2251 adversarii
774 2213 916 2252 bilem?
963 2213 1041 2252 Sed
1074 2221 1113 2252 et
1145 2213 1209 2251 ille
1242 2213 1466 2257 exclusurus

138 2270 303 2321 iniquos,
329 2271 429 2308 sciat
453 2270 584 2321 utique
610 2276 828 2319 creatorem
853 2272 940 2310 illos
966 2271 1267 2311 detenturum-in
1287 2282 1465 2321 poenam,

228 2415 270 2470 '1)
296 2431 379 2461 Luc.
396 2431 519 2478 1218.
535 2432 589 2460 19.
685 2432 722 2471 2)
746 2433 810 2465 Vv.
837 2433 983 2474 signif.
1010 2441 1154 2464 semen
1180 2432 1306 2463 adsunt
1330 2431 1367 2462 in
1388 2432 1464 2462 cod.

140 2476 338 2515 Wouweri,
370 2477 403 2506 in
430 2487 498 2515 quo
524 2477 646 2507 deinde
673 2478 838 2517 scriptum
865 2484 934 2510 est:
971 2479 1079 2517 quod
1104 2478 1233 2509 etiam
1256 2477 1467 2509 iudicium

138 2523 320 2553 fervoris
345 2523 604 2556 lacrimosae
630 2525 920 2555 austeritates
945 2527 1279 2566 subsequuntur.
1329 2525 1366 2564 3)
1384 2525 1465 2555 Luc.

141 2569 195 2609 12,
208 2569 262 2599 20.
277 2569 332 2599 21.
428 2567 469 2611 4)
492 2571 555 2601 les.
570 2571 602 2610 2,
618 2571 671 2600 19.
768 2570 813 2609 5)·
830 2571 912 2601 Luc.
927 2571 981 2610 13,
998 2572 1040 2601 25
1054 2587 1098 2592 —
1113 2571 1167 2601 28.
