1604 2800
592 183 665 215 DE
695 185 896 217 AN1MA.
1310 187 1416 226 105

199 276 318 323 19.¹)
381 273 462 315 Sed
492 288 540 315 ne
572 276 630 316 illi
653 275 806 329 quidem
830 277 1126 330 praetereundi,
1159 280 1223 332 qui
1247 281 1310 322 vel
1334 295 1418 322 mo-

81 331 170 387 dico
206 334 393 386 temporis
428 331 587 373 viduant
621 336 783 374 animam
819 336 1035 376 intellectu.
1107 336 1278 378 Proinde
1315 341 1417 379 enim

78 391 178 430 viam
202 397 379 430 sternunt
403 398 540 444 postea
563 391 772 432 inducendi
798 395 898 440 eius,
931 395 1030 433 sicut
1054 402 1096 434 et
1119 396 1254 443 animi,
1286 410 1310 435 a
1341 410 1418 449 quo

78 449 237 493 scilicet
254 450 459 502 proveniat
481 451 762 504 intellectus-²)
799 451 946 490 Volunt
970 453 1166 492 infantiam
1188 454 1272 493 sola
1290 456 1418 494 anima

78 508 285 554 contineri,
312 521 386 560 qua
409 507 672 547 tantummodo
697 509 812 556 vivat,
839 523 916 548 non
936 517 977 548 ut
996 511 1144 562 pariter
1163 513 1300 564 sapiat,
1328 512 1417 564 quia

76 578 150 605 nec
176 566 304 604 omnia
328 566 497 618 sapiant,
531 579 628 618 quae
658 567 799 605 vivant.
867 567 1042 620 Denique
1076 568 1238 608 arbores
1268 571 1414 617 vivere,

76 635 150 662 nec
180 630 310 662 tamen
342 636 500 675 sapere,
532 623 741 663 secundum
772 623 1043 673 Aristotelem,
1075 633 1117 665 ct
1146 626 1179 664 si
1211 628 1294 679 quis
1319 627 1417 666 alius

1 715 5 717 ,
75 680 325 720 substantiam
358 681 562 720 animalem
593 682 632 719 in
662 684 841 721 universa
878 684 1152 731 communicat,
1191 697 1289 736 quae
1314 683 1417 736 apud

75 751 147 777 nos
170 739 211 777 in
236 738 390 777 homine
415 740 565 790 privata
589 751 653 777 res
679 746 751 785 est,
778 753 855 778 non
880 740 995 778 modo
1021 747 1063 779 ut
1087 740 1151 779 dei
1177 755 1285 793 opus,
1313 740 1416 792 quod

74 802 116 834 et
140 802 287 842 cetera,
313 794 384 834 sed
408 802 450 833 ut
475 794 539 834 dei
564 797 693 842 ssatus,
726 796 829 847 quod
854 797 952 835 haec
978 798 1080 844 sola,
1114 811 1223 849 quam
1251 797 1415 836 dicimus

75 865 161 893 eun
180 853 283 891 omni
302 853 586 891 instructu2sno
612 853 732 890 nasci.
770 852 822 890 Et
840 855 873 891 si
893 853 941 892 ad
963 854 1124 892 arbores
1145 868 1414 907 provocamur,

73 910 353 962 amplectemur
375 910 604 962 exemplum,
631 909 818 962 siquidem
839 918 878 949 et
897 911 973 950 illis
998 911 1160 951 necdum
1186 913 1415 959 arbusculis,

74 966 144 1008 sed
166 967 362 1021 stipitibus
391 966 518 1007 adhuc
550 974 592 1006 et
621 968 785 1006 surculis
816 969 1055 1015 etiamnunc,
1089 970 1201 1012 simul
1230 969 1278 1008 de
1305 983 1415 1008 scro-

72 1025 188 1065 bibus
210 1024 400 1073 oriuntur,
426 1026 527 1063 inest
551 1025 710 1077 propria
732 1026 790 1063 vis
815 1027 980 1064 animae.
1051 1025 1194 1064 Verum
1222 1040 1291 1078 pro
1318 1034 1415 1066 tem-

73 1083 182 1136 poris
210 1084 364 1122 ratione
396 1089 614 1120 remoratur
644 1082 871 1121 coalescens
904 1090 946 1121 et
969 1082 1248 1122 coadulescens
1279 1084 1414 1122 robori

74 1153 158 1187 sno,
177 1137 310 1179 'donec
337 1147 445 1178 aetas
471 1140 627 1191 impleat
646 1139 827 1186 habitum,
855 1153 930 1191 qno
949 1141 1296 1191 natumfungatur.
1335 1140 1416 1178 Aut

75 1196 177 1236 uude
202 1210 292 1236 mox
316 1197 392 1235 illis
418 1204 457 1234 et
482 1197 643 1235 frutices
668 1197 915 1235 inoculantur
944 1205 984 1236 et
1014 1198 1108 1249 folia
1134 1198 1348 1236 formantur
1372 1205 1413 1236 et

75 1255 250 1306 germina
274 1255 455 1293 inflantur
479 1261 519 1293 et
542 1254 693 1292 flosculi
718 1255 945 1293 inornantur
969 1262 1009 1294 et
1033 1256 1140 1294 succi
1167 1254 1411 1302 condiuntur,

75 1313 108 1351 si
133 1326 209 1351 non
234 1313 273 1351 in
298 1313 391 1364 ipsis
416 1311 539 1350 omnis
563 1319 746 1365 paratura
772 1315 927 1363 generis
953 1313 1135 1364 quiescit,
1170 1319 1210 1350 et
1240 1312 1412 1364 partibus

74 1376 252 1423 promota
282 1368 530 1421 grandescit?
588 1368 682 1408 Inde
714 1370 832 1421 igitur
862 1377 901 1408 et
931 1371 1102 1421 sapiunt,
1134 1369 1236 1408 unde
1267 1370 1410 1416 vivunt,

75 1435 151 1466 tam
169 1427 324 1467 vivendi
344 1440 455 1479 quam
474 1425 647 1479 sapiendi
672 1428 925 1479 proprietate,
952 1434 991 1465 et
1011 1426 1162 1479 quidem
1182 1427 1230 1465 ab
1252 1427 1412 1465 infantia

73 1492 115 1525 et
138 1486 354 1538 ipsaersua.
423 1484 551 1523 Video
583 1485 683 1523 enim
708 1491 750 1523 et
773 1485 889 1522 vitem
922 1483 1047 1523 adhuc
1080 1491 1252 1523 teneram
1278 1491 1319 1523 et
1342 1485 1412 1522 im-

72 1542 276 1596 puberem,
313 1542 596 1593 intelligentem
629 1549 757 1581 tamen
788 1543 863 1580 iam
896 1555 1016 1594 opera
1047 1555 1116 1581 sua
1147 1549 1188 1581 et
1216 1542 1411 1582 volentem

72 1600 190 1640 alicui
219 1599 454 1647 adhaerere,
489 1600 550 1638 cui
582 1600 710 1638 innixa
743 1607 783 1638 et
813 1600 954 1638 innexa
979 1600 1172 1650 proficiat.
1234 1599 1411 1651 Denique

72 1657 149 1696 nou
175 1663 402 1709 exspectata
427 1657 572 1694 rustica
598 1655 813 1707 disciplina,
840 1658 923 1694 sine
944 1655 1146 1702 arundine,
1172 1657 1255 1694 sine
1275 1669 1406 1702 cervo,

71 1715 104 1754 si
130 1713 219 1767 qnid
245 1714 433 1764 attigerit,
459 1713 561 1750 ultro
588 1713 743 1758 amabit,
770 1719 810 1750 et
835 1711 987 1763 quidem
1011 1708 1409 1763 viriosius'amplexa·

71 1771 177 1810 bitur
205 1769 254 1808 de
284 1783 355 1808 suo
386 1770 563 1820 ingenio,
602 1782 711 1820 qna·
745 1767 793 1806 de
825 1775 891 1806 tuo
922 1769 1084 1806 arbitrio
1110 1776 1297 1820 properat
1321 1781 1407 1807 esse

71 1840 223 1868 secura.
294 1825 423 1865 Video
450 1833 490 1864 et
514 1825 698 1871 hederas,
737 1832 915 1876 quantum
946 1826 1040 1864 velis
1072 1838 1243 1877 premaS,
1280 1827 1407 1864 statim

71 1884 122 1925 ad
146 1889 313 1937 superna
339 1884 474 1922 conari
499 1890 541 1921 et
563 1882 668 1921 nullo
693 1889 904 1934 praeeunte
929 1882 1125 1935 suspendi,
1151 1881 1254 1935 qnod
1274 1883 1408 1921 malint

70 1942 284 1996 parietibus
308 1941 436 1980 invehi
462 1940 585 1979 textili
611 1940 718 1986 silva,
746 1953 856 1992 quam
881 1939 982 1978 humi
1008 1941 1083 1979 teri
1106 1940 1322 1979 voluntaria
1347 1941 1407 1978 in-

71 2001 184 2040 iuria.
252 1999 398 2038 Contra
430 1998 564 2050 quibus
596 1995 644 2036 de
676 1996 856 2036 aedificio
887 1998 986 2036 male
1011 2004 1090 2044 est,
1122 2004 1165 2036 nt
1190 1996 1404 2036 crescendo

71 2055 274 2104 recedunt,
306 2063 349 2095 ut
371 2056 591 2107 refugiunt?
638 2053 792 2094 Sentias
817 2068 945 2094 ramos
969 2055 1151 2094 aliorsum
1177 2053 1403 2101 destinatos,

72 2122 113 2154 et
136 2115 408 2153 animationem
435 2113 586 2151 arboris
611 2111 659 2151 de
686 2111 853 2151 divortio
878 2113 1038 2164 parietis
1062 2112 1276 2164 intelligas,
1309 2125 1405 2150 con-

72 2178 206 2211 tentae
241 2184 310 2209 sua
345 2172 554 2222 parvitate,
598 2183 708 2221 quam
744 2183 794 2209 ex
828 2169 1040 2222 primordio
1077 2169 1403 2222 providentissimi

71 2229 223 2269 fruticis
247 2227 425 2275 edidicit,
457 2228 594 2266 timens
625 2228 740 2266 etiam
770 2228 930 2273 ruinam.
991 2227 1069 2266 Has
1094 2239 1169 2278 ego
1194 2226 1404 2278 sapientias

71 2294 114 2327 et
138 2287 320 2326 scientias
344 2285 523 2324 arborum
549 2297 619 2323 cur
642 2298 719 2323 non
745 2284 999 2324 contendam?
1055 2284 1216 2329 Vivant,
1246 2288 1290 2320 ut
1317 2281 1402 2333 phi-

73 2343 224 2397 losophi
252 2343 404 2390 volunt,
442 2343 611 2394 sapiant,
647 2349 688 2380 ut
712 2342 930 2394 philosophi
955 2342 1107 2388 nolunt,
1144 2340 1338 2391 intelligat
1362 2345 1402 2377 et

167 2495 202 2531 1)
213 2494 287 2525 Hoc
302 2497 407 2532 caput
420 2493 453 2523 in
469 2492 563 2523 Rhen
590 2495 625 2523 et
638 2491 711 2523 Gel.
725 2491 800 2524 edd.
813 2491 1017 2530 inscriptum
1030 2492 1099 2521 cst:
1123 2489 1399 2520 Intellectum

75 2548 240 2578 semper
261 2540 426 2571 animae
448 2540 600 2570 ines-e.
697 2536 733 2580 2)
749 2537 870 2570 Ge1.et
883 2536 1180 2568 ed.1·'ran.sicut
1202 2536 1241 2566 in
1262 2534 1400 2565 anima

75 2585 252 2616 scilicet
276 2585 502 2625 proveniat
528 2584 796 2616 intellectus.
1056 2626 1112 2669 3*

1029 2632 1047 2668 1
