1566 2808
372 217 888 250 ADV.MARctoNEM
924 219 1101 250 LIBER
1137 220 1160 251 1.
1365 217 1431 254 5!

108 306 270 356 mundo,
308 308 498 361 quomodo
530 309 704 349 dominus
734 313 862 363 paruit
892 313 973 350 eius
998 313 1036 349 in
1061 311 1136 349 hoc
1162 309 1328 349 mundo?
1386 309 1430 350 Si

106 364 298 404 domium
323 367 427 418 cepit
452 366 514 405 hic
540 367 711 414 mundus,
739 369 1074 407 cur‘substantiam
1096 382 1238 420 capere
1258 381 1334 405 non
1360 381 1430 420 po-

105 423 195 469 tuit,
233 423 306 461 nisi
343 421 496 461 domino
535 425 700 463 fortasse
738 427 947 464 maiorem?
1007 426 1084 464 Iam
1122 439 1221 463 nunc
1260 424 1308 463 de
1340 425 1427 464 loco

105 480 280 532 quaestio
304 486 383 527 est,
421 481 618 532 pertinens
650 490 689 521 et
713 482 761 520 ad
787 483 963 521 mundum
995 484 1098 521 illum
1124 483 1363 534 superiorem
1389 490 1430 521 et

102 535 188 575 ad
177 550 297 589 ipsum
322 536 434 576 deum
459 539 554 576 eius.
622 539 727 579 Ecce
760 542 859 579 enim
891 542 921 579 si
948 548 988 579 et
1020 542 1083 578 ine
1110 540 1227 578 habet
1252 539 1429 578 mundum
1496 564 1500 568 Α

102 606 208 633 suum
235 595 334 633 infra
359 608 421 641 se,
459 609 575 648 super
599 605 834 644 creatorem,
874 599 912 636 in
939 599 1027 636 loco
1053 599 1182 659 utique
1209 598 1304 635 feeit
1328 610 1426 643 eum,

103 651 211 690 cuius
241 653 403 704 spatium
434 653 597 692 vacabat
628 656 730 693 inter
753 656 872 707 pedes
903 669 992 694 suos
1018 662 1058 694 et
1083 661 1199 720 caput
1224 655 1427 692 creatoris.

102 707 210 760 Ergo
235 716 275 748 et
299 709 393 748 deus
423 711 506 762 ipse
537 712 575 749 in
602 712 689 750 ioco
716 720 817 759 erat,
856 719 896 751 et
920 712 1096 751 mundum
1128 713 1168 749 in
1192 711 1281 748 loeo
1306 711 1429 751 facie-.-

99 765 186 812 δεῖ,
223 773 265 805 et
294 767 370 805 erit
401 768 474 805 iam
506 768 613 806 locus
638 769 703 807 ine
735 771 858 807 maior
887 776 927 807 et
958 768 1032 807 deo
1065 775 1104 806 et
1134 767 1294 815 mund03
1333 767 1427 813 nihil

101 824 203 861 euim
226 836 303 861 non
329 825 450 864 maius
476 832 535 863 est
559 824 617 871 id,
655 825 754 878 quod
784 827 905 878 capit,
945 839 991 865 eo
1025 824 1126 878 quod
1153 826 1315 877 capitur.
1377 824 1429 863 Et

102 879 326 928 videndum,
365 895 412 920 ne
440 895 513 934 qua
537 882 662 922 adhuc
695 885 773 922 illic
805 891 944 923 vacent
968 884 1188 929 subseciva,
1227 884 1265 920 in
1292 882 1426 934 quibus

101 944 144 976 ct
176 939 314 977 tertius
350 939 485 991 aliquis
522 941 665 992 stipare
702 940 796 980 deus
833 955 874 981 se
909 955 992 980 cum
1024 940 1163 980 mundo
1196 953 1263 978 suo
1289 941 1425 991 possit.

100 993 209 1047 Ergo
234 997 308 1034 iam
334 996 459 1049 incipe
486 996 580 1036 deos'
606 1006 842 1066 computare.
882 999 967 1038 Erit
992 1001 1092 1038 enim
1118 1005 1159 1037 et
1183 998 1291 1036 locus
1317 997 1425 1043 deus,

99 1065 178 1091 uon
201 1060 344 1092 tantum
378 1065 451 1106 qua
478 1054 553 1094 deo
586 1058 726 1103 maior,
760 1056 828 1096 sed
855 1064 894 1095 et
920 1070 993 1108 qua
1018 1057 1169 1095 innatus
1194 1062 1235 1093 et
1260 1055 1425 1093 infectus

99 1122 148 1148 ac
171 1123 243 1162 per
266 1111 341 1150 hoc
366 1119 546 1151 aeternus
572 1121 612 1152 et
635 1113 710 1153 deo
736 1128 817 1166 par,
845 1116 882 1152 in
910 1128 983 1166 quo
1004 1127 1157 1180 semper
1175 1112 1269 1151 deus
1294 1113 1422 1150 fuerit.

100 1165 250 1207 Dehinc
275 1169 307 1207 si
332 1176 372 1207 et
395 1170 460 1208 ille
485 1170 661 1209 mundum
687 1185 737 1210 ex
762 1173 886 1223 aliqua
907 1179 1030 1209 mate1
1033 1185 1068 1208 ιιι
1094 1171 1316 1208 subiacente
1344 1181 1425 1206 mo-

101 1223 191 1263 litus
215 1231 275 1263 est
298 1226 427 1264 innata
453 1233 492 1265 et
517 1227 661 1265 infecta
687 1235 727 1266 et
752 1229 1031 1279 contemporali
1057 1227 1150 1273 deo,
1178 1225 1423 1278 quemadmo-

100 1280 189 1320 dum
219 1281 268 1320 de
300 1290 479 1322 creatore
508 1283 685 1322 Marcion
717 1287 851 1332 sentit,
889 1285 1035 1336 redigis
1066 1291 1106 1322 et
1130 1284 1205 1322 hoe
1231 1282 1280 1321 ad
1305 1283 1424 1321 maie-

99 1346 237 1378 statem
263 1340 358 1386 loci,
397 1342 460 1392 qui
486 1336 529 1378 etv
550 1340 659 1380 deum
692 1350 731 1380 et
761 1343 977 1387 materiam,
1016 1341 1111 1379 duos
1144 1340 1257 1386 deos,
1297 1340 1421 1377 clusit.

99 1395 151 1434 Et
173 1398 336 1435 materia
361 1398 461 1435 enim
494 1397 587 1436 deus
619 1398 827 1437 secundum
859 1400 1020 1436 formam
1052 1397 1260 1435 divinitatis
1291 1397 1423 1433 innata

97 1453 251 1492 scilicet
274 1460 315 1492 et
339 1454 484 1492 insecta
509 1462 548 1493 et
573 1463 743 1494 aeterna.
804 1454 884 1494 Aut
909 1456 940 1494 si
966 1454 1014 1492 de
1040 1454 1158 1492 nihilo
1186 1453 1337 1491 molitus
1364 1460 1423 1491 est

97 1509 286 1558 mundum,
313 1511 388 1549 hoc
414 1519 454 1550 et
478 1511 526 1550 de
553 1520 733 1551 creatore
760 1514 903 1551 sentire
931 1519 1106 1563 cogetur,
1134 1512 1195 1550 cui
1222 1511 1420 1548 materiam

96 1568 252 1607 subiicit
275 1569 313 1607 in
339 1569 552 1607 substantia
571 1569 718 1608 mundi.
758 1568 837 1608 Sed
864 1583 913 1608 ex
938 1570 1099 1607 materia
1124 1576 1163 1607 et
1188 1569 1252 1606 ille
1278 1568 1420 1606 fecisse

95 1625 273 1672 debebit,
311 1626 446 1668 eadem
476 1628 629 1666 ratione
660 1635 891 1666 occurrente
923 1627 978 1665 iili
1012 1639 1161 1678 quoque
1188 1624 1282 1672 deo,
1322 1637 1418 1677 quae

95 1690 360 1736 opponeretur
395 1685 584 1731 creatori,
622 1692 664 1722 ut
698 1698 821 1736 aeque
859 1684 947 1724 deo.
1007 1684 1135 1735 Atque
1167 1685 1221 1721 ita
1252 1690 1331 1720 tres
1362 1683 1419 1719 in-

94 1741 206 1778 terim
231 1741 323 1779 mihi
348 1740 442 1779 deos
467 1754 623 1779 numera
647 1741 876 1780 Marcionis:
910 1742 1111 1780 Factorem
1144 1747 1183 1778 et
1208 1739 1352 1777 Locum
1380 1746 1420 1776 et

93 1795 319 1835 Materiamff
371 1797 537 1835 Proinde
574 1806 615 1835 et
645 1806 862 1837 creatorem
893 1800 931 1836 in
963 1799 1051 1836 loco
1077 1798 1173 1835 facit
1196 1797 1326 1848 utique
1353 1808 1419 1834 ea-

94 1852 182 1892 dem
219 1853 441 1893 conditione
480 1854 694 1902 censendo,
733 1863 773 1893 et
809 1856 1007 1894 materiam
1041 1855 1077 1892 ei
1105 1853 1263 1894 subiicit
1286 1854 1416 1904 utique

93 1911 261 1950 innatam
285 1918 327 1949 et
350 1912 552 1958 infectam,
591 1919 631 1950 et
654 1911 729 1952 hoc
755 1914 907 1952 nomine
933 1919 1148 1958 aeternam,
1180 1918 1223 1948 ut
1247 1909 1413 1948 domino.

91 1967 265 2021 Amplius
290 1975 331 2007 et
353 1968 495 2007 Malum
520 1970 704 2008 materiae
731 1969 937 2022 deputans,
966 1971 1135 2008 innatum
1161 1969 1329 2013 innatae,
1357 1968 1415 2005 in-

91 2026 235 2065 fectum
271 2026 440 2065 infectae
479 2033 519 2064 et
555 2034 752 2066 aeternum
785 2035 987 2074 aeternae,
1027 2033 1200 2078 quartum
1226 2026 1300 2063 iam
1326 2025 1414 2063 hinc

71 2081 203 2122 deum
233 2084 341 2122 fecit.
403 2083 531 2122 Habes
562 2085 680 2136 igitur
709 2087 748 2124 in
779 2085 1041 2138 superioribus
1073 2091 1152 2122 tres
1183 2083 1414 2121 substantias

91 2138 323 2186 divinitatis,
362 2141 400 2179 in
435 2141 685 2181 inferioribus
715 2150 891 2195 quatuor.
954 2142 1021 2181 His
1047 2155 1132 2180 cum
1157 2139 1350 2180 accedunt
1375 2145 1415 2177 et

90 2197 149 2235 sui
162 2197 319 2244 clu-isti,
340 2198 440 2236 alter
454 2200 516 2250 qui
538 2201 715 2252 apparuit
728 2201 796 2239 suh
810 2200 980 2247 Tiberio,
1007 2200 1107 2238 alter
1120 2199 1182 2250 qui
1196 2211 1219 2236 a
1233 2204 1412 2235 creatore

88 2255 343 2307 promittitur,
381 2256 620 2295 manifestam
657 2259 731 2296 iam
768 2257 940 2296 fraudem
977 2257 1154 2295 Marcion
1190 2255 1334 2306 patitur
1364 2252 1411 2290 ab

88 2312 165 2359 eis,
204 2313 267 2363 qui
299 2311 395 2351 duos
425 2314 528 2351 illum
560 2313 655 2353 deos
685 2316 830 2355 inferre
862 2321 1126 2367 praesumunt,
1165 2325 1249 2350 cum
1275 2322 1411 2348 novem

86 2370 272 2421 assignet,
298 2370 392 2408 licet
416 2372 605 2410 nesciens.

206 2430 272 2469 16
327 2425 418 2478 Non
457 2436 705 2480 comparente
743 2430 861 2480 igilur
890 2428 1030 2468 mundo
1067 2429 1163 2473 alio,
1201 2425 1301 2463 sicut
1338 2436 1410 2462 nec

87 2481 165 2523 deo·
188 2484 290 2530 eius,
329 2497 568 2536 consequens
594 2493 669 2532 est,
707 2493 749 2523 ut
774 2485 866 2524 duas
892 2487 1043 2538 species
1068 2496 1215 2529 terum,
1245 2481 1411 2520 w'sihilia

87 2548 129 2580 et
150 2541 357 2585 invisibilia
376 2541 524 2581 duobus
541 2543 763 2582 auctoribus
785 2542 857 2581 diis
876 2542 1066 2588 dividant,
1098 2549 1139 2580 et
1161 2541 1215 2578 ita
1238 2552 1307 2577 suo
1333 2537 1407 2579 deo

86 2598 293 2638 invisibilia
318 2596 540 2638 defendant.
603 2600 695 2648 Quis
725 2607 850 2639 autem
884 2601 1030 2652 poterit
1054 2571 1238 2638 inducere
1263 2597 1302 2641 ἰιι
1325 2595 1412 2634 ani-
