1566 2808
162 206 224 244 ἵε
431 211 557 243 anv.
593 210 957 242 MARcmNEM
994 207 1171 241 ωΒΕΒ
1203 210 1229 241 1.

163 299 353 354 quomodo
382 300 538 354 diliges,
572 303 646 342 nisi
669 303 905 355 timeas-non
931 302 1120 354 diligere?
1179 301 1297 340 Plane
1324 311 1396 339 nee
1422 312 1491 352 pa·

161 366 222 398 ter
252 366 337 396 tuus
370 367 448 407 est,
487 361 524 398 in
557 373 666 411 quem
700 355 894 412 competat
924 369 964 399 et
989 373 1097 399 amor
1120 365 1283 412 propter
1305 359 1491 410 pietatem

163 423 201 454 et
228 416 340 454 timor
365 425 525 469 propter
549 424 801 468 potestatem,
829 430 901 457 nec
929 418 1120 469 legitimus
1146 416 1338 462 dominus,
1365 422 1407 454 ut
1432 414 1492 453 di·

162 474 259 524 ligas
296 481 456 526 propter
492 474 763 513 humanitatem
802 483 842 514 et
877 477 1014 514 timeas
1045 482 1207 526 propter
1232 473 1488 525 disciplinam»

163 530 228 568 Sic
256 530 419 583 denique
445 532 622 583 plagiarii
654 531 878 583 diliguntur,
909 546 986 571 non
1013 533 1127 571 etiam
1154 533 1346 570 timentur.
1390 529 1493 569 Non

163 589 262 626 enim
303 589 515 636 timebitur,
556 591 628 628 nisi
666 590 765 628 iusta
797 598 837 628 et
874 590 1070 628 ordinaria
1108 588 1339 635 dominatio,
1380 587 1492 639 diligi

162 653 288 684 autem
326 653 455 698 potest
491 648 606 685 etiam
632 647 839 695 ⁴adultera3
879 647 1155 686 sollicitatione
1188 643 1289 684 enim
1324 653 1490 692 constat,

163 717 238 741 non
265 705 520 751 auctoritate,
549 712 588 742 et
613 704 854 751 adulatione,
887 719 963 742 non
989 710 1197 756 potestate.
1260 702 1358 751 Quid
1385 702 1494 742 deni-

164 774 236 813 que
275 760 508 808 adulantius,
548 775 658 813 quam
695 761 836 800 delicta
869 776 945 799 non
978 762 1160 812 exsequi?
1223 759 1311 811 Age
1349 762 1492 812 itaque,

166 820 228 870 qui
256 817 365 857 deum
393 832 468 856 non
494 820 605 858 times
632 820 739 871 quasi
762 819 921 865 bonum,
950 818 1038 870 quid
1065 832 1140 856 non
1166 812 1204 856 in
1231 831 1380 856 omnem
1407 818 1494 856 libi-

165 876 290 915 dinem
319 877 475 924 ebullis,
514 889 713 924 summum,
755 876 854 928 quod
882 878 1019 922 seiani,
1053 877 1217 914 fructum
1242 878 1344 914 vitae
1372 876 1494 930 omni-

164 934 253 981 bus,
282 935 344 986 qui
379 933 488 972 deum
515 948 590 972 non
616 936 775 973 timent?
835 934 931 982 Quid
958 947 1033 972 non
1065 934 1287 984 frequentas
1313 940 1388 971 tam
1407 933 1494 972 sol·

165 992 310 1030 lemnes
347 992 563 1044 voluptates
601 993 697 1030 circi
741 993 903 1038 furentis
947 999 987 1030 et
1025 1004 1168 1030 caveae
1207 991 1414 1029 saevientis
1452 997 1513 1030 et-

165 1062 307 1088 scenae
342 1050 603 1088 lascivientis?
663 1049 760 1097 Quid
792 1063 867 1088 non
900 1057 940 1088 et
975 1050 1013 1087 in
1047 1049 1383 1100 persecutionibus
1415 1055 1493 1087 sta-

165 1108 230 1144 tim
264 1107 391 1145 oblata
426 1102 565 1145 acerra
596 1107 757 1146 animam
789 1109 998 1158 negatione
1032 1107 1218 1145 lucraris?
1264 1105 1395 1152 Absit,
1433 1107 1493 1144 in·-

167 1165 268 1215 quis,
297 1164 408 1202 absit.
458 1164 565 1215 Ergo
591 1166 665 1202 iam
691 1166 803 1203 times
829 1165 1030 1212 delictum,
1059 1171 1098 1202 et
1123 1163 1292 1202 timendo
1319 1163 1493 1215 probasti

165 1221 268 1259 illum
301 1222 446 1268 timeri,
488 1222 550 1273 qui
582 1222 762 1273 prohibet
793 1221 988 1260 delictum.
1038 1221 1155 1260 Aliud
1173 1229 1260 1269 est,
1299 1222 1330 1259 si
1356 1220 1492 1260 eadem

166 1278 228 1318 dei
255 1280 308 1317 tui
334 1280 603 1331 perversitate,
628 1279 844 1331 'quem‘non
871 1281 996 1326 times,
1025 1279 1219 1326 observas,
1249 1292 1322 1331 qua
1347 1286 1387 1318 et
1411 1279 1490 1325 ille,

166 1336 267 1387 quod
293 1350 368 1374 non
393 1336 581 1383 vindicat,
609 1338 803 1388 prohibet.
841 1338 962 1376 Multo
989 1336 1112 1376 adhuc
1138 1338 1305 1384 vanius„
1324 1350 1408 1376 cum
1434 1338 1492 1375 in-

166 1395 373 1444 terrogati,
414 1393 502 1445 quid
536 1395 602 1432 fiet
632 1396 832 1446 peccatori
866 1396 1004 1446 cuique
1037 1394 1084 1434 dc
1113 1396 1199 1441 illo,
1237 1394 1490 1447 respondent,

164 1451 281 1489 abiici
307 1451 411 1489 illum
438 1452 544 1502 quasi
571 1452 618 1489 ab
646 1453 780 1490 oculis.
837 1451 977 1490 Nonne
1005 1459 1044 1490 et
1068 1453 1142 1490 hoc
1169 1452 1313 1490 iudicio
1340 1451 1493 1503 agitur?
1547 1488 1550 1502 ,

164 1507 362 1546 Iudicatur
398 1510 497 1547 enim
538 1508 780 1547 abiiciendus
812 1516 852 1547 et
885 1510 1012 1561 utique
1045 1509 1187 1548 iu'dicio
1220 1509 1490 1557 damnationis,

163 1566 237 1605 nisi
263 1567 299 1603 in
326 1567 486 1604 salutem
519 1566 725 1605 abiiciatur
755 1574 961 1619 peccator,
999 1574 1041 1605 ut
1072 1574 1111 1605 et
1142 1568 1216 1606 hoe
1244 1567 1317 1606 deo
1346 1569 1489 1620 optimo

163 1631 369 1676 competat.
421 1623 472 1662 Et
498 1623 586 1676 quid
615 1626 690 1662 erit
714 1625 850 1671 abiici,
891 1625 962 1663 nisi
989 1626 1165 1664 amittere
1192 1624 1248 1672 id,
1277 1625 1378 1677 quod
1405 1632 1491 1664 erat

163 1689 460 1729 consecuturus,
500 1683 531 1719 si
558 1695 633 1720 non
659 1682 915 1730 abiiceretur,
955 1681 993 1720 id
1027 1690 1103 1730 est,
1137 1683 1322 1721 salutem?
1381 1682 1488 1734 Ergo

160 1739 293 1776 salutis
325 1741 363 1777 in
397 1738 667 1777 detrimentum
701 1740 926 1787 abiicietur,
967 1747 1007 1778 et
1031 1741 1105 1778 hoc
1133 1739 1292 1779 decerni
1317 1742 1395 1779 'non
1419 1754 1491 1792 po-

159 1797 251 1834 terit
277 1797 349 1835 nisi
381 1796 428 1834 ab
454 1798 561 1835 'irato
595 1804 635 1835 et
668 1797 815 1835 offenso
851 1805 891 1836 et
916 1804 1147 1836 exsecutore
1175 1797 1335 1845 delicti„
1365 1797 1404 1836 id
1431 1805 1492 1837 est

157 1853 297 1892 iudice.
816 1866 820 1870 ·
1302 1901 1307 1905 ⁴

260 1914 328 1952 28.
368 1910 503 1950 Exitus
524 1920 649 1951 autem
670 1913 724 1951 illi
746 1914 901 1952 abiecto
929 1915 1037 1966 quis?
1083 1910 1273 1965 Ah'igne,
1300 1915 1487 1966 inquiunt,

158 1969 351 2006 creatoris
378 1967 704 2020 deprehendetur.
754 1969 919 2010 Adeone
947 1973 1088 2010 nullum
1113 1972 1230 2010 habet
1256 1972 1486 2010 elementum

154 2026 215 2064 vel
243 2027 279 2064 in
306 2025 404 2064 hanc
431 2039 603 2065 caussam
630 2029 834 2079 provisum,
864 2042 936 2080 quo
963 2036 1194 2081 peccatores
1214 2042 1303 2067 suos
1321 2029 1382 2067 vel
1403 2030 1486 2068 sine

155 2085 318 2124 saevitia
343 2084 513 2135 releget,
547 2098 594 2122 ne
627 2086 714 2122 illos
741 2085 858 2133 ded-at
891 2089 1086 2125 creatori?
1123 2085 1231 2141 ⁷Quid
1257 2093 1347 2125 tunc
1374 2099 1486 2125 crea-

154 2144 242 2179 tor?
303 2140 452 2188 Credo,
492 2142 817 2194 sulphuratiorem
845 2143 900 2182 eis
926 2145 1140 2195 gehennam
1166 2144 1484 2197 praeparabit¹)‚

154 2205 196 2236 ut
220 2199 453 2251 blasphemis
479 2201 557 2239 suis
583 2201 753 2248 scilicet,
794 2202 866 2239 nisi
893 2201 995 2253 quod
1023 2201 1117 2241 deus
1141 2203 1291 2241 zelotes
1317 2202 1483 2246 sortasse
1534 2250 1538 2258 r

153 2269 201 2294 an
228 2256 493 2296 desertoribus
525 2257 737 2296 adversarii
768 2259 825 2296 sui
856 2267 1004 2310 parcat,
1068 2260 1097 2298 Ο
1131 2259 1242 2298 deum
1268 2252 1485 2312 usquequa-

154 2327 226 2365 que
263 2327 505 2367 perversum,
543 2316 683 2368 ubique
721 2317 1005 2365 irrationalem,
1043 2319 1083 2356 in
1121 2317 1294 2356 omuibus
1329 2330 1480 2364 vanum,

152 2379 266 2423 atque
299 2375 353 2411 ita
384 2375 593 2412 neminem!
657 2374 774 2412 Cuius
805 2388 880 2412 non
906 2382 1062 2423 statum,
1102 2389 1178 2414 non
1205 2374 1479 2421 conditionem,

152 2442 228 2466 non
255 2437 442 2478 naturam,
469 2445 545 2470 non
573 2431 687 2470 ullum
709 2432 883 2472 ordinem
906 2433 1024 2472 -video
1051 2434 1281 2480 consistere,
1306 2434 1378 2470 iam
1405 2444 1489 2470 nec*

152 2486 273 2537 ipsum
301 2484 390 2526 fidei
417 2490 818 2530 eius'saeramentum.
866 2491 936 2530 Cui
963 2492 1063 2531 enim
1088 2492 1147 2530 rei
1170 2490 1358 2542 baptisma
1383 2503 1479 2542 quo-

246 2614 280 2652 1)
310 2615 415 2647 Rhcn.
442 2618 824 2657 sulphur-ationem
851 2633 895 2642 -·—
921 2618 1214 2659 praeparavit.
