1604 2800
185 172 284 210 228
686 168 759 199 DE
793 168 996 202 ANIMA.

183 277 316 318 posse,
348 275 372 300 a
395 274 467 314 qua
492 262 546 300 ita
570 272 655 299 esse
680 261 817 299 sortita
846 267 950 307 sunt,
981 265 1022 297 ut
1053 259 1148 297 citra
1181 270 1263 309 eam
1289 257 1422 298 haberi
1445 260 1501 298 vi·
1550 297 1558 301 ,

185 322 358 367 deantur,
385 326 426 358 et
449 320 578 371 utique
604 324 669 356 aut
693 324 827 356 natura
853 318 978 356 omnia
997 323 1062 354 aut
1082 315 1184 354 nulla
1202 321 1350 353 natura.
1384 313 1501 368 Apud

184 392 254 417 nos
274 384 398 416 autem
418 375 456 415 id
476 376 620 428 poterit
638 374 774 422 audiri,
802 373 902 426 quod
928 373 990 412 dei
1017 372 1290 424 contemplatio
1314 373 1500 424 suggerit,

183 437 352 474 auctoris
378 435 560 480 omnium,
593 432 640 471 de
668 432 801 484 quibus
826 432 1035 483 quaeritur.
1097 429 1295 468 Credimus
1320 430 1438 476 enim,
1469 429 1503 468 si

185 491 274 545 quid
299 499 358 531 est
383 499 530 537 natura,
557 491 745 529 rationale
774 488 927 541 aliquod
954 501 1048 539 opus
1068 486 1131 526 dei
1157 499 1255 526 esse.
1293 486 1415 525 Porro
1440 499 1504 524 so-

184 563 307 588 mnum
322 550 420 587 ratio
441 548 578 600 praeit,
605 555 681 585 tam
702 554 840 598 aptum,
868 554 943 584 tani
966 546 1106 591 utilem,
1135 551 1210 582 tam
1230 543 1502 590 necessarium,

184 615 226 645 ut
250 607 392 658 absque
418 606 484 643 illo
511 605 613 643 nulla
637 605 762 642 anima
786 603 964 650 sufficiat,
997 608 1260 640 recreatorem
1285 613 1503 652 corporum,

183 663 532 714 redintegratorem
553 663 700 707 virium,
726 661 972 713 probatorem
988 657 1256 704 valetudinum,
1281 664 1504 709 pacatorem

184 734 356 772 operum,
384 719 572 758 medicum
598 718 781 765 laborum,
809 718 869 756 cui
895 717 1065 768 legitime
1091 713 1252 755 fruendo
1279 713 1362 753 dies
1388 712 1505 760 cedit,

183 791 261 815 nox
287 779 410 827 legem
442 777 554 822 facit,
592 776 771 813 auferens
802 788 927 813 rerum
960 775 1074 812 etiam
1106 773 1290 811 colorem.
1363 769 1507 818 Quodsi

183 834 313 879 vitale,
340 833 520 878 salutare,
547 832 731 869 auxiliare
758 844 923 876 somnus,
957 830 1048 867 nihil
1075 827 1261 867 eiusmodi
1286 841 1363 866 non
1388 828 1507 866 ratio-

183 889 292 937 nale,
327 889 418 926 nihil
450 901 526 926 non
555 887 743 924 naturale.
809 885 874 923 Sic
902 893 941 923 et
966 884 1102 923 medici
1131 898 1240 922 omne
1274 884 1506 922 contrarium

183 946 310 992 vitali,
348 945 523 991 salutari,
561 944 736 981 auxiliari
773 949 883 980 extra
920 948 1078 980 naturae
1111 939 1287 979 cardines
1318 940 1506 991 relegant.

183 1002 283 1042 Nam
309 1009 349 1040 et
374 1002 541 1040 aemulas
567 1013 697 1038 somno
722 997 973 1044 valetudines,
999 998 1262 1049 phreneticam
1288 1003 1401 1047 atque
1422 1008 1507 1035 car-

185 1058 345 1105 diacam,
373 1065 527 1110 praeter
551 1063 722 1095 naturam
745 1053 950 1093 iudicando
972 1054 1183 1092 naturalem
1204 1065 1374 1091 somnum
1393 1064 1508 1104 prae-

184 1115 473 1162 iudicaverunt3
523 1115 637 1152 etiam
674 1114 711 1151 in
749 1111 925 1163 lethargo
964 1124 1039 1149 non
1076 1109 1286 1148 naturalem
1329 1116 1508 1148 notantes

183 1173 403 1210 testimonio
442 1171 605 1208 naturali
642 1168 894 1221 respondent,
933 1181 1016 1207 cum
1048 1168 1085 1205 in
1111 1180 1178 1206 suo
1204 1172 1507 1218 temperamento

185 1236 255 1267 est.
318 1227 446 1266 Omnis
477 1228 575 1266 enim
606 1234 742 1265 natura
772 1233 836 1264 aut
867 1224 1158 1263 defraudatione
1184 1230 1250 1263 aut
1279 1224 1507 1262 enormitate

186 1284 431 1332 rescinditur,
458 1284 695 1336 proprietate
721 1295 920 1321 mensurae
948 1288 1210 1320 conservatur.
1248 1279 1307 1318 Ita
1332 1280 1508 1320 naturale

186 1344 260 1380 erit
285 1349 403 1388 statu,
438 1341 537 1392 quod
568 1354 644 1380 non
676 1339 848 1378 naturale
881 1338 979 1378 effici
1010 1345 1138 1390 potest
1168 1337 1330 1377 decessu
1353 1337 1416 1376 vel
1441 1349 1509 1376 ex-

187 1412 310 1437 cessu.
349 1397 460 1445 Quid,
486 1400 518 1436 si
543 1411 646 1435 esum
672 1404 710 1435 et
735 1404 864 1448 potum
890 1395 938 1434 de
964 1403 1122 1434 naturae
1149 1394 1314 1434 sortibus
1339 1395 1511 1433 eximas?

186 1467 271 1492 nam
297 1461 338 1492 et
362 1455 397 1491 in
424 1454 481 1491 his
505 1454 665 1504 plurima
690 1454 811 1491 somni
835 1460 1111 1504 praeparatura
1136 1459 1206 1491 est.
1261 1450 1377 1490 Certe
1402 1451 1462 1490 his
1485 1463 1510 1490 a

184 1509 395 1562 primordio
421 1517 581 1547 naturae
605 1522 695 1547 suae
722 1509 834 1546 homo
860 1509 1022 1547 imbutus
1048 1516 1118 1547 est.
1158 1507 1200 1547 Si
1219 1507 1318 1561 apud
1345 1506 1455 1546 deum
1469 1508 1507 1557 ¹)

187 1566 325 1613 discas,
358 1566 421 1607 ille
447 1566 533 1604 sons
553 1566 718 1616 generis,
744 1563 881 1611 Adam,
914 1571 1002 1602 ante
1029 1565 1149 1602 ebibit
1173 1577 1365 1615 soporem,
1399 1577 1509 1616 quam

186 1624 281 1662 sitiit
306 1624 489 1674 quietem,
527 1630 615 1661 ante
642 1622 813 1668 dormiit,
852 1634 960 1673 quam
986 1620 1205 1667 laboravit,
1231 1621 1306 1658 imo
1334 1616 1442 1671 quam
1469 1626 1509 1658 et

186 1679 278 1726 edit,
305 1680 379 1717 imo
401 1691 508 1731 quam
530 1686 570 1718 et
587 1680 759 1730 profatus
779 1684 851 1724 est,
878 1685 918 1715 ut
935 1676 1091 1715 videant
1109 1676 1321 1715 naturalem
1341 1675 1508 1715 indicem

186 1749 355 1774 somnum
370 1736 542 1774 omnibus
557 1735 789 1775 naturalibus
808 1734 1136 1786 principaliorem.
1172 1731 1265 1770 Inde
1286 1731 1509 1771 deducimur

185 1794 301 1831 etiam
326 1794 530 1844 imaginem
556 1793 688 1831 mortis
719 1793 792 1830 iam
824 1798 914 1829 tunc
946 1803 1030 1829 eum
1055 1801 1276 1828 recensere.
1339 1787 1381 1828 Si
1407 1789 1507 1833 enim
1534 1817 1535 1820 η

184 1848 309 1888 Adam
336 1848 383 1888 de
411 1849 563 1889 Christo
591 1850 750 1902 figuram
775 1847 902 1895 dabat,
917 1849 954 1896 2)
982 1859 1134 1886 somnus
1158 1843 1268 1888 Adae
1295 1852 1509 1895 morsterat

186 1906 326 1945 Christi
358 1905 559 1945 dormituri
583 1907 622 1945 in
647 1913 826 1952 mortem,
858 1911 900 1943 ut
930 1903 977 1943 de
1008 1903 1146 1943 iniuria
1176 1901 1337 1954 perinde
1375 1902 1508 1941 lateris

185 1964 267 2002 eius
290 1975 383 2002 vera
414 1971 536 2002 mater
559 1964 764 2002 viventium
789 1963 1020 2013 figuraretur
1045 1956 1273 2010 ecclesia.³)
1341 1957 1435 1997 Ideo
1467 1965 1508 1998 et

185 2033 336 2058 somnus
368 2027 444 2058 tam
475 2020 669 2066 salutaris,
708 2026 783 2058 tam
815 2019 1013 2057 rationalis
1044 2017 1158 2056 etiam
1190 2017 1228 2054 in
1259 2015 1435 2068 publicae
1466 2021 1508 2054 et

186 2078 392 2116 communis
412 2078 486 2116 iam
511 2077 641 2115 mortis
667 2076 857 2127 effingitur
882 2075 1088 2126 exemplar.
1126 2072 1259 2112 Voluit
1278 2073 1377 2110 enim
1397 2070 1504 2119 deus,

185 2140 226 2172 et
249 2133 342 2172 alias
372 2134 465 2173 nihil
496 2134 578 2172 sine
603 2132 882 2184 exemplaribus
907 2133 946 2170 in
971 2144 1039 2170 sua
1064 2129 1314 2182 dispositione
1339 2128 1504 2175 molitus,

183 2189 446 2243 paradigmate
472 2189 671 2228 Platonico
697 2190 850 2241 plenius
882 2189 1033 2227 humani
1061 2187 1123 2234 vel
1147 2186 1309 2225 maxime
1334 2185 1433 2224 initii
1457 2197 1504 2224 ac

186 2248 269 2286 finis
294 2248 414 2286 lineas
440 2246 609 2299 quotidie
636 2259 753 2297 agere
779 2246 987 2292 nobiscum,
1014 2257 1162 2283 manum
1186 2243 1389 2295 porrigens
1414 2239 1506 2280 fidei

187 2305 335 2342 facilius
372 2302 607 2342 adiuvandae
644 2316 714 2354 per
750 2303 934 2354 imagines
961 2308 1000 2340 et
1029 2300 1250 2352 parabolaS‚
1288 2299 1388 2337 sicut
1422 2309 1505 2336 ser-

188 2373 350 2406 mon-um,
377 2362 431 2398 ita
455 2367 496 2399 et
519 2373 658 2398 rerum.
712 2359 897 2411 Proponit
921 2359 1038 2409 igitur
1062 2358 1131 2397 tibi
1157 2369 1295 2408 corpus
1319 2355 1442 2393 amica
1465 2354 1504 2392 vi
1549 2391 1552 2393 ,

189 2418 337 2467 soporis
363 2417 507 2464 elisum,
532 2415 671 2455 blanda
696 2417 833 2467 quietis
853 2415 1083 2454 necessitate
1102 2412 1345 2466 prostratum,
1370 2412 1503 2450 immo-

282 2539 318 2583 1)
333 2542 454 2574 Genes.
468 2542 500 2583 2,
514 2543 568 2572 21.
625 2539 723 2581 2)1ta
736 2540 879 2581 Rigalt.;
899 2541 975 2573 alii:
995 2541 1222 2582 figurabat.
1281 2537 1315 2578 3)
1324 2538 1370 2568 io.
1380 2532 1434 2577 19,
1447 2534 1501 2566 84.
