1604 2800
161 217 271 255 1⁰⁰
376 217 449 247 DE
485 213 998 247 RESURRECTIONE
1034 213 1263 248 CARNIS.

162 312 301 351 salvam
334 307 595 348 adseverabis.
664 306 715 346 Et
745 313 872 346 tamen
902 319 1034 346 navem
1066 306 1241 359 procella
1272 305 1490 361 dissipatam

160 369 221 408 vel
249 368 353 407 carie
380 366 615 412 dissolutam,
642 364 812 404 redactis
831 371 871 404 et
890 364 1080 404 recuratis
1100 364 1274 404 omnibus
1298 366 1491 414 memhris,

162 424 322 465 eandem
355 437 471 477 saepe
504 424 772 475 conspeximus
802 423 916 462 etiam
950 422 1060 460 titulo
1091 423 1347 463 restitutionis
1372 424 1494 476 glori-

161 490 302 522 antem.
374 482 432 521 De
470 480 533 521 dei
570 481 736 519 artificio
775 486 815 519 et
851 480 1012 519 arbitrio
1051 486 1090 519 et
1127 481 1208 520 iure
1246 483 1495 534 torquemur?

160 541 284 580 Porro
310 541 342 578 si
367 540 474 579 dives
500 539 674 578 dominus
699 545 740 577 et
763 537 935 577 liberalis
959 538 1115 578 affectui
1141 545 1206 577 aut
1231 538 1380 590 gloriae
1400 552 1492 579 suae

160 606 360 652 praestans
385 599 504 637 solam
536 598 643 636 navis
669 597 971 643 restitutionem,
1004 597 1191 636 hactenus
1215 609 1299 645 eam
1325 597 1495 637 voluerit

161 657 334 709 operari,
373 655 522 695 idcirco
560 663 600 694 tu
638 654 798 706 negabis
835 656 1093 694 necessariam
1131 654 1185 693 illi
1225 655 1493 707 compaginem

160 716 377 767 pristinam,
415 721 458 752 ut
488 712 628 752 exinde
655 714 728 752 iam
753 719 994 759 vacaturam,
1033 725 1118 752 cum
1150 712 1222 751 soli
1248 712 1360 751 saluti
1386 714 1493 752 navis

160 773 242 810 sine
269 773 496 823 operatione
524 771 753 809 conveniat?
801 770 923 821 Igitur
947 771 1022 810 hoc
1048 769 1310 809 tantummodo
1338 769 1492 810 discere

160 828 314 875 sufficit,
347 841 395 866 an
428 827 603 866 dominus
628 827 818 865 hominem
845 828 957 866 saluti
985 827 1214 867 destinando
1242 840 1397 868 carnem
1424 827 1494 867 de·

160 887 323 932 stinarit‚
351 898 398 923 an
424 884 584 923 eandem
609 885 703 923 velit
728 883 852 923 denuo
880 897 985 931 esse,
1018 898 1127 936 quam
1154 899 1230 923 non
1257 884 1418 924 debebis
1443 898 1492 942 ex·

158 944 286 982 futura
319 942 572 982 membrorum
605 943 808 980 vacatione
840 942 1111 993 praescribere
1143 936 1269 981 denuo
1302 955 1389 982 esse
1415 956 1490 981 non

158 1013 285 1053 posse.
353 999 466 1039 Licet
491 1001 590 1038 enim
617 1012 702 1038 esse
729 998 818 1051 quid
845 998 970 1038 denuo
995 1006 1036 1038 et
1059 1000 1304 1038 nihilominus
1328 1012 1490 1048 vacare3

158 1071 230 1097 nec
256 1064 386 1111 potest
410 1064 537 1096 autem
564 1055 640 1095 dici
669 1069 831 1103 vacare,
864 1057 896 1094 si
928 1070 1003 1094 non
1036 1057 1097 1094 sit.
1164 1055 1217 1095 At
1242 1057 1343 1096 enim
1370 1058 1402 1096 si
1427 1058 1490 1106 sit,

156 1116 301 1167 poterit
326 1122 366 1154 et
391 1128 466 1153 non
491 1127 646 1161 vacare,
673 1114 766 1152 nihil
793 1114 892 1152 enim
920 1112 1021 1165 apud
1046 1112 1158 1152 deum
1181 1113 1348 1154 vacabit.

272 1176 340 1215 61.
403 1171 481 1211 Sed
507 1172 706 1224 accepisti,
733 1171 868 1218 homo,
902 1184 944 1210 os
970 1170 1018 1210 ad
1044 1170 1252 1211 vorandum
1279 1178 1394 1224 atque
1419 1185 1491 1225 po-

155 1228 329 1278 tandum3
365 1243 433 1269 cur
465 1243 540 1268 non
572 1231 699 1282 potius
731 1228 779 1268 ad
812 1228 1086 1281 eloquendum,
1117 1236 1160 1268 ut
1189 1242 1213 1268 a
1238 1230 1382 1270 ceteris
1405 1231 1490 1270 ani·
1546 1274 1561 1280 l

156 1288 316 1327 malibus
343 1287 486 1326 distes?
523 1301 592 1327 cur
622 1301 698 1326 non
730 1288 856 1339 potius
882 1286 929 1326 ad
955 1285 1257 1339 praedicandum
1285 1285 1416 1336 deum,
1447 1295 1490 1327 ut

156 1346 270 1383 etiam
314 1345 530 1384 hominibus
572 1346 758 1384 antistes?
827 1344 1003 1397 Denique
1040 1344 1162 1384 Adam
1207 1352 1296 1385 ante
1333 1347 1488 1385 nomina

155 1402 381 1440 animalibus
406 1404 629 1448 enuntiavit,
657 1416 766 1454 quam
787 1401 835 1441 de
856 1403 997 1442 arbore
1025 1401 1233 1455 decerpsit,
1259 1410 1349 1443 ante
1371 1404 1487 1444 etiam

154 1459 417 1510 prophetavit,
457 1472 567 1510 quam
603 1461 766 1497 voravit.
842 1458 920 1498 Sed
953 1461 1140 1512 accepisti
1173 1459 1308 1503 dentes
1334 1459 1381 1500 ad
1407 1474 1489 1501 ma-

156 1515 293 1553 cellum
327 1515 630 1564 corrodendum,
664 1529 733 1554 cur
763 1529 839 1554 non
870 1517 997 1567 potius
1023 1517 1072 1555 ad
1099 1531 1248 1557 omnem
1279 1518 1422 1558 hiatum
1447 1525 1488 1558 et

153 1573 291 1611 rictum
318 1579 419 1611 tuum
447 1572 733 1611 coronandum?
758 1586 826 1610 cur
850 1586 924 1610 non
951 1575 1078 1624 potius
1104 1573 1152 1611 ad
1178 1576 1307 1625 pulsus
1334 1577 1487 1627 linguae

153 1629 438 1682 temperandos,
465 1629 513 1669 ad
538 1631 645 1669 vocis
670 1630 855 1668 articulos
881 1630 1095 1669 offensione
1117 1630 1353 1681 signandos?
1377 1631 1488 1671 deni-

153 1700 226 1739 que
241 1694 280 1726 et
294 1687 495 1727 edentulus
515 1701 576 1735 es3
609 1686 678 1726 sed
704 1686 792 1726 audi
818 1694 858 1725 et
881 1686 982 1734 vide,
1009 1694 1050 1725 ut
1069 1687 1254 1727 honorem
1276 1689 1355 1728 oris
1369 1696 1409 1728 et
1422 1687 1486 1729 οἰ·-

151 1758 289 1795 ganum
317 1744 483 1784 dentium
512 1746 687 1797 Quaeras.
750 1744 889 1783 Forata
918 1751 1005 1792 sunt
1029 1745 1180 1784 inferna
1206 1745 1244 1784 in
1268 1746 1354 1784 viro
1381 1754 1421 1786 et
1445 1747 1483 1787 in

150 1803 310 1850 femina,
349 1803 521 1841 nimirum
555 1816 627 1855 qua
660 1800 838 1841 libidines
874 1802 1043 1851 fluitent,
1083 1815 1152 1841 cur
1182 1815 1258 1842 non
1291 1805 1412 1855 magis
1437 1803 1485 1844 de

147 1861 298 1898 fluxura
324 1861 526 1899 colentur?
561 1860 632 1899 Est
655 1859 780 1899 adhuc
805 1860 958 1905 feminis
983 1861 1098 1907 intus,
1125 1873 1201 1913 quo
1224 1862 1484 1902 seminacon-
1534 1859 1539 1862 ¹

149 1924 351 1967 gerantur,
384 1931 431 1956 an
466 1931 539 1970 quo
571 1919 769 1969 sanguinis
796 1930 916 1956 onera
941 1916 1147 1965 secedant,
1185 1931 1297 1970 quem
1334 1919 1486 1972 pigrior

149 1986 263 2012 sexus
289 1973 482 2013 discutere
509 1989 584 2013 non
610 1975 771 2014 sufficit?
837 1974 1012 2014 Dicenda
1043 1976 1144 2015 enim
1170 1982 1211 2015 et
1235 1975 1352 2024 haec,
1391 1989 1484 2030 qua-

147 2037 277 2077 tenus,
312 2045 408 2083 quae
440 2033 590 2080 volunt,
629 2040 669 2071 et
701 2033 866 2085 qualiter
888 2033 1040 2079 volunt,
1079 2039 1119 2071 et
1150 2045 1309 2084 quorum
1334 2035 1480 2082 volunt,

148 2087 275 2126 officia
306 2089 559 2127 membrorum
592 2090 802 2130 ludibriose
829 2089 876 2128 de
903 2089 1089 2129 industria
1114 2089 1392 2131 suffundendae
1418 2104 1482 2132 re-

147 2146 399 2185 surrectionis
427 2146 632 2195 oblatrant,
659 2162 733 2187 non
760 2149 1038 2199 recogitantes,
1065 2148 1168 2199 ipsas
1193 2148 1298 2199 prius
1324 2161 1480 2188 caussas

145 2204 389 2242 necessitatis
420 2211 511 2242 tunc
542 2213 763 2253 vacaturas,
803 2206 881 2244 cibi
917 2206 1055 2244 famem
1088 2211 1128 2243 et
1158 2212 1271 2257 potus
1307 2207 1407 2245 sitim
1440 2214 1481 2246 et

147 2261 372 2300 concubitus
398 2263 610 2313 genituram
638 2270 678 2302 ct
703 2263 940 2315 operationis
964 2263 1118 2301 victum.
1187 2261 1347 2303 Sublata
1378 2264 1477 2303 enim

147 2325 272 2357 morte
310 2326 434 2370 neque
470 2319 595 2358 victus
631 2321 854 2360 fulcimenta
890 2318 940 2359 ad
975 2319 1170 2372 praesidia
1213 2316 1322 2360 vitae
1352 2333 1477 2373 neque

147 2376 301 2424 generis
327 2384 577 2428 supparatura
604 2379 731 2428 gravis
756 2379 832 2417 erit
857 2377 1048 2417 membris.
1087 2377 1335 2422 Ceterum'et
1358 2376 1475 2417 hodie

146 2444 286 2470 vacare
317 2434 508 2472 intestinis
533 2442 573 2473 et
597 2434 783 2486 pudendis
816 2435 964 2474 licebit.
1040 2434 1303 2487 Quadraginta
1339 2434 1474 2476 diebus

144 2486 325 2540 Moses1)
361 2497 401 2528 et
433 2490 563 2530 Helias
577 2493 614 2541 2)
653 2493 796 2531 ieiunio
834 2494 980 2540 functi,
1017 2493 1102 2532 solo
1141 2491 1215 2532 deo
1251 2492 1471 2532 alebantur.

236 2610 274 2655 1)
291 2614 398 2647 Exod.
415 2617 469 2656 24,
486 2619 539 2647 18.
636 2619 795 2659 2)1Reg.
810 2620 865 2658 19,
882 2621 914 2650 8.
