1604 2800
481 230 555 261 DE
593 231 787 262 CARNE
824 232 1078 265 CHRISTI.
1382 233 1445 271 ΕΒ

117 324 156 363 ni
176 323 214 371 1)
241 323 369 361 carnis
394 323 641 374 ignominiam
666 323 924 376 praetendunt
948 326 1132 372 maxime,
1172 338 1281 378 quam
1313 327 1448 366 volunt

117 380 166 420 ab
191 381 308 431 igneo
334 380 401 419 illo
428 380 606 432 praeside
633 381 720 420 mali
746 383 964 421 sollicitatis
984 382 1182 422 animabus
1196 382 1445 432 adstructam,

117 445 158 477 et
193 436 344 476 idcirco
381 437 576 489 indignam
615 438 790 487 Christo,
830 447 870 478 et
906 439 1056 478 idcirco
1088 439 1137 479 de
1169 440 1359 481 sideribus
1391 443 1448 481 illi

118 495 366 534 substantiam
392 497 643 548 competisse,
672 495 797 536 debeo
824 498 911 536 illos
937 496 985 536 de
1011 510 1079 536 sua
1103 505 1286 550 paratura
1311 513 1447 551 reper—

118 559 266 592 cutere.
326 551 517 604 Angelum
555 553 742 605 quendam
779 555 950 594 inclitum
988 556 1203 603 nominant,
1242 558 1305 608 qui
1341 571 1448 596 mun-

118 609 205 650 dum
241 610 342 649 hunc
379 611 588 650 instituerit
625 619 665 650 et
706 612 879 651 instituto
924 626 972 652 eo
1015 614 1290 665 poenitentiam
1328 613 1449 653 admi-

117 669 224 707 serit.
244 668 285 719 ²)
346 667 396 706 Et
422 668 495 707 hoe
521 682 589 707 suo
617 670 705 708 loco
731 671 1001 718 tractavimus3
1041 684 1126 709 uam
1158 678 1218 710 est
1243 671 1354 710 nobis
1379 671 1448 710 ad-

116 738 250 765 versus
275 725 362 764 illos
388 726 552 765 libellus.
613 726 675 765 An
696 728 758 779 qui
783 729 955 779 spiritum
982 735 1022 766 et
1045 728 1281 767 voluntatem
1308 736 1348 767 et
1371 731 1449 767 vir-

117 790 237 822 tutem
265 781 410 821 Christi
435 783 614 821 habuerit
639 782 687 822 ad
713 797 761 822 ea
787 797 924 836 opera,
963 784 1117 835 dignum
1145 784 1285 837 aliquid
1312 787 1450 836 poeni-

116 841 239 880 tentia
262 840 422 886 fecerit,
462 854 546 878 cum
578 841 756 892 angelum
783 843 897 880 etiam
923 840 971 880 de
998 842 1121 892 figura
1146 843 1340 881 erraticae
1367 844 1449 881 ovis

117 899 446 949 interpretentur?
503 897 619 936 Teste
669 899 787 949 igitur
834 899 1075 950 poenitentia
1117 900 1350 938 institutoris
1391 902 1449 939 sui

117 954 299 1001 delictum
325 955 402 993 erit
426 954 605 1002 mundus,
644 956 675 993 si
703 954 854 1007 quidem
881 957 1003 995 omnis
1028 958 1269 1008 poenitentia
1296 958 1450 996 conses-

117 1013 176 1051 sio
202 1019 263 1051 est
287 1011 440 1059 delicti,
480 1013 568 1065 quia
600 1013 727 1051 locum
759 1027 835 1051 non
868 1013 984 1052 habet
1016 1015 1087 1052 nisi
1119 1015 1157 1052 in
1184 1013 1344 1053 delicto.
1407 1014 1450 1053 Si

118 1068 278 1109 mundus
315 1068 498 1109 delictum
537 1076 615 1116 est,
655 1071 742 1122 quia
781 1083 923 1122 corpus
960 1077 1000 1109 ct
1037 1071 1225 1118 membra,
1265 1071 1449 1111 delictum

117 1128 194 1167 erit
210 1126 252 1180 ³)
277 1126 440 1179 proinde
467 1134 507 1166 et
533 1127 682 1166 coelum
715 1134 755 1166 et
786 1128 973 1166 coelestia
1005 1141 1089 1166 cum
1121 1130 1254 1175 coelo;
1292 1130 1325 1167 si
1358 1141 1449 1167 coe-

118 1185 251 1231 lestia,
277 1191 318 1222 et
343 1183 520 1236 quicquid
550 1183 638 1222 inde
665 1192 894 1236 conceptum
920 1185 1186 1236 prolatumque
1213 1192 1284 1223 est.
1345 1185 1450 1224 Mala

118 1240 237 1280 arbor
261 1241 382 1279 malos
406 1241 554 1279 fructus
580 1240 671 1280 edat
687 1243 726 1288 ⁴)
755 1254 915 1280 necesse
942 1249 1014 1280 est.
1077 1241 1178 1280 Caro
1204 1243 1323 1293 igitur
1337 1242 1450 1281 Chri-

119 1299 168 1338 sti
193 1297 242 1336 de
275 1298 510 1337 coelestibus
541 1305 706 1345 structa,
744 1297 792 1337 de
829 1300 983 1351 peccati
1022 1300 1196 1338 constitit
1233 1300 1447 1345 elementis,

119 1356 322 1409 peccatrix
346 1354 395 1394 de
420 1356 647 1407 peccatorio
675 1368 811 1404 ceusu,
851 1363 891 1395 et
920 1369 1009 1408 pars
1041 1357 1116 1395 iam
1147 1357 1223 1395 erit
1254 1357 1335 1395 eius
1361 1357 1450 1395 sub-

119 1414 304 1460 stantiae,
330 1411 370 1450 id
395 1419 455 1451 est
481 1420 656 1460 nostrae,
689 1426 800 1465 quam
824 1420 867 1451 ut
891 1414 1153 1465 peccatricem
1180 1413 1355 1451 Christus
1381 1412 1450 1452 de-

120 1470 302 1523 dignatur
324 1468 499 1508 induere.
562 1470 619 1508 Ita
649 1471 681 1508 si
713 1471 805 1508 nihil
837 1469 885 1509 de
917 1471 1128 1522 ignominia
1165 1472 1347 1518 interest,
1386 1478 1451 1509 aut

119 1529 233 1568 aliam
257 1528 425 1580 purioris
455 1534 572 1566 notae
603 1529 803 1566 materiam
836 1529 1064 1579 excogitent
1101 1527 1275 1576 Christo,
1315 1527 1451 1580 quibus

119 1585 301 1638 displicet
326 1592 478 1632 nostra,
517 1591 583 1623 aut
607 1584 769 1624 eandem
795 1593 1028 1637 agnoscant,
1067 1599 1141 1638 qua
1172 1587 1287 1625 etiam
1319 1586 1450 1624 coele-

118 1644 190 1683 stis
214 1643 352 1682 melior
376 1655 461 1682 esse
488 1656 563 1681 non
589 1644 727 1694 potuit.
788 1642 970 1694 Legimus
995 1643 1128 1694 plane:
1166 1645 1309 1695 primus
1334 1643 1449 1681 homo

120 1700 170 1740 de
200 1707 336 1747 terrae
369 1700 478 1745 limo,
522 1699 712 1738 secundus
742 1700 856 1738 homo
884 1699 931 1738 de
959 1700 1086 1738 coelo.
1107 1701 1144 1748 5)
1207 1699 1296 1738 Non
1323 1707 1450 1738 tamen

120 1757 168 1797 ad
194 1748 380 1796 materiae
407 1756 663 1795 differentiam
688 1763 850 1808 spectat,
877 1755 945 1794 sed
972 1763 1116 1795 tantum
1141 1764 1321 1796 terrenae
1343 1763 1450 1795 retro

121 1814 358 1854 substantiae
386 1814 531 1859 carnis,
563 1814 676 1864 primi
700 1814 882 1859 hominis,
921 1811 961 1851 id
986 1820 1044 1851 cst
1069 1812 1199 1860 Adae,
1239 1814 1450 1852 coelestem

122 1871 171 1912 de
197 1871 332 1923 spiritu
357 1869 607 1908 substantiam
633 1870 793 1920 opponit
816 1868 977 1908 secundi
1002 1870 1180 1916 hominis,
1206 1869 1246 1908 id
1265 1877 1325 1908 est
1339 1870 1451 1908 Chri-

121 1930 187 1968 sti.
250 1927 300 1966 Et
324 1925 423 1965 adeo
450 1925 497 1965 ad
530 1926 722 1978 spiritum,
762 1940 838 1964 non
870 1926 919 1965 ad
951 1928 1107 1966 carnem
1139 1928 1349 1966 coelestem
1381 1927 1451 1966 lio·

122 1987 262 2025 minem
286 1985 428 2031 refert,
468 1991 508 2022 ut
533 1997 627 2035 quos
652 1984 707 2022 sic
734 1991 951 2036 comparat,
984 1992 1138 2023 constet
1168 1986 1206 2022 in
1232 1985 1305 2024 hac
1332 1997 1450 2023 carne

110 2051 279 2083 ,terrena
305 2042 498 2082 coelestes
523 2041 627 2087 fieri,
665 2041 799 2093 spiritu
831 2042 994 2080 scilicet.
1057 2041 1202 2090 Quodsi
1239 2041 1448 2081 secundum

124 2113 281 2140 caruem
312 2112 462 2152 quoque
496 2099 677 2138 coelestis
703 2097 895 2146 Christus,
933 2112 1010 2137 nou
1047 2106 1366 2152 compararentur
1395 2099 1451 2138 illi

124 2290 142 2297 ,
217 2262 255 2302 1)
280 2261 507 2300 scripsimus:
538 2260 804 2301 Apenestai,
828 2259 1091 2304 Λπελληΐανοὶ,
1128 2264 1272 2292 auctore
1295 2259 1452 2298 Epipha-

125 2310 201 2348 nio,
224 2307 321 2339 haer.
337 2308 392 2337 44.
417 2307 525 2338 Rhen.
539 2307 591 2338 ed.
604 2308 629 2338 1.
654 2305 951 2346 Apellaciani,
977 2309 1013 2338 in
1027 2308 1192 2348 margine,
1208 2309 1245 2338 ut
1258 2306 1362 2336 etiam
1378 2305 1452 2335 cod.

126 2353 262 2386 Ursini:
287 2353 521 2392 Apelliaci3
547 2353 621 2393 Rig.
641 2363 659 2383 e
680 2353 755 2384 cod.
772 2351 898 2393 Agob.:
925 2354 1190 2393 Apelleiaci,
1214 2350 1452 2383 cod.Pithoei:

125 2398 440 2440 Apelliaciani‚
479 2398 554 2430 cod.
579 2399 731 2430 Bivium:
757 2399 1067 2440 appellationi3
1091 2399 1142 2430 ed.
1168 2399 1270 2429 Fran.
1293 2400 1328 2427 et
1352 2397 1451 2427 Sem-

124 2447 193 2479 ler:
229 2445 522 2485 Apelleciani;
559 2445 732 2475 referente
766 2444 822 2476 Fr.
856 2445 955 2476 Iunio
979 2445 1055 2476 alii:
1091 2442 1361 2483 Apelletiani
1398 2442 1452 2472 vel

125 2491 382 2532 Apelleiani.
478 2489 511 2529 2)
535 2490 649 2520 Latin.
663 2493 697 2521 et
710 2490 783 2530 Rig.
798 2490 1088 2522 admiscuerit.
1184 2487 1218 2528 3)
1243 2489 1319 2529 Rig.
1337 2497 1356 2519 e
1375 2487 1452 2519 cod.

126 2539 250 2580 Agob.:
286 2547 404 2576 quam
439 2545 598 2576 corpus
629 2538 670 2566 et
695 2537 876 2567 membra
901 2536 1104 2567 delictum
1130 2535 1236 2567 erit}
1273 2533 1453 2574 perinde

126 2587 168 2615 et
193 2584 378 2622 coelum,
405 2586 448 2614 et
473 2582 702 2621 coelestia,
724 2583 764 2613 et
783 2581 991 2621 quicquid
1009 2582 1105 2613 inde
1125 2589 1240 2613 conc.
1256 2580 1453 2620 prohest.

127 2629 166 2669 ς)
189 2629 427 2671 Manu-517.
523 2629 558 2667 5)
586 2630 604 2658 1
621 2629 830 2669 cor.15,47.
