1566 2808
231 181 308 213 DE
340 181 974 217 PRAEscluthoNlBth
1009 183 1260 215 HAERET.
1348 183 1420 220 22

38 285 43 290 ’
82 271 298 323 ducentur,
320 271 412 313 dnm
437 280 502 312 aut
527 275 601 313 iam
626 281 718 313 tunc
742 275 861 314 fuisse
887 274 1248 327 deprehenduntur,
1274 282 1342 314 aut
1366 288 1417 315 ex

86 331 184 379 illis,
214 343 313 384 qne
336 331 413 370 iam
436 338 528 370 tunc
553 333 728 380 fuerunt,
766 334 913 372 semina
943 333 1161 385 sumpsisse.
1210 331 1351 372 Paulus
1376 334 1416 372 in

86 389 212 442 pri-2
233 386 285 428 ud
308 387 535 428 Corinthios
572 396 682 428 notat
706 397 916 442 negatores
942 397 982 429 et
1013 390 1254 429 dubitatores
1286 399 1418 429 resur-

88 446 277 488 notionis
295 445 347 500 ι).
397 446 504 485 Haec
531 447 661 499 opinio
695 449 853 500 propria
871 449 910 500 2)
937 446 1282 493 Sadducaeorum.'
1322 447 1419 486 Par-

86 510 166 544 tem
201 503 286 544 eins
319 510 480 556 usurpat
502 504 680 544 Marcion
711 512 752 544 et
776 505 934 558 Apelles
966 513 1006 544 et
1028 500 1277 552 Valentinus,
1315 503 1356 544 et
1386 506 1419 544 si

88 562 153 614 qui
189 561 257 601 alii
293 563 623 601 resurrectionem
659 563 881 614 infringunt.
946 562 1010 602 Ad
1049 561 1206 602 Galatas
1242 563 1418 601 scribens

86 619 283 659 invehitur
318 620 357 658 in
395 619 669 659 observatores
706 627 746 659 et
776 595 1011 660 defensores
1042 620 1347 686 circumcisivlis
1379 627 1420 658 et

38 724 43 729 ‚
89 677 190 728 legis
205 676 261 730 ³).
291 676 497 716 Hebionis
528 677 702 716 haeresis
734 685 807 719 est
856 678 1098 716 Timotheum
1130 678 1324 716 instruens
1349 690 1419 715 nu-

87 735 253 787 ptiarum
290 747 443 786 quoque
479 734 755 773 interdictores
798 735 981 787 suggillat
997 736 1051 782 ⁴¹).
1114 734 1173 774 Ita
1215 735 1419 773 instituunt

67 790 266 831 Mas-cion
290 798 331 830 et
354 791 533 844 Apelles,
572 793 655 831 eius
685 799 856 832 secutor.
912 791 1049 844 Aeque
1083 794 1208 844 tangit
1232 805 1320 839 eos,
1356 793 1419 844 qui

89 848 287 896 dicerent,
331 849 472 888 tactam
498 851 572 888 iam
598 851 924 889 resurrectionem
945 852 994 900 5).
1057 849 1100 888 Id
1133 849 1181 889 de
1213 863 1254 888 se
1275 850 1313 898 ⁶)
1338 849 1419 888 Va-

89 907 291 961 lentiniani
316 906 559 946 adseverant.
611 907 690 946 Sed
722 915 762 946 et
794 922 878 946 eum
910 908 1163 959 genealogias
1194 906 1420 946 indetermi—

89 966 250 1015 natasT)
275 966 465 1013 nominat,
502 965 732 1004 Valentinus
758 967 1003 1017 agnoscitur,
1042 965 1143 1018 apud
1175 978 1286 1018 quem
1318 978 1419 1004 aeon

62 1022 156 1063 -ille
193 1023 327 1062 nescio
366 1024 430 1076 qui
467 1025 556 1062 novi
589 1031 629 1062 et
665 1037 741 1062 non
778 1025 888 1062 unius
926 1025 1089 1062 nominis
1115 1029 1279 1075 generat
1303 1036 1325 1062 e
1351 1036 1419 1061 sua

90 1079 250 1120 Charite
274 1093 428 1120 sensum
459 1088 500 1120 et
528 1082 749 1129 veritatem,
784 1088 825 1120 et
854 1081 893 1120 hi
926 1094 1049 1133 aeque
1087 1087 1297 1133 procreant
1329 1079 1418 1126 duo,

90 1143 308 1183 §ermonem
345 1146 386 1178 et
419 1140 554 1185 vitam,
593 1138 733 1177 dehinc
771 1146 811 1177 et
847 1139 910 1177 isti
942 1146 1134 1190 generant
1163 1138 1355 1177 hominem
1381 1144 1421 1176 et

90 1195 319 1244 ecclesiam,
353 1203 487 1248 estque
518 1196 617 1234 haec
648 1197 770 1248 prima
804 1195 960 1247 Ogdoas
975 1197 1011 1243 S)
1040 1209 1217 1234 aeonum,
1268 1193 1419 1234 Exinde

91 1251 229 1292 decem
263 1254 332 1293 alii
368 1261 408 1293 et
445 1253 649 1292 duodecim
686 1254 824 1305 reliqui
868 1266 1013 1292 aeones
1055 1254 1161 1291 miris
1205 1252 1421 1291 nominibus

92 1311 271 1350 oriuntur
294 1313 333 1363 in
359 1325 502 1350 meram
528 1311 695 1350 fabulam
722 1312 881 1362 triginta
910 1324 1087 1349 aeonum.
1133 1309 1238 1348 Idem
1264 1317 1422 1361 aposto-

91 1369 166 1415 las,
193 1382 279 1408 cum
303 1369 496 1421 improbat
520 1369 723 1406 elementis
754 1369 987 1414 servientes,
1014 1369 1180 1419 aliquem
1207 1367 1422 1418 Hermoge-

90 1426 231 1477 nem9)
257 1425 445 1473 ostendit,
484 1427 547 1478 qui
577 1427 777 1465 materiam
810 1439 887 1464 non
913 1433 1040 1464 natam
1070 1423 1320 1466 introducens
1347 1423 1420 1463 deo

91 1495 170 1522 non
194 1491 285 1524 nato
311 1497 396 1528 eam
422 1491 640 1537 comparat,
678 1490 718 1523 et
742 1485 796 1522 ita
822 1491 981 1523 matrem
1007 1484 1285 1523 elementorum
1311 1481 1422 1521 deam

90 1540 242 1582 faciens
276 1549 407 1595 potest
436 1543 480 1581 ei
516 1543 682 1589 servire,
722 1553 832 1594 quam
870 1541 944 1580 deo
983 1548 1195 1594 comparat.
1256 1540 1422 1579 Ioannes

91 1598 247 1640 veroin
265 1600 505 1652 Apocalypsi
530 1599 750 1652 idolothyta
775 1598 936 1639 edentes
963 1606 1003 1638 et
1021 1607 1154 1651 stupra
1181 1600 1422 1637 committen-

90 1660 231 1708 tut¹⁰)
257 1659 366 1698 iubet
390 1659 598 1709 castigare.
631 1657 729 1697 Sunt
753 1665 794 1696 et
819 1658 1010 1696 nnnc“alii
1035 1656 1276 1703 Nicolaitae,
1310 1656 1423 1694 Caia-

93 1715 224 1766 nass)
243 1716 423 1766 haeresis
449 1715 602 1755 dicitur.
633 1715 689 1754 At
712 1717 751 1754 in
771 1716 937 1767 epistola
962 1728 1030 1753 eos
1055 1715 1219 1752 maxime
1238 1713 1424 1752 antichri-

94 1781 176 1814 stos
199 1780 333 1820 vocat,
358 1774 424 1825 qui
450 1773 644 1811 Christum
667 1780 861 1824 negarent
884 1773 923 1810 in
950 1785 1067 1810 carne
1092 1772 1264 1818 venisse,
1297 1777 1338 1809 et
1362 1771 1424 1822 qui

94 1845 173 1872 non
208 1830 538 1884 putarentJesum
576 1844 661 1869 esse
699 1830 815 1868 filium
853 1829 928 1868 dei.
990 1828 1088 1868 lllud
1111 1829 1309 1875 Marcion,
1349 1828 1423 1866 hoc

10 1898 26 1911 '
93 1889 223 1930 Rhion
245 1888 469 1927 vindicavit.
528 1887 775 1940 Simonianae
796 1894 924 1926 autem
949 1888 1109 1938 magiae
1126 1885 1332 1938 disciplina
1357 1899 1424 1924 an-

94 1947 195 2000 gulis
218 1947 411 1993 serviens,
437 1947 568 1998 utique
594 1953 635 1984 et
659 1947 743 1998 ipsa
774 1946 878 1984 inter
901 1943 1144 1983 idololatrias
1169 1943 1426 1996 deputabatur

14 1999 43 2045 Γ.
94 2012 138 2046 et
159 2019 184 2044 a
207 2004 326 2044 Petro
352 2004 531 2056 apostolo
557 2004 596 2042 in
622 2004 706 2056 ipso
733 2002 890 2041 Simone
917 2001 1187 2043 damnabatur.

210 2066 281 2105 34.
331 2061 439 2101 Haec
463 2068 563 2109 sunt,
590 2069 632 2100 ut
655 2061 838 2108 arbitror,
864 2074 1010 2112 genera
1035 2059 1299 2100 doctrinarum
1317 2058 1426 2098 adnl-

95 2119 327 2168 tenuatum,
371 2131 469 2172 quae
501 2119 570 2158 sub
602 2120 789 2172 apostolis
820 2119 937 2158 fuisse
964 2119 1011 2158 ab
1037 2119 1130 2170 ipsis
1155 2118 1342 2170 apostolis
1368 2116 1425 2155 di-

91 2178 257 2231 scimus,
287 2185 329 2216 et
357 2185 485 2217 tamen
516 2178 656 2216 nullam
686 2177 899 2215 invenimus
928 2177 1205 2215 institutionem
1236 2176 1339 2214 inter
1371 2181 1427 2212 tot

0 2247 2 2249 ·
39 2225 65 2276 ⁸.
97 2235 345 2275 diversitates
368 2236 683 2287 perversitatum,
718 2247 815 2287 quae
841 2233 889 2285 de
916 2233 991 2273 deo
1019 2241 1200 2273 creatore
1225 2233 1425 2270 universo-

14 2378 25 2394 ς
193 2360 231 2405 1)
258 2363 441 2401 1Cor.15,
457 2363 511 2391 12.
605 2361 643 2404 2)
669 2362 776 2392 Rhen.
791 2365 824 2393 et
838 2363 931 2394 Pam.
954 2362 1099 2402 prima.
1195 2357 1234 2402 3)
1259 2358 1335 2390 Gal.
1350 2359 1426 2398 5,2.

86 2407 129 2441 4
166 2410 188 2440 ι
212 2410 301 2441 Τιω.
326 2409 405 2448 4,3
409 2430 418 2439 .
537 2405 576 2450 5)
601 2409 623 2437 2
647 2408 735 2439 Tim.
769 2409 801 2447 2,
835 2410 867 2441 3.
974 2407 1013 2450 s)
1039 2407 1146 2437 Rhen.
1171 2406 1242 2436 sie
1268 2414 1313 2437 se
1338 2405 1426 2436 vu.

99 2360 301 2498 ῖζίΊῗίιιι.
301 2456 333 2494 1,
348 2455 380 2484 4.
464 2451 502 2496 8)
527 2405 586 2485 Si)c
599 2453 674 2492 Rig.
688 2456 724 2484 et
738 2454 782 2483 U
786 2463 875 2487 ouw.
890 2455 997 2486 ecod.
1014 2453 1139 2484 L'rsini.
1165 2451 1322 2482 Rheuani
1335 2451 1388 2483 ed.
1401 2452 1427 2481 1.

100 2501 151 2533 de
172 2510 256 2540 qua
278 2501 415 2540 prima
439 2500 542 2530 haec
568 2499 664 2530 ideo
689 2499 815 2530 decas
840 2509 1027 2530 aeonum.
1077 2498 1195 2528 Gelen.
1214 2500 1249 2528 et
1255 2496 1360 2528 Pam.
1371 2497 1426 2528 de

42 2548 68 2586 ,χ’
99 2556 183 2586 qun
205 2547 346 2588 primu
377 2546 570 2586 ogdoade
601 2554 781 2577 aeonum
805 2546 961 2577 exinde
986 2547 1055 2578 etc.
1174 2544 1212 2583 9)
1235 2544 1312 2583 Rig.
1338 2543 1400 2574 ali

44 2586 73 2651 ’ἐ
101 2593 202 2633 quid
223 2593 515 2634 Hermogenis.
611 2593 671 2632 10)
698 2593 803 2632 Apoc.
822 2594 856 2632 2,
883 2593 937 2624 14.
1034 2590 1093 2632 11)
1118 2590 1226 2622 Rhen.
1252 2590 1415 2621 Gaiana
