1604 2800
159 213 262 252 aas
291 249 306 262 ‚
682 211 755 242 os
787 211 986 243 ΑΝιΜΑ.

160 322 236 347 non
257 305 375 345 semel
402 311 483 344 tota
509 311 580 352 est,
607 317 683 343 non
710 310 788 352 est3
815 305 846 343 si
868 303 957 357 quid
977 303 1128 343 animae
1147 305 1389 354 remanserit,
1414 305 1494 345 vita

162 372 238 413 est3
266 377 343 403 non
369 364 490 415 magis
515 363 618 402 vitae
644 362 871 401 miscebitur
893 375 1009 408 mors,
1037 374 1147 414 quam
1173 360 1252 401 diei
1275 376 1366 402 nox.

277 425 344 465 52.
384 421 468 460 Hoc
495 422 613 473 igitur
638 433 733 473 opus
758 421 904 468 mortis,
931 421 1214 472 separationem
1234 422 1361 460 carnis
1381 427 1494 473 atque

162 481 324 527 animae,
351 480 521 532 seposita
547 479 771 531 quaestione
792 478 957 517 fatorum
977 485 1017 517 et
1035 478 1293 526 fortuitorum,
1318 477 1495 519 bifariam

163 539 336 578 distinxit
360 538 544 576 humanus
566 537 741 583 affectus,
767 537 806 574 in
833 535 1067 575 ordinariam
1088 543 1127 575 et
1148 535 1496 576 extraordinariam

162 598 336 643 formam,
365 594 599 634 ordinariam
615 593 767 648 quidem
782 601 942 633 naturae
959 593 1158 647 deputans,
1179 593 1358 647 placidae
1372 595 1500 634 euius-

164 667 236 707 que
263 654 408 700 mortis,
436 652 782 709 extraordinariam
807 665 901 691 vero
927 660 1086 704 praeter
1109 659 1284 692 naturam
1308 651 1497 699 iudicans,

161 713 323 751 xiolenti
357 712 539 763 cuiusque
572 711 671 749 linis.
727 701 811 758 Qui
842 717 968 750 autem
1000 709 1211 763 primordia
1241 710 1406 751 hominis
1430 722 1502 749 uo-

162 771 296 816 vimus,
324 768 513 807 audenter
539 768 836 807 determinamus
861 775 1024 807 mortem
1050 782 1126 807 non
1151 781 1202 808 ex
1226 775 1364 807 natura
1389 780 1503 807 seeu-

95 867 98 870 Ᾰ
164 834 241 865 tam
261 827 467 872 hominem,
495 826 563 864 sed
589 839 639 865 ex
664 826 787 878 culpa,
815 839 863 865 ne
889 827 972 878 ipsa
998 825 1148 878 quidem
1175 826 1358 875 naturali3
1384 825 1502 865 facile

166 891 293 923 autem
318 885 494 935 usurpari
521 890 680 921 naturae
706 895 846 921 nomen
872 884 910 920 in
937 896 995 927 ea,
1029 897 1125 935 quae
1150 883 1332 923 videntur
1355 896 1380 922 a
1403 883 1504 921 nati-

165 943 284 981 vitate
316 954 365 979 cx
397 939 616 979 accidentia
646 939 881 978 adhaesisse.
949 939 1046 979 Nam
1079 941 1111 978 si
1136 940 1250 979 homo
1272 941 1315 979 in
1341 947 1503 979 mortem

167 999 320 1039 directo
346 999 539 1037 institutus
566 998 713 1044 fuisset,
746 1004 836 1036 tunc
864 996 1014 1036 demum
1040 1011 1144 1036 mors
1169 1005 1330 1036 naturae
1355 996 1505 1037 adscri-

166 1057 337 1096 beretur.
400 1055 522 1094 Porro
549 1069 625 1093 non
651 1057 689 1093 in
715 1062 877 1092 mortem
909 1055 1119 1094 institutum
1147 1067 1233 1093 eum
1258 1054 1399 1107 probat
1422 1055 1506 1107 ipsa

168 1115 250 1162 lex,
285 1112 537 1152 conditionali
565 1113 862 1151 comminatione
894 1110 1151 1164 suspendens,
1183 1118 1224 1151 et
1247 1111 1410 1151 arbitrio
1435 1112 1506 1150 ho-

167 1172 278 1212 minis
303 1170 488 1210 addicens
516 1172 647 1209 mortis
673 1176 862 1209 eventum.
913 1168 1087 1222 Denique
1113 1170 1241 1209 sinon
1266 1168 1506 1222 deliquisset,
1554 1163 1557 1167 ‘

169 1242 405 1282 nequaquam
433 1229 607 1267 obiisset.
649 1227 706 1266 Ita
727 1241 802 1265 non
823 1234 908 1266 erat
931 1234 1080 1275 natura,
1107 1227 1208 1280 quod
1227 1240 1279 1267 ex
1298 1227 1507 1267 oblationis

168 1294 363 1340 potestate
383 1285 529 1325 accidit
546 1299 618 1339 per
635 1286 883 1333 voluntatem,
911 1299 987 1324 non
1012 1298 1062 1325 ex
1086 1286 1249 1325 instituti
1273 1285 1507 1325 auctoritate

170 1358 241 1398 per
267 1345 552 1383 necessitatem.
619 1342 787 1382 Proinde
819 1345 891 1383 etsi
916 1345 1012 1383 varii
1037 1345 1163 1383 exitus
1188 1344 1342 1391 mortis,
1374 1349 1418 1382 ut
1448 1348 1509 1381 est

170 1401 395 1441 multimoda
428 1400 599 1440 conditio
638 1415 877 1448 caussarum,
915 1402 1057 1440 nullum
1088 1403 1143 1440 ita
1173 1401 1334 1440 dicimus
1367 1401 1506 1447 leuen,

171 1466 213 1497 ut
238 1472 315 1497 non
339 1460 376 1497 vi
402 1465 551 1508 agatur.
614 1458 700 1510 Ipsa
726 1459 792 1497 illa
818 1460 918 1497 ratio
945 1461 1144 1511 operatrix
1168 1459 1314 1507 mortis,
1347 1457 1510 1512 simplex

172 1516 279 1562 licet,
304 1516 362 1553 vis
387 1522 464 1562 est,
493 1514 581 1566 quid
607 1516 732 1553 enim?
757 1528 855 1567 quae
881 1523 1024 1555 tantam
1050 1519 1200 1557 animae
1226 1523 1269 1557 et
1293 1517 1420 1556 carnis
1445 1528 1510 1556 so-

175 1574 380 1619 cietatem,
419 1579 560 1610 tantam
593 1585 616 1610 a
648 1580 841 1624 conceptu
877 1575 1171 1613 concretionem
1207 1587 1384 1613 sororum
1420 1573 1511 1614 sub-

175 1631 398 1670 stantiarum
430 1629 578 1668 divellit
607 1643 653 1668 ae
685 1629 839 1668 dirimit.
906 1629 1003 1668 Nam
1037 1632 1110 1669 etsi
1139 1643 1233 1682 prae
1259 1630 1401 1681 gaudio
1427 1631 1511 1683 quis

175 1688 347 1741 spiritum
374 1687 542 1734 exhalet,
568 1694 609 1726 ut
635 1687 772 1725 Chilon
800 1686 1025 1739 Spartanus,
1052 1686 1139 1726 dum
1163 1689 1352 1726 victorem
1379 1686 1509 1740 Olym-

173 1747 262 1798 piae
290 1745 405 1784 filium
431 1746 688 1797 amplectitur,
715 1745 787 1783 etsi
813 1757 907 1796 prae
933 1745 1071 1796 gloria,
1103 1751 1146 1783 ut
1170 1743 1365 1784 Clidemus
1387 1744 1513 1785 Athe-

176 1804 331 1850 niensis,
359 1802 446 1841 dum
465 1803 512 1841 ab
532 1802 782 1841 histrionibus
803 1803 851 1841 ob
871 1803 1145 1855 praestantiam
1170 1815 1266 1842 auro
1287 1810 1511 1850 coronatur,

177 1863 249 1900 etsi
276 1874 347 1913 per
371 1861 575 1908 somnium,
608 1867 651 1899 ut
674 1859 799 1908 Plato,
833 1861 906 1900 etsi
930 1873 1002 1913 per
1027 1861 1162 1908 risum,
1194 1867 1236 1899 ut
1260 1859 1302 1899 P.
1329 1860 1510 1900 Crassus:

177 1920 296 1958 multo
322 1918 532 1957 violentior
555 1931 671 1965 mors,
706 1930 802 1970 quae
827 1931 899 1971 per
922 1919 1049 1957 aliena
1075 1925 1284 1970 grassatur,
1312 1931 1409 1971 quae
1429 1919 1514 1958 ani·-

177 1990 274 2015 mam
294 1989 365 2029 per
386 1975 585 2015 commoda
606 1976 781 2029 expellit,
805 1989 901 2029 quae
918 1983 1006 2015 tune
1021 1977 1117 2014 mori
1132 1976 1258 2024 affert,
1280 1989 1365 2017 cum
1376 1977 1513 2016 iucun-

179 2033 263 2073 dius
281 2035 412 2073 vivere
433 2041 494 2073 est
511 2035 549 2072 in
570 2035 841 2082 exsultatione,
867 2035 904 2072 in
925 2034 1087 2081 honore,
1111 2034 1152 2072 'in
1171 2034 1319 2086 requie,
1346 2034 1386 2072 in
1403 2034 1513 2074 volu-

178 2099 298 2144 ptate.
329 2091 400 2130 Vis
410 2099 469 2131 est
477 2098 517 2130 et
529 2092 593 2130 illa
608 2093 785 2144 navigiis,
796 2105 880 2132 cum
895 2091 1262 2146 longeaCapbareis
1275 2091 1512 2138 saxis,uullis

179 2149 398 2201 depugnata
410 2149 636 2197 turbinibus,
652 2150 764 2189 nullis
779 2157 956 2202 quassata
970 2149 1203 2197 decumanis,
1213 2147 1392 2188 adulante
1405 2149 1511 2195 flatu,

180 2207 333 2246 labente
355 2220 481 2255 cursu,
509 2207 677 2247 laetante
704 2209 902 2255 comitatu,
929 2207 1112 2246 intestino
1138 2213 1299 2259 repente
1318 2206 1512 2260 perculsu,

182 2277 265 2303 cum
279 2272 361 2303 tota
375 2266 584 2304 securitate
606 2264 795 2305 desidunt.
833 2264 923 2304 Non
944 2277 1055 2304 secus
1076 2265 1277 2316 naufragia
1295 2271 1384 2303 sunt
1395 2265 1511 2310 vitae,

182 2323 295 2361 etiam
310 2323 538 2375 tranquillae
552 2324 686 2361 mortis
700 2330 873 2363 eventus.
911 2322 1044 2362 Nihilo
1065 2323 1188 2362 refert
1200 2323 1389 2374 integram
1402 2321 1511 2360 abire

184 2381 358 2431 corporis
373 2393 577 2428 navem,an
592 2379 825 2433 dissipatam,
836 2380 922 2420 dum
936 2382 1085 2420 animae
1100 2381 1293 2432 navigatio
1302 2385 1511 2419 evertatur.

298 2440 366 2478 53.
382 2439 417 2486 ¹)
458 2436 538 2477 Sed
558 2452 632 2490 quo
653 2437 793 2479 deinde
813 2440 938 2479 anima
958 2437 1059 2478 nuda
1073 2445 1112 2478 et
1131 2438 1292 2492 explosa
1313 2436 1512 2478 devertet?

281 2573 315 2615 1)
337 2576 408 2606 Hoc
430 2587 503 2616 cap.
525 2576 559 2608 in
582 2577 689 2610 Rhen.
711 2580 745 2609 et
760 2578 833 2610 Gel.
855 2578 928 2611 edd,
943 2578 1148 2618 inscriptum
1167 2578 1242 2610 entz-
1263 2576 1321 2606 De
1347 2573 1511 2607 anima·

186 2626 270 2648 rum
293 2629 487 2656 excessu.
