1604 2800
143 183 240 222 112
365 181 438 211 DE
474 175 989 210 RESURRECTIONE
1025 175 1253 207 CARNIS.

144 280 229 330 ipsa
253 273 465 315 substantia
491 270 661 316 indutus,
700 268 859 317 diruite,
898 270 1038 321 inquit,
1074 267 1255 320 templum
1279 265 1399 316 istud,
1436 274 1477 306 et

145 349 220 386 ego
254 330 348 372 illud
378 329 505 369 triduo
544 327 849 376 resuscitabo.¹)
913 325 1091 366 Ostendit
1127 326 1246 374 enim,
1285 326 1392 364 cuius
1428 326 1478 364 sit

146 392 258 439 dirui,
287 390 394 429 cuius
420 387 524 434 elidi,
553 388 659 425 cuius
685 387 830 432 iacere,
858 386 964 424 euius
991 391 1033 423 et
1057 384 1225 423 relevari
1251 390 1292 422 et
1311 383 1479 422 resusci-

145 451 238 497 tari,
277 459 502 500 quamquam
529 451 568 483 et
593 444 755 482 animam
783 443 1052 482 circumferret
1077 441 1334 494 trepidantem
1359 453 1479 493 usque

146 507 195 547 ad
221 513 395 551 mortem,
423 502 491 542 sed
518 516 593 540 non
619 500 822 541 cadentem
847 514 918 553 per
942 501 1176 549 mortem32)
1205 500 1292 552 quia
1319 506 1359 538 et
1382 499 1481 538 scri-

146 573 277 619 ptura:
305 562 352 601 de
380 573 560 614 corpore,
587 561 721 612 inquit,
749 573 817 598 suo
844 558 1056 608 dixerat.³)
1106 557 1234 610 Atque
1261 556 1360 596 adeo
1388 569 1480 595 caro

148 630 225 670 est,
264 633 360 673 quae
400 626 523 658 morte
561 618 774 665 subruitur,
812 624 854 655 ut
885 616 1024 656 exinde
1057 629 1079 654 a
1106 614 1281 655 cadendo
1315 612 1484 653 cadaver

148 680 404 719 renuntietur.
438 672 606 724 2Anima
643 689 761 727 porro
794 688 866 714 nee
902 674 1093 714 vocabulo
1127 672 1250 721 cadit,
1290 673 1379 725 quia
1409 683 1483 710 nec

149 738 281 776 habitu
313 737 400 773 ruit.
462 733 580 784 Atqui
618 734 700 785 ipsa
737 740 814 780 est,
854 746 951 785 quae
983 733 1129 771 ruinam
1163 731 1321 784 corpori
1351 729 1483 775 infert,

152 809 237 834 cum
263 793 390 832 efflata
416 798 492 836 est,
529 791 629 828 sieut
653 791 735 841 ipsa
761 797 838 836 est,
872 803 968 841 quae
995 789 1089 828 illud
1116 789 1164 828 de
1190 796 1296 828 terra
1321 788 1485 827 suscita-

151 853 208 891 bit
232 853 419 902 ingressa.
481 846 570 886 Non
596 854 725 899 potest
751 846 912 894 eadere,
941 860 1036 898 quae
1063 847 1264 885 suscitabit
1289 848 1484 897 ingressa;

153 923 230 948 non
262 914 391 960 potest
417 918 550 952 ruere,
590 917 686 957 quae
713 904 822 942 elidit
848 917 1020 955 egressa.
1079 903 1238 942 Arctius
1265 901 1408 949 dicam,
1437 914 1485 939 ne

153 969 192 1006 in
218 978 387 1005 somnum
415 962 565 1015 quidem
593 961 698 1001 cadit
723 963 848 1000 anima
875 976 959 999 cum
987 974 1173 1012 corpore,
1214 973 1261 998 ne
1293 967 1370 998 tum
1396 959 1488 1011 qui·

154 1024 241 1063 dem
267 1023 451 1062 sternitur
479 1033 561 1058 cum
590 1032 720 1058 earne.
784 1017 863 1057 Sed
895 1020 994 1056 enim
1021 1018 1190 1068 agitatur
1215 1018 1253 1054 in
1279 1017 1422 1055 somnis
1449 1022 1489 1054 et

154 1082 369 1126 iactitatur3
398 1079 617 1130 quiesceret
642 1083 782 1124 autem,
809 1077 841 1114 si
867 1076 1075 1123 iaceret.4)
1139 1074 1197 1113 Ita
1222 1087 1294 1113 nec
1321 1075 1360 1112 in
1386 1074 1489 1113 veri-

154 1146 272 1178 tatem
299 1137 432 1175 mortis
458 1134 580 1180 cadit,
620 1147 716 1186 quae
750 1146 821 1172 nec
853 1134 892 1171 in
924 1133 1128 1184 imaginem
1155 1133 1239 1171 eius
1263 1132 1352 1171 ruit.
1416 1129 1488 1170 Se-

156 1209 275 1249 quens
301 1207 400 1232 nune
426 1192 655 1230 vocabulum
680 1199 917 1228 mortuorum
949 1203 1071 1242 aeque
1104 1189 1270 1241 dispice,
1309 1189 1371 1228 cui
1402 1188 1492 1227 sub·-

157 1254 320 1293 stantiae
346 1249 506 1297 insidat3
547 1261 771 1301 quamquam
797 1249 834 1286 in
860 1248 932 1286 hac
959 1247 1120 1286 materia
1146 1244 1406 1294 admittamus,
1433 1247 1492 1284 in-

157 1310 307 1350 terdum
333 1308 606 1346 mortalitatem
632 1307 781 1345 animae
807 1304 1005 1357 adsignari
1030 1305 1077 1344 ab
1105 1305 1334 1352 haereticis,
1367 1311 1426 1351 ut,
1459 1304 1492 1342 si

159 1370 283 1406 anima
320 1366 493 1403 mortalis
531 1365 857 1403 resurrectionem
891 1371 1148 1403 consecutura
1179 1365 1264 1410 est,
1295 1359 1493 1415 praeiudi-

162 1426 259 1462 cium
286 1424 336 1460 sit
365 1428 405 1459 et
436 1421 543 1459 carni
575 1434 651 1458 non
681 1422 803 1459 minus
836 1422 989 1460 mortali
1020 1422 1349 1460 resurrectionem
1387 1432 1494 1459 com-

161 1481 437 1519 municaturae.
501 1476 580 1515 Sed
606 1491 705 1521 nunc
730 1479 950 1529 proprietas
974 1479 1153 1517 vocabuli
1179 1477 1410 1518 vindicanda
1436 1483 1495 1516 est

163 1550 254 1576 suae
281 1536 390 1574 sorti.
446 1533 523 1572 Iam
551 1533 703 1585 quidem
729 1547 776 1572 eo
803 1536 901 1586 ipso,
930 1535 1031 1586 quod
1056 1538 1294 1574 resurrectio
1322 1534 1494 1574 caducae

163 1596 222 1634 rei
248 1600 319 1639 est,
346 1591 385 1630 id
411 1598 470 1631 est
497 1592 635 1638 carnis,
663 1590 798 1630 eadem
825 1593 900 1631 erit
925 1599 965 1630 et
989 1593 1027 1631 in
1053 1593 1205 1630 nomine
1227 1594 1379 1639 mortui,
1408 1592 1496 1644 quia

166 1650 337 1692 caducae
363 1650 421 1688 rei
448 1656 507 1687 est
531 1650 787 1696 resurrectio,
826 1662 923 1701 quae
951 1648 1092 1688 dicitur
1116 1656 1364 1688 mortuorum.
1428 1647 1495 1700 Sic

164 1717 205 1749 et
230 1722 300 1761 per
323 1707 537 1753 Abraham,
575 1714 724 1758 patrem
751 1705 861 1754 fidei‚
900 1705 1051 1746 divinae
1077 1707 1349 1745 familiaritatis
1373 1707 1496 1745 virum

166 1766 359 1805 discimus.
420 1764 622 1803 Postulans
648 1765 748 1803 enim
776 1763 897 1803 Sarae
923 1763 1138 1802 humandae
1171 1764 1297 1803 locum
1328 1762 1376 1802 de
1409 1763 1498 1802 filiis

167 1823 287 1863 Heth:
327 1822 415 1861 date
453 1835 568 1873 ergo,
607 1823 745 1874 inquit,
784 1822 875 1861 mihi
913 1823 1197 1874 possessionem
1229 1822 1398 1874 sepulcri
1427 1834 1498 1860 vo-

166 1882 325 1928 biscum,
353 1887 392 1919 et
416 1880 581 1918 humabo
607 1886 794 1918 mortuum
821 1880 1006 1932 meum,⁵)
1033 1892 1187 1918 carnem
1213 1880 1379 1918 scilicet.
1416 1877 1499 1918 Ne-

168 1952 240 1991 que
266 1939 365 1977 enim
392 1938 540 1976 animae
566 1936 780 1976 humandae
802 1939 963 1989 spatium
985 1936 1258 1984 desiderasset,
1285 1938 1358 1976 etsi
1373 1937 1499 1975 anima

167 1996 340 2035 mortalis
373 1994 617 2042 crederetur,
658 1996 730 2034 etsi
756 2002 926 2034 mortuus
953 1994 1031 2033 dici
1055 2000 1287 2034 mereretur.
1353 1992 1499 2042 Quodsi

169 2061 339 2092 mortuus
366 2066 506 2106 corpus
533 2060 605 2101 est,
633 2066 838 2105 corporum
865 2054 941 2092 erit
965 2052 1216 2099 resurreetio,
1243 2064 1328 2090 cum
1354 2050 1500 2090 dicitur

169 2118 416 2150 mortuorum.

289 2172 353 2210 19.
392 2167 443 2206 Et
461 2169 559 2207 haec
581 2169 709 2220 itaque
736 2167 925 2220 dispectio
951 2168 1051 2206 tituli
1077 2173 1117 2206 et
1141 2166 1342 2220 praeconii
1367 2166 1499 2218 ἱρείης,

172 2225 284 2265 fidem
310 2227 440 2277 utique
467 2225 679 2264 defendens
703 2227 997 2272 vocabulorum,
1035 2226 1124 2264 illuc
1156 2224 1349 2277 proficere
1382 2222 1500 2262 debe-

171 2283 239 2330 bit,
266 2290 325 2330 ut,
353 2285 384 2322 si
411 2297 482 2335 qua
508 2297 596 2335 pars
622 2283 774 2322 diversa
799 2283 928 2322 turbat
953 2283 1112 2322 obtentu
1139 2283 1343 2334 figurarum
1370 2288 1414 2320 et
1434 2293 1501 2319 ae-

174 2341 398 2391 nigmatum,
437 2342 702 2380 manifestiora
728 2354 901 2394 quaeque
927 2341 1194 2393 praevaleant,
1233 2347 1273 2378 et
1299 2338 1346 2378 de
1371 2340 1500 2378 incer-

268 2488 304 2529 1)
331 2492 379 2523 Io.
394 2492 425 2530 2,
442 2493 494 2522 19.
589 2492 626 2531 2)
651 2492 773 2523 Matth.
788 2494 843 2531 26,
861 2493 914 2524 38.
1013 2492 1049 2532 3)
1074 2495 1122 2523 Io.
1136 2492 1166 2531 2,
1184 2491 1236 2521 21.
1331 2489 1368 2527 4)
1394 2488 1501 2519 Prae-

177 2538 231 2566 ter
253 2536 451 2567 Rhenanum
476 2538 583 2568 ceteri
609 2538 682 2568 edd.
709 2539 783 2568 add.
816 2542 857 2569 et
894 2538 1075 2575 iaceret,
1114 2538 1148 2568 si
1180 2536 1364 2568 caderet.
1463 2531 1500 2575 5)

180 2581 297 2621 Rhen.,
325 2582 376 2612 ed.
393 2582 494 2614 Fran.
511 2586 717 2615 mortuam
743 2594 940 2615 meam.—-
964 2585 1047 2615 Gen.
1062 2585 1115 2623 23,
1135 2584 1167 2613 4.
