1624 2826
184 214 285 251 232
431 215 556 246 Anv.
592 215 957 245 MARcloNEM
994 215 1170 245 nmER
1200 213 1255 244 1v.

184 310 312 359 itaque
339 308 538 358 regionem
565 308 684 345 sinum
718 306 805 345 dieo
831 305 1033 353 Abrahae,
1075 307 1146 345 etsi
1180 319 1255 344 non
1283 304 1507 348 coelestem,

184 365 443 404 sublimiorem
470 372 595 406 tamen
621 365 768 410 inferis,
796 365 949 402 interim
976 365 1222 415 refrigerium
1248 361 1512 414 praebituram

184 422 380 461 animabus
408 423 611 467 iustorum,
640 421 765 459 donec
793 423 1069 460 consummatio
1097 435 1222 460 rerum
1249 420 1512 473 resurrectio-

184 493 268 518 nem
296 481 459 518 omnium
490 478 727 531 plenitudine
765 479 957 517 mercedis
989 486 1200 531 expungat,
1241 485 1330 516 tunc
1357 478 1511 530 appari-

184 545 270 576 tura
296 538 456 576 coelesti
482 538 748 588 promissione,
777 530 886 588 quam
911 537 1088 575 Marcion
1115 550 1182 575 suo
1208 534 1380 575 vindicat
1405 534 1512 587 quasi

185 609 260 633 non
291 609 313 633 a
348 602 528 633 creatore
566 595 858 646 promulgatam.
913 593 976 633 Ad
1020 608 1128 646 quam
1168 607 1367 632 ascensum
1406 605 1513 631 suum

193 653 366 691 Christus
404 651 585 691 aedificat
622 653 660 689 in
699 652 867 699 coelum,
906 651 1114 690 secundum
1145 650 1337 699 Amos,1)
1380 651 1512 702 utique

188 711 282 755 suis,
308 710 372 747 ubi
398 717 457 747 est
482 717 520 747 et
546 711 652 747 locus
679 716 871 756 aeternus,
900 709 947 748 de
974 723 1047 761 quo
1075 709 1230 748 Esaias:
1259 709 1342 760 quis
1367 707 1515 747 adnutr-

187 767 299 805 tiabit
322 767 430 804 vobis
456 768 581 804 locum
607 774 825 812 aeternum,
852 768 924 804 nisi
950 768 1103 804 scilieet
1129 767 1303 804 Christus
1329 764 1515 805 incedens

189 825 228 862 in
255 824 410 869 iustitia,
443 824 602 874 loquens
626 824 725 861 viam
752 830 910 870 rectam,
939 823 1028 861 odio
1056 823 1200 862 habens
1226 823 1449 861 iniustitiam
1476 828 1517 861 et

188 882 494 933 iniquitatem?2)
522 879 664 928 Quodsi
680 888 859 919 aeternus
875 881 981 919 locus
997 881 1287 933 repromittitur,
1315 887 1355 919 et
1380 893 1516 918 ascen-

190 952 252 977 sus
290 939 328 976 in
365 939 514 976 coelum
552 938 780 976 aedificatur
816 952 839 976 a
876 946 1074 985 creatore,
1114 938 1361 990 promittente
1398 939 1516 976 etiam

190 1008 319 1034 semen
344 995 525 1034 Abrahae
550 996 655 1033 velut
679 997 809 1034 stellas
844 996 942 1034 coeli
969 997 1152 1043 futurum,
1190 997 1320 1047 utique
1349 995 1396 1033 ob
1424 1007 1517 1034 coe-

190 1054 324 1091 lestem
352 1054 666 1104 promissionem:
694 1054 798 1091 salva
825 1067 871 1091 ca
897 1055 1162 1105 promissione,
1192 1067 1260 1091 cur
1285 1067 1361 1091 non
1389 1053 1518 1105 capiat

190 1112 308 1148 sinum
340 1110 521 1149 Abrahae
559 1110 635 1148 dici
674 1111 885 1162 temporale
918 1110 1071 1162 aliquod
1109 1112 1316 1149 animarum
1349 1109 1519 1149 fidelium

189 1167 500 1219 receptaculum,
539 1168 577 1205 in
611 1181 694 1219 quo,
718 1169 791 1206 iam
825 1167 1032 1206 delinietur
1057 1169 1173 1206 futuri
1199 1170 1326 1219 imago
1353 1181 1399 1206 ac
1427 1180 1519 1206 can-

190 1224 279 1262 dida
322 1224 506 1276 quaedam
549 1226 745 1277 utriusque
790 1225 922 1263 iudicii
965 1227 1254 1277 prospiciatur?
1309 1224 1519 1264 admonens

192 1295 339 1334 quoque
364 1296 433 1321 vos
458 1280 696 1330 haereticos,
743 1282 828 1321 dum
854 1284 892 1321 in
918 1284 996 1322 vita
1022 1284 1134 1331 estis,
1171 1282 1337 1336 Moysen
1363 1290 1403 1322 et
1427 1296 1519 1335 pro-

190 1340 325 1391 phetas
349 1353 460 1378 unum
487 1339 598 1378 deum
623 1339 894 1392 praedicantes
926 1348 1163 1389 creatorem,
1203 1348 1242 1379 et
1266 1354 1379 1380 unum
1407 1339 1519 1383 Chri-

192 1404 287 1434 stum
326 1396 594 1448 praedicantes
632 1399 732 1445 eius,
771 1406 810 1436 et
845 1393 1045 1450 utrumque
1083 1398 1270 1437 iudicium
1296 1403 1447 1450 poenae
1473 1404 1520 1438 'et

193 1454 324 1493 salutis
349 1462 532 1494 aeternae
559 1454 657 1506 apud
684 1456 834 1493 unicum
862 1455 973 1494 deum
999 1457 1175 1507 positum,
1209 1456 1271 1507 qui
1299 1455 1455 1494 occidat
1479 1463 1521 1495 'et

191 1512 371 1550 vivificet.
434 1512 537 1558 lmo,
576 1513 719 1564 inquit,
758 1514 880 1554 nostri
910 1513 980 1551 <dci
1017 1513 1166 1551 monela
1206 1512 1253 1553 de
1292 1514 1404 1552 coelo
1443 1527 1520 1553 non

190 1567 354 1620 Moysen
392 1575 433 1607 et
467 1570 675 1621 prophetas
713 1570 821 1608 iussit
857 1569 1000 1618 audiri,
1051 1570 1117 1609 sed
1158 1570 1368 1612 Clu-istum:
1418 1571 1519 1611 hunc
1551 1572 1558 1575 ⁸

192 1626 334 1664 audite.
395 1626 552 1665 Merito.
616 1627 722 1666 Tunc
761 1629 860 1666 enim
898 1629 1063 1680 apostoli
1095 1629 1187 1667 satis
1218 1629 1291 1667 iam
1318 1627 1522 1667 audierant

189 1683 354 1735 Moysen
380 1691 419 1722 et
443 1685 671 1736 prophetas,
711 1687 773 1736 qui
798 1687 922 1724 secuti
947 1693 1058 1725 erant
1085 1686 1294 1734 Christum,
1322 1685 1519 1726 credendo

189 1741 317 1792 Moysi
355 1748 395 1779 et
430 1743 641 1793 prophetis.
704 1742 790 1781 Nec
828 1745 927 1782 enim
960 1744 1179 1795 accepisset
1203 1743 1345 1782 Petrus·
1366 1741 1519 1784 dicere:

189 1805 230 1836 tu
256 1811 297 1836 es
324 1797 521 1845 Christus,
561 1806 764 1851 antequam
796 1800 968 1839 audisset
998 1805 1038 1839 e't
1070 1799 1302 1854 credidisset
1325 1800 1455 1854 Moysi
1481 1809 1521 1841 et

190 1855 401 1907 prophetis,
429 1870 450 1894 a
477 1857 610 1908 quibus
624 1858 716 1896 solis
730 1857 853 1897 adhuc
870 1857 1368 1898 Christusadnuntiabatur.
1413 1858 1520 1898 Haec

190 1914 308 1963 igitur
334 1913 427 1952 fides
453 1926 584 1952 eornm
611 1923 822 1963 meruerat,
860 1923 901 1954 ut
926 1918 1040 1955 etiam
1066 1929 1162 1955 voce
1191 1916 1352 1957 coelesti
1376 1917 1521 1956 confir-

192 1977 384 2017 maretur,
422 1971 577 2010 iubente
610 1973 713 2011 illum
745 1972 894 2020 audiri,
934 1987 1044 2026 quem
1077 1981 1316 2026 agnoverant
1346 1984 1520 2034 evange-

192 2028 371 2066 lizantem
397 2041 551 2079 pacem,
585 2032 914 2082 evangelizantem
940 2033 1054 2080 bona,
1080 2031 1368 2071 adnuntiantem
1393 2033 1520 2071 locum

192 2092 413 2132 aeternum,
452 2085 719 2126 aedificantem
751 2089 826 2127 illis
858 2104 1057 2135 ascensum
1085 2092 1194 2129 'suum
1225 2091 1264 2128 in
1295 2090 1458 2128 coelum.
1479 2091 1519 2139 ³)

190 2141 305 2194 Apud
331 2142 476 2181 inferos
490 2151 615 2183 autem
631 2144 678 2184 de
700 2146 755 2184 eis
771 2145 911 2186 dictum
932 2155 1009 2187 est:
1036 2148 1179 2195 babent
1198 2148 1277 2186 illic
1290 2147 1457 2200 Moysen
1481 2155 1522 2188 et

190 2200 425 2252 propbetas,
463 2200 621 2240 audiant
645 2204 756 2250 illos,
795 2207 858 2256 qui
883 2220 959 2245 non
992 2205 1230 2256 credebant,
1269 2206 1329 2244 vel
1355 2207 1420 2258 qui
1445 2211 1518 2244 ne‘c

192 2259 344 2296 omnino
382 2259 437 2296 sic
476 2258 712 2308 credebant,
751 2274 835 2301 esse
872 2272 960 2315 post
995 2271 1155 2303 mortem
1187 2263 1391 2317 superbiae
1424 2262 1520 2315 divi-

191 2316 329 2354 tiarum
356 2323 396 2354 et
421 2316 569 2368 gloriae
596 2316 832 2367 delitiarum,
873 2323 1059 2374 supplicia
1085 2321 1309 2369 adnuntiata
1334 2335 1356 2360 a
1380 2321 1518 2373 Moyse

191 2379 231 2410 et
267 2374 489 2426 prophetis,
524 2372 691 2415 'decreta
727 2384 854 2416 autem
891 2379 938 2417 ab
977 2393 1024 2418 eo
1062 2379 1155 2427 deo,
1195 2381 1257 2431 qui
1291 2378 1338 2417 de
1369 2377 1518 2416 thronis

193 2429 352 2481 deponit
377 2431 582 2483 dynastas,
621 2441 661 2472 et
686 2433 733 2473 de
760 2437 1009 2489 sterquiliniis
1035 2438 1162 2476 elevat
1191 2438 1339 2487 inopes.
1359 2436 1397 2484 4)
1460 2434 1518 2473 Ita

203 2611 209 2615 ἱ
284 2569 322 2612 1)
342 2573 444 2603 Amos
459 2575 488 2613 9,
505 2575 534 2602 6.
631 2573 666 2614 2)
693 2576 757 2607 les.
775 2576 829 2616 33,
846 2574 900 2608 14.
981 2573 1034 2620 ⁴3)
1059 2577 1123 2607 Ies.
1139 2576 1193 2617 52,
1207 2571 1239 2606 7.
1253 2574 1307 2616 33,
1323 2572 1376 2606 14.
1413 2575 1516 2606 Amo!

193 2611 225 2655 εὶ,
241 2613 272 2647 6.
364 2618 400 2656 4)
427 2619 478 2649 Ps.
495 2620 571 2659 113,
588 2622 620 2650 6.
