1624 2826
358 202 485 240 An'v.
520 208 888 239 MARcmNEM
923 208 1097 238 LIBER
1133 208 1190 240 iv.
1342 209 1442 245 241

112 301 202 351 lege
235 306 437 339 tractatur.
499 298 578 339 Sed
611 299 659 339 de
692 301 813 339 coelis
846 300 916 338 fuit
947 300 1132 352 baptisma
1167 300 1332 340 loannis.
1394 302 1446 341 Et

113 371 252 410 quare,
279 359 403 409 inquit
428 357 621 405 Christus,
647 371 722 396 non
751 357 971 397 credidistis
998 359 1064 396 ei?
1112 357 1218 408 Ergo
1245 361 1307 410 qui
1334 359 1443 398 credi

111 415 290 454 voluerat
315 415 474 461 loanni,
514 417 782 467 increpaturus
809 414 909 467 quod
937 429 1011 453 non
1040 414 1320 463 credidissent,
1360 419 1444 456 eius

112 479 222 519 erat,
272 473 380 512 cuius
423 480 703 511 sacramentum
748 473 911 511 Ioannes
948 472 1252 512 administrabat.
1327 474 1444 514 Certe

111 530 332 568 nolentibus
363 531 613 576 renuntiare,
653 529 741 582 quid
774 537 979 581 saperent,
1019 544 1102 568 cum
1135 538 1175 569 et
1206 532 1288 582 ipse
1319 533 1444 571 vicem

112 587 296 639 opponit:
329 595 370 626 et
394 601 469 638 ego
497 601 572 625 uon
605 587 693 625 dico
719 588 841 634 vobis,
874 589 912 625 in
939 601 1012 639 qna
1035 588 1177 626 virtute
1203 589 1300 627 haec
1326 591 1444 636 facio,

111 644 249 683 malum
274 645 374 683 malo
401 644 583 683 reddidit.
646 644 811 684 Reddite
844 658 939 696 quae
966 644 1146 683 Caesaris
1178 646 1361 694 Caesari,
1407 655 1446 686 et

112 715 209 753 quae
241 709 329 740 sunt
360 701 422 741 dei
454 701 588 749 deo.¹)
653 702 758 750 Quae
791 710 904 740 erunt
929 701 1023 740 dei?
1071 715 1168 753 quae
1194 703 1333 741 similia
1358 711 1446 742 sunt

111 757 274 798 denario
306 758 504 803 Caesaris,
544 760 670 809 imago
702 760 855 797 scilicet
891 766 931 797 et
968 759 1175 797 similitudo
1208 760 1302 798 eius.
1365 760 1446 799 Ho-

111 817 248 855 minem
281 817 401 867 igitur
432 815 542 854 reddi
574 815 681 855 iubet
712 817 900 862 creatori,
939 816 976 854 in
1004 817 1110 854 cuius
1136 817 1303 869 imagine
1330 825 1369 856 ct
1394 820 1446 856 si-

110 872 325 912 militudine
357 881 398 912 et
428 875 582 912 nomine
621 880 661 912 et
692 875 852 912 materia
885 886 1090 925 expressus
1128 881 1199 912 est.
1274 875 1446 922 Quaerat

110 931 185 970 sibi
222 938 413 970 monetam
447 930 541 969 deus
572 930 802 978 Marcionis3
843 930 1017 969 Christus
1050 930 1247 970 denarium
1280 933 1445 973 bominis

110 987 367 1028 suoCaesari
398 989 506 1027 iubet
530 988 654 1036 reddi,
682 1002 757 1026 non
784 989 934 1035 alien03
961 989 1034 1026 nisi
1061 989 1162 1040 quod
1182 1003 1344 1029 neeesse
1371 999 1444 1038 est,

112 1046 174 1098 qui
200 1059 306 1085 suum
333 1046 530 1086 denarium
558 1060 634 1084 non
659 1047 788 1085 habet.
851 1046 952 1085 Iusta
979 1053 1019 1084 et
1044 1045 1163 1097 digna
1186 1050 1444 1100 praescriptio

110 1110 173 1143 est
195 1105 234 1142 in
261 1106 362 1142 omni
389 1105 634 1156 quaestione,
667 1103 715 1142 ad
742 1105 978 1156 propositum
1010 1104 1329 1155 interrogationis
1355 1119 1446 1158 per-

112 1161 239 1199 tinere
265 1160 409 1199 debere
442 1174 593 1200 sensum
624 1162 904 1212 responsionis.
969 1160 1149 1198 Ceterum
1175 1161 1277 1199 aliud
1305 1176 1446 1200 consu-

114 1218 208 1255 lenti
245 1217 349 1258 aliud
386 1217 626 1269 respondere
666 1217 852 1255 dementis
890 1224 968 1264 est,
1015 1230 1088 1268 quo
1126 1219 1247 1268 magis
1285 1219 1386 1257 absit
1423 1233 1447 1257 a

113 1274 298 1322 Christo,
343 1274 444 1327 quod
482 1287 532 1313 ne
570 1275 714 1313 homini
752 1274 904 1327 quidem
943 1276 1135 1313 convenit.
1210 1275 1444 1323 Sadducaei,

112 1334 412 1379 resurrectionis
437 1339 672 1383 negatores,
712 1332 759 1371 de
786 1332 833 1371 ea
865 1331 1052 1370 babentes
1084 1333 1444 1384 interrogationem,

112 1397 396 1442 proposuerant
423 1389 579 1428 domino
606 1403 656 1427 ex
681 1390 768 1441 lege
796 1390 991 1427 materiam
1029 1390 1219 1436 mulieris,
1259 1404 1357 1442 quae
1382 1395 1447 1429 se-

114 1454 215 1499 ptem
253 1447 437 1487 fratribus
475 1460 526 1486 ex
563 1446 698 1485 ordine
743 1446 934 1485 defunctis
961 1446 1168 1484 secundum
1195 1455 1446 1500 praeceptum

112 1505 240 1556 legale
277 1505 488 1558 nupsisset,
541 1506 648 1543 cuius
684 1505 757 1543 viri
796 1503 1014 1555 deputanda
1052 1511 1157 1543 esset
1194 1506 1231 1542 in
1270 1519 1446 1544 resurre»

112 1563 303 1611 ctione.²)
366 1562 472 1602 Haec
510 1563 582 1601 fuit
612 1563 772 1601 materia
804 1563 1063 1613 quaestionis,
1102 1562 1200 1601 haee
1231 1563 1446 1602 substantia

114 1621 423 1660 consultationis.
482 1619 546 1659 Ad
573 1620 648 1658 hoc
674 1619 921 1671 respondisse
948 1619 1140 1658 Christum
1178 1633 1340 1660 necesse
1372 1629 1444 1660 est.

113 1677 317 1718 Neminem
341 1679 478 1725 timuit,
506 1685 548 1716 ut
573 1679 819 1729 quaestiones
843 1684 909 1715 aut
934 1676 1150 1716 declinasse
1165 1677 1353 1725 videatur,
1381 1686 1447 1716 aut

114 1747 186 1787 per
211 1737 471 1781 ‘occasionem
509 1747 666 1780 earum,
713 1734 814 1786 quod
851 1735 947 1772 alias
985 1735 1109 1785 palam
1148 1748 1224 1772 non
1263 1735 1444 1780 docebat,

115 1791 416 1830 subostendisse.
478 1790 694 1841 Respondit
725 1793 866 1840 igitur,
905 1791 1014 1828 huius
1046 1789 1197 1841 quidem
1229 1793 1314 1830 aevi
1347 1793 1447 1830 filios

116 1849 275 1900 nubere.
295 1849 334 1895 3)
395 1847 517 1887 Vides
550 1860 660 1898 quam
687 1848 928 1898 pertinenter
951 1846 999 1885 ad
1027 1860 1212 1886 caussam.
1276 1848 1372 1898 Quia
1398 1848 1446 1887 de

115 1919 214 1946 aevo
240 1913 402 1946 venturo
429 1905 712 1957 quaerebatur,
751 1906 790 1942 in
817 1918 890 1956 quo
917 1902 1106 1943 neminem
1138 1905 1282 1945 nubere
1310 1905 1447 1944 delini-

105 1967 223 2004 ⁴Mirus
250 1964 503 2016 praestruxit,
538 1963 600 2001 hic
628 1960 778 2013 quidem
805 1961 914 2008 nubi,
940 1962 1006 2000 ubi
1031 1963 1079 2000 sit
1105 1970 1144 2001 et
1169 1964 1279 2002 mori.
1342 1963 1447 2012 Quos

115 2035 210 2062 vero
248 2019 426 2073 dignatus
463 2022 513 2059 sit
549 2019 644 2058 deus
680 2020 781 2058 illius
812 2020 896 2058 aevi
926 2020 1170 2071 possessione
1202 2028 1242 2059 et
1272 2034 1447 2060 resurre-

117 2081 248 2122 ctione
273 2093 297 2118 a
321 2080 503 2124 mortuis,
537 2089 661 2129 neque
687 2077 832 2116 nubere
860 2090 982 2128 neque
1009 2077 1119 2124 nubi,
1153 2079 1240 2130 quia
1266 2093 1339 2117 nec
1365 2092 1448 2117 mo-

117 2138 227 2176 rituri
257 2137 331 2176 iam
363 2138 458 2181 sint,
497 2150 580 2174 cnm
613 2135 755 2172 similes
780 2135 1003 2186 angelorum
1030 2135 1192 2183 fiant‚⁴)
1231 2135 1294 2175 dei
1321 2144 1361 2175 et
1384 2149 1447 2174 re-

117 2194 370 2233 surrectionis
409 2194 475 2232 lilii
514 2194 666 2241 facti.⁵)
727 2191 819 2230 Cum
856 2193 976 2242 igitur
1011 2206 1145 2231 sensus
1181 2194 1448 2244 responsionis

118 2265 195 2290 non
232 2244 294 2289 ad·
319 2249 420 2288 aliud
460 2252 509 2288 sit
541 2248 784 2299 dirigendus,
825 2263 936 2301 quam
966 2249 1017 2288 ad
1055 2251 1293 2302 propositum
1324 2252 1446 2287 inter-

118 2309 358 2360 rogationis,
396 2309 429 2346 si
467 2308 541 2346 hoc
579 2320 693 2344 sensu
729 2308 930 2358 responsio
961 2308 1198 2358 propositum
1235 2307 1449 2345 absolvitur

118 2366 449 2417 interrogationis,
477 2378 552 2402 non
578 2363 679 2402 aliud
706 2365 907 2416 responsio
934 2363 1076 2402 domini
1102 2364 1214 2414 sapit,
1242 2377 1351 2414 quam
1372 2377 1447 2415 quo

119 2424 293 2476 quaestio
331 2423 553 2461 absolvitur.
628 2421 756 2460 Habes
799 2427 839 2459 et
882 2428 1054 2473 tempora
1096 2421 1366 2473 permissarum
1408 2428 1449 2459 et

135 2591 137 2594 Α
213 2562 250 2600 1)
277 2562 426 2598 1,ue.20‚
443 2563 499 2591 25.
597 2561 633 2598 2)
660 2561 743 2590 Luc.
759 2561 814 2598 20,
831 2559 979 2590 27—33.
1075 2555 1114 2601 ³)
1139 2558 1223 2594 ibid.
1236 2568 1269 2593 v.
1282 2559 1337 2591 34,
1408 2543 1453 2601 45

121 2606 194 2648 mg.
214 2608 313 2640 nint.
357 2639 359 2641 ,
408 2609 443 2646 5)
470 2609 552 2639 Luc.
567 2609 623 2648 20,
639 2609 691 2638 35.
707 2607 761 2637 36.

181 2665 375 2697 Ten-rum..
399 2667 455 2696 ιιι.
1107 2653 1159 2693 16
