1604 2800
157 164 231 202 56
482 163 607 193 ADV.
646 163 1165 198 VALENTINIANOS.

160 260 234 298 hoc
267 259 350 309 ipso
383 257 435 294 ita
462 256 606 294 ceteris
632 262 900 307 praevertunt,
938 264 979 296 ut
1006 257 1235 310 Demiurgus
1261 266 1352 300 tunc
1378 262 1491 314 igno-

160 329 247 355 rans
277 315 405 366 magni
439 327 505 352 eas
536 313 690 352 fecerit.
759 313 819 352 Ex
849 327 980 354 earum
1013 328 1108 367 ergo
1142 317 1331 356 laterculo
1370 326 1412 358 et
1448 321 1491 359 ·in

158 386 272 424 reges
310 379 351 411 et
388 373 422 410 in
463 369 690 410 sacerdotes
728 371 902 423 allegere
941 382 1215 422 consueverat,
1256 389 1354 428 quae
1392 390 1492 417 nunc

159 443 335 483 quoque,
385 431 417 467 si
462 430 612 481 plenam
656 436 771 481 atque
809 431 1022 482 perfectam
1061 433 1236 471 notitiam
1273 435 1494 486 apprehen·

160 489 289 528 derint
319 489 475 526 istarum
514 487 756 534 naeniarum,
795 489 1063 528 naturificatae
1089 490 1163 528 iam
1189 492 1373 543 spiritalis
1399 506 1494 531 con·-

159 546 315 585 ditionis
341 546 612 596 germanitate,
641 552 786 584 certam
814 546 1043 586 obtinebunt
1067 548 1241 597 salutem,
1268 550 1344 588 imo
1372 551 1495 589 omni·-

159 604 271 643 modo
299 602 479 642 debitam.

261 665 343 703 ·30.
391 660 562 713 Ideoque
596 674 667 700 nec
701 663 950 714 operationes
984 665 1225 703 necessarias
1256 665 1329 704 sibi
1361 666 1496 713 existi-

159 725 280 767 mant,
319 732 391 758 nec
424 719 500 757 ulla
526 718 754 770 disciplinae
781 722 907 759 munia
933 721 1159 769 observant,
1200 724 1374 776 martyrii
1401 737 1496 776 quo-

159 791 232 830 que
276 776 477 816 eludentes
526 777 816 824 necessitatem,
867 791 941 830 qua
982 780 1116 818 volunt
1157 781 1494 833 interpretatione.

160 835 268 874 Hanc
307 836 408 874 enim
440 834 613 885 regulam
641 835 799 873 'animali
830 837 965 874 semini
997 838 1283 888 praestitutam,
1322 846 1365 877 ut
1395 840 1497 878 salu-

159 901 249 940 tem,
278 906 386 945 quam
414 905 489 929 non
516 890 564 930 de
591 892 794 943 privilegio
821 900 941 932 status
961 893 1213 945 possidemus,
1241 894 1288 934 de
1309 896 1495 948 suffragio

160 958 269 990 actus
295 950 552 989 elaboremus.
613 948 738 988 Nobis
772 951 870 988 enim
910 951 1143 1004 inscriptura
1179 953 1290 992 huius
1327 955 1496 1001 seminis,

161 1010 223 1061 qui
250 1008 503 1060 imperfectae
530 1007 723 1046 essentiae
755 1021 901 1055 sumus,
941 1010 1028 1061 quia
1059 1010 1253 1049 amoribus
1284 1010 1438 1050 Theleti
1458 1013 1494 1060 ¹)

161 1074 201 1105 et
227 1067 354 1118 utique
381 1065 535 1104 abortui
562 1063 801 1117 deputamur,
829 1065 930 1118 quod
957 1074 1080 1106 mater
1105 1067 1270 1106 illorum.
1322 1066 1400 1108 Sed
1428 1082 1497 1108 no-

159 1124 218 1162 bis
251 1123 400 1176 quidem
433 1136 522 1169 vae,
563 1123 594 1161 si
626 1124 908 1162 excesserimus
940 1125 978 1162 in
1011 1125 1140 1178 aliquo
1179 1125 1407 1179 disciplinae
1440 1128 1498 1165 iu-
1528 1162 1530 1164 ,

162 1196 267 1233 gum,
306 1182 337 1220 si
372 1180 683 1232 obtorpuerimus
715 1182 752 1218 in
785 1182 968 1233 operibus
1000 1184 1216 1222 sanctitatis
1247 1191 1363 1236 atque
1388 1185 1499 1223 iusti-

162 1241 259 1286 tiae,
287 1240 316 1277 si
345 1237 603 1277 confitendum
629 1239 741 1285 alibi,
776 1240 909 1278 nescio
943 1240 1025 1288 uhi,
1063 1247 1105 1280 et
1129 1255 1205 1280 non
1231 1241 1300 1281 sub
1325 1249 1500 1295 potesta-

162 1297 263 1334 tibus
294 1298 402 1334 istius
433 1297 554 1334 seculi
585 1295 684 1347 apud
724 1296 929 1336 tribunalia
966 1297 1184 1351 praesidum
1224 1301 1496 1352 optaverimus.

165 1354 224 1391 Illi
260 1366 354 1390 vero
393 1359 433 1390 et
470 1352 517 1391 de
560 1354 781 1404 passivitate
818 1356 920 1394 vitae
955 1363 995 1394 et
1032 1355 1236 1408 diligentia
1267 1356 1498 1397 delictorum

165 1410 467 1460 generositatem
504 1423 609 1447 suam
647 1409 862 1458 vindicent,
902 1412 1124 1453 blandiente
1156 1415 1235 1454 suis
1265 1415 1498 1463 Achamoth,

167 1467 344 1518 quoniam
371 1473 412 1504 et
444 1467 525 1517 ipsa
557 1465 816 1518 delinquendo
848 1470 1029 1519 profecit.
1090 1470 1191 1510 Nam
1228 1480 1269 1511 et
1304 1473 1500 1513 honoran-

166 1524 300 1562 dorum
340 1523 605 1574 coniugiorum
644 1537 894 1575 supernorum
933 1528 1058 1577 gratia
1096 1527 1239 1566 dicitur
1274 1530 1375 1581 apud
1412 1531 1500 1569 illos

167 1580 424 1620 meditandum
462 1587 576 1632 atque
615 1581 888 1620 celebrandum
926 1597 1080 1636 semper
1116 1593 1398 1625 sacramentum
1431 1600 1500 1626 co-

166 1640 266 1685 miti,
294 1638 330 1676 id
359 1645 418 1676 cst
443 1639 628 1685 feminae,
655 1638 926 1688 adhaerendo3
953 1642 1123 1694 alioquin
1149 1641 1398 1694 degenerem,
1425 1657 1499 1684 nec

166 1697 376 1747 legitimum
401 1697 594 1743 veritatis,
634 1697 697 1748 qui
729 1695 954 1737 deversatus
979 1700 1018 1737 in
1044 1698 1184 1738 mundo
1209 1714 1285 1739 non
1311 1702 1502 1741 amaverit

166 1755 344 1792 feminam
381 1766 454 1792 nec
492 1766 533 1792 se
572 1754 609 1792 ei
646 1755 830 1793 iunxerit.
894 1755 945 1794 Et
981 1755 1070 1808 quid
1107 1758 1255 1797 facient
1292 1758 1498 1812 spadone8‚

167 1825 261 1863 quos
284 1810 456 1851 videmus
482 1810 582 1863 apud
608 1811 720 1850 illos?

281 1873 349 1910 31.
395 1867 583 1921 Superest
608 1867 655 1908 de
683 1872 1011 1911 consummatione
1031 1879 1071 1911 et
1089 1871 1378 1926 dispensatione
1398 1882 1500 1917 mer-

169 1925 291 1964 cedis.
355 1925 427 1964 Ubi
452 1926 670 1965 Achamoth
697 1935 815 1967 totam
841 1942 1002 1969 messem
1029 1932 1184 1970 seminis
1209 1933 1267 1971 sui
1298 1933 1498 1985 presserit,

169 1982 258 2022 dein
285 1984 472 2033 colligere
499 1985 537 2022 in
564 1984 743 2023 horreum
771 1988 966 2039 coeperit,
1004 1989 1065 2027 vel
1098 2002 1181 2027 cum
1209 1988 1258 2028 ad
1283 1991 1405 2029 molas
1430 1989 1499 2029 de-

170 2041 285 2079 latum
312 2048 351 2078 et
377 2040 629 2080 defarinatum
657 2043 694 2080 in
721 2045 1008 2096 conspersionis
1033 2046 1204 2085 alvearia
1235 2046 1498 2096 absconderit,

170 2097 295 2136 donec
321 2105 440 2136 totum
469 2099 816 2148 confermentetur,
836 2104 874 2151 2)
905 2110 993 2142 tunc
1026 2106 1303 2143 consummatio
1330 2105 1498 2157 urgebit.

170 2155 292 2206 Igitur
316 2156 487 2208 inprimis
519 2157 601 2208 ipsa
626 2157 861 2206 Achamoth,
900 2159 949 2200 de
981 2162 1142 2213 regione
1174 2161 1411 2210 medietatis,
1450 2162 1499 2203 de

169 2213 340 2252 tabulato
379 2212 570 2260 secundo,
610 2215 646 2252 in
679 2229 860 2256 summum
894 2220 1125 2258 transfertur
1154 2221 1332 2260 restituta
1364 2220 1500 2260 Plero-

170 2271 280 2318 mati,
324 2278 363 2309 et
400 2272 526 2309 statim
564 2273 709 2324 excipit
746 2283 968 2327 compactus
987 2278 1025 2326 ³)
1059 2278 1123 2316 ille
1162 2276 1298 2326 Soter,
1336 2291 1499 2331 sponsus

264 2430 302 2475 1)
328 2433 412 2464 Edd.
437 2443 574 2465 omnes:
601 2435 775 2468 Phileti.
826 2439 876 2470 Cf.
903 2449 932 2470 c.
959 2442 991 2471 9.
1087 2440 1123 2480 2)
1146 2442 1200 2472 lta.
1224 2441 1340 2472 locum
1366 2439 1498 2472 emend.

171 2477 297 2517 Rhen.;
324 2479 376 2509 ed.
404 2481 427 2512 Ι.
454 2481 605 2512 Subito
627 2482 927 2515 Acin—totam
954 2495 1134 2516 mansam
1154 2486 1258 2517 —in
1285 2495 1498 2525 conspar-

172 2522 308 2554 sionis
334 2526 756 2559 salutaria—totum
783 2531 1188 2569 confrequentetur.
1266 2531 1306 2573 3)
1331 2532 1438 2562 Rben.
1463 2532 1498 2563 in

173 2568 600 2613 ed.l.comparcinus,
629 2574 750 2605 deinde
775 2576 896 2608 edidit:
924 2577 1241 2616 compactitius.
1270 2577 1496 2617 Scripsimus:
