1604 2800
631 188 707 220 DE
738 187 938 220 ΛΝΙΜΑ.
1344 187 1452 226 205

122 283 226 322 aeris
249 283 361 333 rigor
383 279 533 320 nullus?
565 280 696 319 Taceo
723 280 965 319 cubiculares
990 285 1118 318 aestus
1138 286 1178 318 et
1197 292 1346 319 omnem
1371 282 1451 321 illie

123 341 267 379 caloris
296 345 514 391 paraturam
546 338 780 377 enitentibus
811 338 1088 384 necessariam,
1122 350 1219 389 quae
1244 337 1365 376 afflari
1388 339 1452 378 vel

122 398 286 435 maxime
305 396 518 448 periculum
538 403 609 434 est.
648 395 690 434 ln
711 397 803 447 ipsis
827 408 948 447 paene
973 395 1122 433 balneis
1146 396 1247 434 fetus
1272 395 1450 442 elabitur,

122 461 163 493 et
186 455 315 493 statim
338 453 489 505 vagitus
514 452 678 491 auditur.
729 453 907 491 Ceterum
934 453 966 490 si
992 453 1094 490 aeris
1118 453 1228 504 rigor
1251 444 1452 491 thesaurus

123 518 184 550 est
213 512 382 558 animae,
420 517 531 549 extra
564 510 789 549 Germanias
821 517 862 548 et
892 509 1059 561 Scythas
1090 517 1131 548 et
1160 510 1279 562 Alpes
1312 516 1352 549 et
1375 509 1453 548 Ar-

123 581 244 620 gaeos
273 581 385 607 nemo
417 567 550 606 debuit
579 569 698 606 nasci.
764 567 910 619 Atquin
942 574 982 605 et
1010 566 1144 619 populi
1167 567 1453 619 frequentiores

121 625 223 678 apud
243 626 470 664 orientalem
496 632 536 663 et
559 624 795 663 meridialem
822 631 1118 676 temperaturam
1143 631 1183 662 et
1208 625 1364 676 ingenia
1384 637 1453 663 ex-

121 682 314 735 peditiora
345 681 518 721 omnibus
550 681 736 721 Sarmatis
772 683 887 721 etiam
924 689 1051 720 mente
1083 681 1335 733 torpentibus.
1402 682 1454 720 Et

121 741 237 778 animi
262 741 363 779 enim
389 738 437 778 de
463 740 656 790 rigoribus
681 740 860 778 scitiores
884 740 1145 790 provenirent,
1172 740 1204 777 si
1229 740 1378 777 animae
1403 737 1452 777 de

120 797 343 848 frigusculis
373 797 590 843 evenirent;
629 809 713 834 cum
744 796 955 833 substantia
987 797 1086 833 enim
1113 802 1153 833 et
1175 796 1246 833 vis.
1307 795 1375 833 His
1398 796 1454 833 ita

119 854 385 907 praestructis,
411 866 610 904 possumus
634 853 722 890 illos
747 865 897 904 quoque
924 853 1165 903 recogitare,
1204 853 1267 903 qui
1293 859 1452 891 exsecto

119 912 251 949 matris
269 917 381 949 utero
400 911 478 948 vivi
496 912 626 948 ae‘rem
651 910 872 955 hauserunt,
899 908 1032 948 Liberi
1052 910 1168 961 aliqui
1182 916 1222 947 et
1236 908 1451 961 Scipiones.

121 966 266 1016 Quodsi
285 969 361 1020 qui,
386 974 430 1006 ut
441 966 565 1014 Plato,
591 966 754 1018 perinde
774 980 849 1004 nou
871 973 979 1018 putat
999 965 1092 1005 duas
1117 968 1262 1004 animas
1282 967 1319 1004 in
1339 980 1452 1005 unum

120 1026 343 1072 convenire,
370 1026 471 1063 sicut
488 1037 561 1062 nec
583 1037 762 1075 corpora,
789 1036 864 1074 ego
890 1024 945 1061 illi
964 1037 1040 1061 non
1060 1022 1174 1061 modo
1195 1022 1288 1061 duas
1308 1025 1452 1062 animas

118 1083 159 1122 in
182 1095 296 1122 unum
322 1088 528 1132 congestas
554 1079 819 1127 ostendissem,
851 1081 951 1118 sicut
975 1087 1016 1118 et
1042 1093 1207 1131 corpora
1233 1081 1271 1118 in
1297 1080 1450 1126 fetibus,

118 1152 253 1179 verum
278 1146 320 1178 et
343 1139 420 1176 alia
443 1138 561 1176 multa
587 1151 671 1175 cum
696 1138 822 1175 anima
848 1144 1040 1183 conserta,
1068 1136 1265 1175 daemonis
1285 1137 1449 1183 scilicet,

120 1209 195 1236 nec
219 1197 345 1242 unius,
370 1203 413 1233 ut
436 1195 475 1233 in
502 1194 667 1233 Socrate
692 1196 796 1246 ipso,
827 1207 958 1233 verum
984 1190 1025 1232 'et
1048 1194 1258 1245 septenarii
1283 1195 1450 1245 spiritus,

119 1260 163 1292 ut
186 1254 226 1292 in
249 1251 547 1304 Magdalena,¹)
580 1259 620 1290 et
644 1252 849 1302 legionarii
874 1252 1033 1298 numeri,
1059 1258 1101 1289 ut
1126 1252 1165 1304 in
1192 1250 1451 1301 Geraseno,‘-')

122 1324 197 1363 quo
221 1310 374 1349 facilius
404 1311 530 1348 anima
562 1323 645 1347 cum
671 1309 796 1347 anima
823 1315 1052 1347 conseretur
1075 1321 1125 1346 ex
1149 1310 1337 1347 societate
1363 1307 1452 1346 sub-

120 1369 304 1415 stantiae,
337 1381 446 1419 quam
472 1367 626 1419 spiritns
652 1379 810 1418 nequam
838 1379 887 1405 ex
912 1365 1135 1419 diversitate
1160 1372 1337 1403 naturae.
1399 1364 1454 1403 At

121 1424 223 1464 idem
248 1426 287 1464 in
313 1431 424 1463 sexto
449 1423 614 1475 Legum,
655 1436 814 1461 monens
846 1436 1004 1469 cavere,
1042 1435 1091 1460 ne
1122 1423 1271 1460 vitiatio
1297 1423 1452 1460 seminis

121 1495 174 1522 ex
197 1482 325 1535 aliqua
348 1482 496 1521 vilitate
530 1480 757 1519 concubitus
788 1479 912 1518 labem
944 1481 1099 1532 corpori
1126 1487 1166 1518 et
1189 1480 1338 1518 animae
1364 1492 1453 1531 sup-

118 1547 250 1592 paret,
286 1539 420 1579 neseio
453 1537 502 1577 de
532 1538 693 1590 pristina
723 1538 863 1588 magis,
896 1551 945 1576 an
976 1536 1023 1576 de
1055 1538 1128 1575 ista
1158 1538 1349 1576 sententia
1379 1536 1453 1575 sibi

120 1595 324 1636 exciderit.
391 1595 569 1635 Ostendit
599 1596 699 1634 enim
730 1596 892 1633 animam
918 1594 967 1633 de
993 1595 1137 1633 semine
1169 1593 1318 1641 induci,
1350 1593 1452 1645 quod

121 1655 250 1693 curari
274 1660 424 1699 monet,
463 1667 540 1690 non
564 1652 613 1691 de
638 1653 760 1704 prima
785 1651 1046 1703 adspiratione
1071 1651 1276 1688 nascentis.
1328 1649 1450 1695 Unde,

122 1722 192 1750 ore
217 1718 277 1756 te,
314 1709 560 1747 similitudine
591 1710 740 1746 animae
773 1720 924 1758 quoque
955 1706 1176 1758 parentibus
1207 1706 1255 1744 de
1286 1707 1451 1756 ingeniis

124 1765 402 1818 respondemus
426 1764 634 1803 secundum
661 1764 858 1802 Cleanthis
883 1764 1152 1809 testimonium,
1178 1764 1210 1800 si
1236 1776 1311 1800 non
1338 1770 1378 1801 et
1402 1775 1451 1801 ex

121 1824 270 1862 animae
295 1822 440 1860 semine
466 1820 690 1859 educimur?
755 1819 834 1857 Cur
863 1827 988 1858 autem
1015 1826 1056 1858 et
1078 1826 1232 1858 veteres
1262 1820 1451 1871 astrologi

122 1880 336 1932 genituram
368 1878 530 1916 hominis
562 1877 609 1915 ab
642 1877 751 1914 initio
784 1883 994 1928 conceptus
1025 1875 1273 1927 digerebant,
1311 1877 1343 1914 si
1374 1889 1450 1914 non

122 1936 263 1977 exinde
288 1943 329 1974 et
352 1936 476 1974 anima
501 1941 579 1981 est,
615 1932 665 1972 ad
697 1946 805 1985 quam
837 1946 960 1986 aeque
990 1934 1178 1986 pertinet,
1215 1935 1246 1972 si
1277 1932 1366 1986 quid
1391 1940 1451 1972 est

125 1993 307 2042 flatusw)
429 1992 434 1994 ’

238 2054 307 2094 26.
352 2048 431 2088 Sed
456 2049 578 2087 omnis
601 2049 854 2100 inaequalitas
878 2049 1093 2087 sententiae
1118 2048 1304 2087 humanae
1329 2061 1448 2100 usque

122 2107 173 2148 ad
197 2107 262 2148 dei
286 2108 483 2146 terminos.
549 2105 591 2143 In
622 2108 773 2144 nostras
803 2107 877 2144 iam
909 2106 1031 2144 lineas
1063 2105 1221 2157 gradum
1255 2106 1448 2155 colligam,

122 2172 167 2204 ut
185 2163 286 2217 quod
305 2163 542 2216 pbilosophis
560 2161 795 2214 medicisque
814 2162 1009 2215 respondi,
1037 2162 1254 2201 Christiano
1275 2162 1448 2213 probem.

125 2222 184 2261 De
208 2229 288 2268 tuo,
319 2221 460 2266 frater,
492 2218 739 2258 fundamento
766 2218 876 2258 iidem
901 2219 1084 2267 aedifica3
1122 2221 1254 2271 aspice
1276 2219 1449 2257 viventes

124 2286 258 2318 uteros
289 2277 611 2316 sanctissimarum
642 2277 887 2324 feminarum,
918 2290 991 2316 nec
1022 2275 1135 2314 modo
1161 2276 1349 2327 spirantes
1373 2275 1448 2312 iam

125 2336 206 2375 illic
231 2335 408 2381 infantes
433 2347 564 2372 verum
590 2335 704 2372 etiam
730 2334 1017 2385 prophetantes.
1067 2333 1172 2371 Ecce
1196 2333 1346 2370 viscera
1371 2330 1448 2370 Re-

124 2393 272 2432 beccae
285 2392 324 2441 ⁴)
350 2392 620 2444 inquietantur,
646 2398 686 2429 et
711 2391 824 2442 longe
850 2390 974 2429 adhuc
994 2397 1124 2443 partus
1145 2395 1186 2427 ct
1204 2389 1305 2427 ae‘ris
1325 2388 1447 2427 nullus

220 2531 257 2571 1)
271 2531 378 2560 Marc.
394 2531 447 2566 16,
463 2530 493 2559 9.
587 2529 623 2565 2)
638 2529 743 2559 Marc.
759 2530 789 2564 5,
805 2529 823 2558 1
836 2537 906 2566 sqq.
1002 2527 1039 2567 3)
1053 2503 1190 2557 fvouw.
1206 2527 1240 2557 et
1253 2525 1326 2566 mg.
1340 2534 1359 2556 e
1373 2521 1465 2558 cmL'

126 2576 261 2608 Ursini:
286 2578 400 2606 statu
411 2575 448 2605 s?
541 2575 579 2614 4)
593 2576 677 2606 Gen.
691 2576 747 2615 2⁵,
763 2575 804 2603 22
818 2583 867 2612 sq.
