1624 2826
382 205 908 255 AnvsMARcmNEM
943 223 1121 255 mann
1153 225 1207 256 IV.
1358 221 1453 260 ξιτ

123 315 301 365 vertit.¹)
362 314 644 354 Demonstrabo
670 323 796 355 autem
821 317 943 363 vobis,
972 329 1082 368 quem
1106 317 1293 365 timeatis3
1319 318 1451 356 timete

124 385 230 420 eum,
257 373 321 425 qui
344 380 544 425 postquam
577 373 787 421 occiderit,
814 381 1046 427 potestatem
1071 374 1188 413 habet
1212 374 1388 414 mittendi
1414 376 1453 414 in

124 429 359 481 gehennam3
400 435 635 480 (creatorem
668 434 846 484 utique3)
886 433 1014 484 itaque
1052 431 1142 471 dico
1179 433 1308 480 vobis,
1352 433 1452 472 hune

122 489 315 537 timete.2)
365 487 416 527 Et
446 487 521 540 hoc
554 490 592 527 in
625 489 713 528 loco
746 489 939 529 sufficeret
970 490 1080 538 mihi,
1119 491 1151 528 si
1183 503 1292 542 quem
1325 492 1454 530 timeri

120 545 242 593 iubet,
269 545 414 588 offendi
439 553 563 594 vetat,
597 554 637 585 et
663 561 772 599 quem
799 546 945 586 offendi
968 555 1086 594 vetat,
1114 547 1306 587 demereri
1332 549 1451 594 iubet,

121 609 162 641 et
187 603 250 655 qui
275 602 372 642 haee
400 603 572 651 mandat,
611 606 729 656 ipsius
755 612 833 652 est,
872 606 933 643 eui
963 605 1129 647 timendo
1161 613 1202 644 et
1227 620 1303 644 non
1331 606 1453 645 offen-

120 659 248 698 dendo
281 667 321 698 et
352 660 588 700 demerendo
614 670 811 714 procurat.
875 661 953 701 Sed
980 663 1104 702 habeo
1137 670 1178 702 et
1209 662 1257 702 de
1289 677 1453 715 sequen-

119 717 222 756 tihus
247 731 412 757 sumere.
475 718 574 757 DIco
602 721 702 757 enim
727 720 855 766 vobis,
896 721 1017 758 omnis
1049 721 1112 771 qui
1140 719 1389 758 confitebitur
1414 722 1453 758 in

92 821 100 827 .
118 788 179 813 me
207 788 337 813 eoram
362 776 591 823 hominibuS,
626 777 844 815 confitebor
868 777 906 814 in
933 778 999 814 illo
1028 790 1159 815 coram
1186 776 1321 826 deo.³)
1381 778 1454 825 Qui

120 831 407 871 confitebuntur
443 840 570 871 autem
599 834 651 871 ·in
691 833 872 881 Christo,
923 833 1051 872 occidi
1088 833 1283 873 habebunt
1321 848 1453 874 coram

117 886 356 937 hominibus,
389 890 483 929 nihil
509 892 639 943 utique
666 892 826 944 amplius
852 892 1001 943 passuri
1027 898 1114 944 post
1140 893 1375 932 occisionem
1403 893 1451 931 ab

117 947 213 1002 ”¹³⁸2
251 947 316 999 'Hi
349 961 444 999 ergo
478 956 614 997 erunt,
654 962 748 1000 quos
779 962 894 1001 supra
924 957 1175 1001 praemonet,
1213 964 1261 989 ne
1295 951 1454 990 timeant

118 1004 380 1044 tantummodo
415 1005 556 1045 occidi.
620 1005 712 1045 Ideo
750 1007 1002 1059 praemittens
1033 1021 1109 1045 non
1142 1007 1350 1046 timendam
1383 1022 1451 1047 oc-

118 1063 322 1110 cisionem,
373 1071 414 1101 ut
450 1064 700 1115 subiungeret
744 1063 1003 1103 sustinendam
1043 1065 1340 1106 confessionem.
1401 1066 1453 1104 Et

118 1121 264 1168 omnis,
303 1121 366 1173 qui
404 1123 607 1173 negaverit
643 1135 702 1160 me
741 1135 872 1161 coram
909 1122 1150 1170 hominibus,
1197 1122 1453 1174 denegabitur

118 1190 249 1216 coram
275 1177 368 1225 deo,
389 1179 426 1228 4)
466 1180 513 1217 ab
541 1192 588 1217 eo
607 1181 762 1231 utique,
802 1180 994 1231 quitillum
1021 1181 1269 1219 confitentem
1298 1181 1451 1219 confes-

117 1235 227 1274 surus
251 1236 399 1274 fuisset.
463 1234 505 1274 Si
532 1237 631 1274 enim
665 1237 929 1275 confessorem
964 1236 1229 1284 confitebitur,
1266 1239 1349 1289 ipse
1376 1245 1448 1284 est,

117 1294 181 1345 qui
207 1300 247 1331 et
270 1300 498 1344 negatorem
525 1294 695 1345 negabit.
733 1293 856 1333 Porro
883 1295 915 1332 si
942 1295 1144 1333 confessor
1169 1302 1240 1342 est,
1269 1296 1330 1333 eui
1355 1295 1450 1333 nihil

116 1349 324 1389 timendum
351 1358 410 1390 est
436 1358 523 1403 post
549 1352 805 1399 occisionem,
839 1359 1005 1403 negator
1029 1354 1123 1399 erit,
1152 1353 1212 1390 cui
1240 1351 1450 1390 timendum

116 1415 177 1447 est
213 1409 329 1452 etiam
360 1415 460 1460 post.
484 1416 660 1447 mortem.
721 1409 856 1461 ltaque
890 1422 974 1447 cum
1008 1411 1197 1448 creatoris
1229 1410 1302 1455 sit,
1347 1408 1451 1461 quod

114 1465 322 1504 timendum
360 1472 419 1504 est
454 1473 545 1518 post
580 1473 766 1514 mortem,
805 1466 1008 1517 gehennae
1034 1467 1188 1505 scilicet
1223 1480 1370 1518 poena,
1410 1473 1451 1505 et

114 1529 282 1575 negator
312 1535 407 1574 ergo
441 1525 632 1562 creatoris
664 1531 737 1562 est.
800 1522 842 1561 Si
874 1531 1000 1563 autem
1028 1532 1068 1563 et
1099 1531 1264 1576 negator
1289 1532 1329 1563 et
1355 1537 1449 1562 eon—

112 1581 264 1628 fessor,
305 1582 486 1633 qui-post
517 1582 754 1622 occisionem
787 1581 881 1620 nihil
913 1581 961 1620 ab
987 1582 1141 1621 homine
1167 1595 1349 1635 passurus
1376 1589 1446 1628 est,
1470 1596 1473 1597 ⁷

112 1652 135 1678 a
172 1637 248 1678 deo
288 1639 400 1690 plane
437 1653 641 1691 passurus,
693 1641 725 1677 si
768 1647 943 1690 negaret.
1015 1639 1143 1692 Atque
1182 1641 1234 1678 ita
1274 1640 1448 1678 Christus

115 1697 305 1735 creatoris
330 1704 407 1743 est,
449 1698 517 1748 qui.
538 1696 708 1736 ostendit
733 1704 943 1748 negatores
968 1710 1058 1736 suos
1085 1699 1275 1736 creatoris
1302 1697 1447 1748 gehen-

114 1767 200 1791 nam
237 1754 373 1791 timere
412 1753 571 1792 debere,
639 1754 733 1795 Post
769 1754 994 1793 deterritam
1032 1756 1162 1806 itaque
1201 1755 1446 1805 negationem

113 1811 285 1862 sequitur
310 1816 350 1847 et
378 1809 640 1862 blasphemiae
665 1810 930 1849 formidandae
957 1811 1189 1850 admonitio:
1218 1813 1280 1862 qui
1306 1810 1445 1848 dixerit

113 1869 152 1906 in
177 1867 294 1906 filium
319 1867 496 1914 hominis,
523 1868 742 1905 remittetur
766 1868 835 1913 illi,
863 1869 924 1919 qui
951 1875 1077 1906 autem
1104 1867 1246 1906 dixerit
1270 1869 1308 1906 in
1334 1868 1447 1920 spiri-

113 1932 191 1964 tum
217 1931 402 1971 sanctum,
429 1926 506 1962 n'on
532 1925 750 1962 remittetur
775 1925 870 1973 ei.⁵)
935 1925 1079 1972 Quodsi
1104 1927 1178 1964 iam
1205 1932 1245 1964 et
1269 1924 1445 1964 remissio

112 1990 153 2022 et
176 1983 344 2021 retentio
371 1981 506 2020 delicti
531 1981 698 2020 iudicem
724 1981 834 2030 deum
863 1984 1026 2034 sapiunt,
1054 1983 1173 2022 huius¹
1189 1984 1265 2022 erit
1289 1983 1446 2034 spiritus

112 2047 267 2079 sanctus
292 2053 369 2078 non
394 2038 734 2092 blasphemandus,
767 2053 843 2078 non
868 2041 1242 2093 remissuril'seilicet
1265 2039 1446 2092 blasphe-

112 2099 243 2145 miam,
282 2098 382 2136 sicut
407 2104 447 2136 et
471 2111 586 2150 supra
611 2110 687 2135 non
713 2096 929 2148 negandus,
957 2099 1126 2137 occisuri
1152 2099 1305 2137 scilicet
1329 2098 1442 2136 etiam

112 2157 151 2194 in
176 2155 404 2207 gehennam.
468 2154 613 2203 Quodsi
644 2161 685 2193 et
712 2154 988 2207 blasphemiam
1014 2156 1189 2195 Christus
1214 2169 1238 2194 a
1264 2162 1444 2194 creatore

112 2214 271 2260 avertit,
298 2211 490 2264 quomodo
517 2212 760 2251 adversarius
785 2214 822 2251 ei
846 2214 1017 2262 venerit,
1049 2227 1125 2252 non
1151 2215 1248 2252 seio.
1308 2212 1388 2250 Aut
1412 2214 1446 2251 si

113 2278 153 2309 et
182 2278 254 2323 pe'r
283 2270 382 2309 haec
415 2271 662 2310 severitatem
688 2271 769 2310 eius
794 2271 979 2318 infuscat,
1018 2286 1094 2310 non
1119 2270 1317 2318 remissuri
1342 2268 1439 2306 blas-

111 2328 301 2380 phemiam
334 2334 374 2366 et
406 2329 574 2367 occisuri
606 2329 791 2378 etiambin
823 2328 1062 2380 gehennam,
1101 2333 1301 2380 superest,
1340 2332 1382 2363 ut
1407 2331 1442 2363 et

111 2386 214 2424 illius
239 2384 382 2424 diversi
409 2384 472 2424 dei
498 2387 650 2437 impune
679 2392 718 2423 et
742 2387 901 2437 spiritus
921 2386 1227 2439 blasphemetur,
1267 2390 1307 2422 et
1333 2382 1446 2420 Chri-

113 2450 191 2482 stus
217 2450 393 2494 negetur,
422 2450 461 2482 et
486 2444 579 2482 nihil
605 2444 757 2483 intersit
783 2442 830 2482 de
858 2444 962 2482 cultu
987 2446 1070 2483 eius
1089 2443 1186 2482 deve
1208 2446 1443 2491 contemptu,

205 2581 242 2624 1)
268 2578 332 2614 ies.
355 2585 409 2623 57,
435 2585 468 2612 1.
565 2580 602 2622 2)
631 2584 714 2614 Luc.
737 2584 791 2624 12,
813 2584 846 2614 5.
944 2579 979 2623 3)
1006 2583 1090 2612 Luc.
1108 2581 1162 2622 12,
1176 2581 1208 2612 8.
1302 2578 1340 2619 4)
1366 2577 1445 2610 ibid.

115 2637 145 2661 v.
159 2630 190 2659 9.
288 2627 326 2672 5)
352 2630 435 2661 Luc.
453 2627 577 2668 12,10.
