1624 2826
134 208 147 222 ‘
199 210 303 247 2⁴28
457 210 583 243 ADV.
619 212 983 243 MARCIONEM
1019 213 1195 244 LIBER
1230 211 1288 245 IV.

199 318 287 343 ses:
314 303 456 356 pascha
483 310 542 342 est
567 302 768 355 domium)
819 303 912 343 Ideo
940 311 979 344 et.
1003 305 1181 344 affectum
1209 317 1313 343 suum
1342 303 1529 343 ostendit:

201 362 518 414 concupiscentia
544 363 744 413 concupivi
771 363 914 414 pascha
940 362 1059 401 edere
1086 363 1296 407 vobiscum,
1323 366 1528 413 antequam

199 421 338 472 patiar.
358 420 395 466 2)
471 418 500 457 Ο
540 419 636 470 legis
674 418 975 467 destructorem,
1027 421 1087 472 qui
1127 420 1378 471 concupierat
1415 420 1528 458 etiam

199 477 344 529 pascha
370 477 545 514 servare!
595 476 782 515 Nimirum
813 479 1019 516 vervecina
1046 478 1148 516 illum
1175 476 1332 515 Iudaica
1357 476 1530 516 delecta-

200 537 287 573 ret?
333 532 395 571 An
427 534 508 585 ipse
542 541 644 581 erat,
685 536 747 586 qui
779 542 957 587 tanquam
991 537 1073 574 ovis
1099 534 1147 573 ad
1174 535 1364 573 victimam
1390 533 1531 574 adduci

201 592 364 637 habens,
392 598 432 628 et
458 598 631 642 tanquam
660 593 740 630 ovis
773 606 902 631 coram
935 592 1133 639 tondente,
1162 593 1217 630 sic
1245 606 1287 630 os
1315 605 1389 630 non
1415 605 1530 644 aper-

200 649 364 695 turus,³)
393 648 549 698 figuram
576 651 771 700 sanguinis
796 651 853 688 sui
879 651 1056 689 salutaris
1089 650 1249 702 implere
1277 650 1531 701 concupisce-

199 706 292 744 bat?
338 705 496 743 Poterat
522 713 560 744 et
585 707 631 744 ab
666 714 851 746 extraneo
880 708 1050 759 quolibet
1075 707 1200 754 tradi,
1238 720 1287 746 ne
1314 706 1530 756 dicerem)

201 770 241 802 et
277 763 314 800 in
352 762 425 800 hoc
458 763 639 814 psalmum
673 772 926 815 expunctum:
979 766 1040 816 qui
1078 778 1225 803 mecum
1262 778 1398 816 panem
1437 764 1530 811 edit,

202 819 345 858 levabit
381 820 418 856 in
451 833 509 858 me
543 821 774 871 plantam.⁵)
838 820 997 860 Poterat
1028 829 1068 860 et
1098 823 1179 859 sine
1212 823 1384 873 praemio
1412 821 1527 860 tradi.

204 877 352 925 Quanta
379 877 478 914 enim
506 891 624 928 opera
653 877 848 916 traditoris
870 880 974 917 circa
995 892 1092 925 eum,
1122 880 1183 930 qui
1205 879 1382 930 populum
1399 892 1529 917 coram

203 933 415 980 offendens,
444 947 515 972 nec
543 934 639 972 tradi
668 936 787 986 magis
812 937 1000 987 potuisset
1027 950 1134 988 quam
1162 935 1315 974 invadi?
1352 934 1428 975 Sed
1456 937 1530 975 hoc

202 992 268 1030 alii
306 993 554 1043 competisset
591 992 763 1039 Christo,
811 1007 888 1031 non
928 994 990 1045 qni
1028 994 1251 1045 prophetias
1284 993 1530 1045 adimplebat.

203 1048 395 1101 Scriptum
434 1056 494 1087 est
531 1051 648 1087 enim:
687 1064 756 1101 pro
795 1063 842 1089 eo
877 1050 975 1102 quod
1007 1050 1293 1089 venumdedere
1331 1051 1530 1104 iustum.⁶)

201 1105 298 1144 Nam
326 1114 365 1144 et
391 1107 638 1157 quantitatem
666 1115 705 1145 et
736 1109 876 1146 exitum
903 1109 1015 1160 pretii
1043 1115 1176 1159 postea
1194 1107 1285 1146 Iuda
1305 1109 1530 1160 poenitente

200 1164 374 1201 revocati
401 1171 439 1201 et
464 1165 501 1201 in
529 1166 759 1215 emptionem
787 1165 865 1203 dati
891 1167 975 1216 agri
1003 1166 1121 1216 figuli,
1149 1167 1247 1204 sicut
1267 1166 1304 1204 in
1325 1167 1530 1218 evangelio

199 1219 430 1267 Matthaei's)
461 1222 698 1269 continetur,
727 1222 942 1261 Hieremias
969 1224 1189 1276 praecanit:
1228 1230 1269 1262 et
1293 1228 1532 1276 aeceperunt

200 1278 359 1327 triginta
384 1286 610 1329 argenteos,
650 1281 812 1331 pretium
840 1282 1047 1332 appretiati
1072 1281 1133 1319 vel
1159 1281 1358 1328 honorati,
1397 1289 1438 1320 et
1462 1279 1531 1321 de-

202 1333 339 1372 derunt
370 1348 437 1373 eos
469 1336 507 1373 in
540 1350 671 1386 agrum
699 1337 870 1387 figuli&
933 1337 1134 1376 Professus
1160 1340 1290 1390 itaque
1317 1351 1358 1377 se
1385 1352 1531 1379 concu-

202 1392 390 1443 piscentia
417 1394 644 1443 concupisse
672 1393 789 1432 edere
816 1396 958 1445 pascha
985 1402 1026 1433 ut
1040 1409 1159 1441 suum,
1187 1396 1399 1448 (indignum
1414 1397 1529 1443 enim,

202 1454 246 1485 nt
283 1446 370 1498 quid
402 1449 564 1486 alienum
599 1452 894 1501 concupisceret
926 1451 1290 1504 deuthacceptum
1323 1467 1460 1505 panem
1491 1460 1532 1493 et

204 1503 442 1542 distributum
471 1504 666 1556 discipulis
692 1519 831 1558 corpus
857 1521 961 1545 suum
988 1509 1090 1546 illum
1118 1509 1224 1555 fecit,
1256 1511 1331 1548 hoc
1356 1518 1416 1550 est
1442 1524 1531 1558 eor-

203 1574 273 1613 pus
298 1574 420 1599 meum
453 1561 687 1613 dicendo,9)
726 1563 762 1601 id
789 1571 847 1601 est
879 1565 1001 1615 figura
1032 1567 1207 1616 corporis
1239 1568 1327 1605 mei;
1389 1567 1530 1619 Figura

204 1626 328 1656 autem
368 1632 442 1656 non
479 1620 633 1666 fuisset,
670 1622 743 1658 nisi
782 1623 955 1660 veritatis
993 1630 1097 1661 esset.
1135 1636 1286 1675 corpus.
1350 1623 1529 1664 Ceterum

202 1689 324 1714 vacua
351 1689 425 1722 res,
454 1676 554 1728 quod
581 1684 641 1715 est
665 1677 900 1729 phantasma,
929 1680 1087 1730 figuram
1115 1693 1256 1732 capere
1276 1694 1359 1721 non
1384 1689 1528 1733 posset.

202 1731 281 1771 Aut
318 1734 349 1770 si
381 1741 587 1784 propterea
619 1748 753 1786 panem
788 1749 926 1788 corpus
958 1738 1029 1775 sibi
1063 1737 1194 1785 finxit,
1234 1739 1321 1790 quia
1353 1740 1530 1791 corporis

204 1790 363 1828 carebat
392 1792 581 1837 veritate,
621 1805 716 1843 ergo
754 1806 889 1844 panem
928 1793 1061 1832 debuit
1098 1794 1253 1834 tradere
1291 1808 1361 1847 pro
1399 1796 1527 1836 nobis.

203 1846 387 1885 Faciebat
416 1847 463 1885 ad
495 1850 699 1901 vanitatem
731 1850 962 1898 Marcionis,
1002 1859 1043 1889 ut
1074 1853 1182 1904 panis
1215 1853 1525 1904 crucifigeretur,

205 1903 283 1941 Cur
307 1912 431 1942 autem
463 1919 597 1956 panem
626 1920 765 1958 corpus
792 1922 895 1946 suum
923 1909 1109 1960 appellat,
1149 1917 1188 1948 et.
1213 1924 1288 1948 non
1314 1911 1436 1962 magis
1459 1923 1530 1963 pe·-

203 1973 354 2012 ponem,
382 1975 491 2012 quem
516 1962 691 2001 Marcion
720 1964 848 2003 cordis
875 1966 962 2004 loco
991 1966 1145 2004 habuit?
1176 1966 1264 2005 Non
1290 1968 1527 2019 intelligens,

202 2023 374 2055 veterem
400 2019 517 2057 fuisse
544 2020 653 2058 istam
681 2021 836 2071 figuram
865 2025 1041 2074 corporis
1068 2023 1230 2070 Christi,
1269 2023 1433 2064 dicentis
1458 2038 1530 2077 per

205 2072 455 2112 Hieremiam:
494 2075 675 2115 adversus
702 2091 759 2116 me
788 2081 1056 2129 cogitaverunt
1071 2083 1306 2133 cogitatum,
1332 2081 1527 2122 dicentes:

203 2132 331 2169 venite
360 2133 608 2171 coniiciamus
641 2135 780 2185 lignum
814 2137 850 2173 in
884 2151 1019 2188 panem
1053 2135 1234 2186 e'ius‚10)
1263 2139 1415 2178 scilicet
1441 2153 1528 2179 eru-

206 2200 289 2225 cem
315 2189 353 2226 in
381 2202 522 2240 corpus
555 2192 648 2229 eius.
711 2192 842 2244 Itaque
874 2195 1108 2234 illuminator
1138 2197 1404 2248 antiquitatum
1437 2195 1527 2249 quid

205 2251 295 2282 tunc
333 2246 500 2284 volucrit
535 2249 773 2298 significasse
811 2264 966 2301 panem,
1005 2254 1097 2291 satis
1135 2252 1349 2293 declaravit
1386 2267 1528 2306 corpus

205 2314 310 2339 suum
334 2315 478 2342 vocans
502 2318 651 2356 panem.
715 2306 780 2346 Sic
806 2315 845 2346 et
876 2310 912 2346 in
940 2310 1073 2348 calicis
1098 2311 1293 2350 mentione
1321 2317 1528 2351 testamen·

297 2464 332 2502 1)
358 2465 466 2496 Lex-it.
479 2467 532 2504 23,
550 2469 580 2498 5.
676 2466 713 2510 2)
739 2468 821 2502 Luc.
837 2472 891 2511 22,
907 2473 959 2502 15.
1055 2469 1091 2513 3)
1118 2474 1180 2505 1es.
1196 2474 1250 2514 53,
1264 2474 1296 2503 τ.
1390 2469 1428 2512 4)
1444 2472 1527 2503 eoa.r

204 2507 399 2542 Wouweri:
427 2522 475 2542 ne
500 2513 706 2545 dicerent
737 2525 817 2546 non
849 2519 882 2548 et
908 2518 948 2548 in
984 2519 1064 2550 boc
1100 2521 1166 2551 etc.
1268 2516 1304 2561 5)
1330 2518 1533 2562 1’8·41⁷1⁰;

205 2552 242 2595 6)
268 2555 369 2587 Amos
385 2558 415 2593 2,
430 2560 460 2588 6.
521 2560 556 2598 7)
578 2561 701 2592 Matth.
716 2563 770 2604 27,
786 2564 803 2593 3
820 2572 891 2602 sqq.
952 2565 1066 2602 8)1e1·.
1081 2566 1134 2604 32,
1149 2565 1170 2594 'I
1185 2574 1256 2603 sqq.
1270 2562 1324 2596 25.
1350 2564 1454 2594 Zaeh.
1469 2565 1525 2605 11,

206 2600 249 2629 12
262 2609 311 2639 sq.
405 2603 441 2642 9)
466 2604 551 2638 Luc.
567 2607 691 2646 22,19.
786 2609 845 2649 10)
869 2611 932 2640 ler.
949 2611 1073 2651 11,19.
1085 2612 1129 2641 cf.
1145 2617 1231 2642 Lxx.
