1604 2800
602 173 678 206 ΒΕ
707 172 912 207 ANIMA.
1327 174 1431 212 192

90 274 167 309 est.
213 266 358 306 Thebis
386 265 549 306 hebetes
581 274 622 306 et
651 266 786 306 brutos
817 267 926 306 nasci
956 266 1120 306 relatum
1150 274 1228 315 est;
1265 266 1432 308 Athenis

91 323 269 378 sapiendi
299 323 529 377 dicendique
561 325 821 372 acutissimos,
860 325 925 363 uhi
957 338 1077 377 penes
1109 324 1288 377 Colytum
1318 327 1432 377 pueri

91 395 224 422 mense
250 383 364 422 citius
389 382 621 435 eloquuntur
644 395 838 435 praecoce
865 383 1009 434 lingua,
1035 382 1222 435 siquidem
1254 390 1294 422 et
1318 382 1429 422 Plato

92 441 133 479 in
145 440 305 479 Timaeo
319 441 332 467 ¹
341 443 357 490 )
381 439 594 479 Minervam
619 440 791 487 affirmat,
819 454 903 480 cum
929 440 1062 480 urbem
1087 441 1190 480 illam
1215 441 1428 487 moliretur,

91 498 187 538 nihil
210 496 315 537 aliud
341 511 452 550 quam
479 499 653 550 regionis
683 506 858 537 naturam
882 500 1130 551 prospexisse
1155 498 1249 537 talia
1274 499 1431 550 ingenia

91 555 319 609 pollicitam,
344 554 445 594 unde
471 563 512 595 et
536 557 619 608 ipse
645 557 685 595 in
709 555 879 608 Legibus
903 556 1064 608 Megillo
1087 564 1127 596 et
1142 556 1289 595 Cliniae
1316 569 1431 608 prae·

93 613 203 666 cipit,
229 612 457 653 condendae
485 615 631 652 civitati
656 615 784 653 locum
809 616 1122 666 procurarent.2)
1183 613 1263 652 Sed
1288 613 1430 666 Empe-

91 668 229 710 docles
247 684 423 710 caussam
447 678 608 723 argutae
634 670 776 711 indolis
802 679 842 711 et
866 672 1027 711 obtusae
1052 674 1091 711 in
1116 672 1313 723 sanguinis
1338 685 1430 723 qua-

91 727 202 768 litate
228 729 447 775 constituit,
479 729 695 780 perfectum
720 743 767 768 ac
792 728 1009 780 profectum
1035 729 1083 768 de
1109 728 1288 768 doctrina
1314 727 1430 767 disci-

90 786 272 838 plinaqne
309 784 479 824 deducit.
557 786 702 825 Tamen
737 786 894 837 vulgata
929 788 1004 825 iam
1041 799 1105 825 res
1142 794 1201 825 est
1231 787 1431 837 gentilium

89 843 385 896 proprietatum.
447 843 597 882 Comici
621 842 797 895 Phrygas
827 842 981 882 timidos
1012 842 1193 889 illudunt,
1227 842 1431 882 Sallustius

89 913 212 940 vanos
233 899 393 939 Mauros
418 907 459 939 et
483 900 638 939 seroces
663 899 859 939 Dalmatas
884 901 1028 953 pulsat,
1061 899 1266 940 mendaces
1294 900 1431 939 Cretas

88 958 208 998 etiam
233 958 432 1010 apostolus
445 958 483 1005 ³)
510 958 641 997 inurit.
699 958 881 996 Fortasse
908 972 957 996 an
983 966 1023 997 et
1047 957 1095 997 de
1123 971 1290 1010 corpore
1317 965 1358 996 et
1382 957 1432 996 de

90 1014 312 1056 valetudine
342 1015 487 1067 aliquid
518 1014 695 1054 accedat.
770 1015 956 1066 Opimitas
993 1016 1220 1067 sapientiam
1257 1014 1429 1068 impedit,

90 1073 247 1114 exilitas
271 1071 442 1124 expedit,
475 1073 664 1125 paralysis
695 1079 860 1110 mentem
886 1071 1069 1124 prodigit,
1101 1072 1263 1123 phthisis
1287 1080 1429 1110 servat.

92 1129 245 1178 Quanto
270 1131 393 1181 magis
417 1128 467 1168 de
492 1129 759 1168 accidentibus
784 1129 1043 1177 habebuntur,
1078 1142 1176 1181 quae
1210 1130 1317 1168 circa
1342 1142 1432 1167 cor-

91 1187 301 1240 pulentiam
333 1193 374 1226 et
402 1187 608 1225 valentiam
640 1187 700 1225 vel
726 1194 867 1225 acuunt
890 1188 951 1225 vel
978 1186 1203 1225 obtundunt.
1275 1186 1433 1225 Acuunt

91 1240 309 1291 doctrinae,
336 1243 576 1296 disciplinae,
609 1251 714 1282 artes
739 1251 779 1282 et
806 1245 1059 1295 experientia,
1087 1244 1258 1295 negotia,
1285 1242 1430 1291 studia3

95 1300 311 1341 obtundunt
334 1302 526 1348 inscitiae,
553 1302 719 1353 ignavia,
746 1300 934 1349 desidiae,
962 1301 1152 1348 libidines,
1179 1302 1431 1353 inexperien-

93 1360 187 1406 tiae,
214 1361 307 1406 otia,
333 1360 438 1398 vitia.
484 1358 612 1411 Super
636 1359 734 1398 haec
760 1360 792 1397 si
818 1366 858 1397 et
883 1360 959 1398 alia
985 1371 1083 1411 quae
1110 1366 1295 1411 praesunt
1319 1366 1432 1410 pote-

90 1424 233 1465 states3
269 1418 467 1456 enimvero
497 1423 701 1468 praesunt,
735 1415 945 1455 secundum
976 1430 1047 1455 nos
1079 1415 1230 1468 quidem
1257 1415 1431 1454 dominus

91 1473 189 1514 deus
213 1481 254 1514 et
278 1473 454 1513 diabolus
480 1474 663 1520 aemulus,
695 1473 904 1512 secundum
931 1487 1168 1512 communem
1195 1480 1321 1512 autem
1349 1474 1432 1526 opi-

91 1533 245 1571 nionem
270 1539 312 1571 et
335 1530 582 1583 providentia
614 1538 654 1570 et
678 1531 797 1569 fatum
824 1538 865 1570 et
888 1532 1101 1570 necessitas
1133 1538 1174 1570 et
1204 1531 1360 1570 fortuna
1391 1538 1432 1570 et

90 1589 243 1629 arbitrii
280 1589 453 1628 libertas.
524 1588 623 1628 Nam
655 1588 752 1627 haec
785 1596 825 1627 et
854 1589 1072 1641 philosophi
1104 1588 1359 1639 distinguunt,
1392 1595 1433 1626 et

90 1660 164 1686 nos
200 1645 411 1686 secundum
448 1645 562 1684 fidem
601 1645 827 1684 disserenda
862 1659 931 1683 suo
969 1647 1044 1683 iam
1088 1646 1260 1683 novimus
1303 1646 1429 1683 titulo.

89 1704 286 1756 Apparet,
325 1710 466 1754 quanta
502 1704 595 1747 sint,
641 1715 738 1753 quae
775 1715 887 1739 unam
924 1703 1074 1740 animae
1112 1709 1284 1740 naturam
1322 1703 1429 1740 varie

93 1761 339 1805 collocarint,
361 1766 403 1797 ut
420 1759 535 1809 vulgo
556 1765 716 1796 naturae
738 1757 981 1808 deputentur,
1009 1758 1160 1810 quando
1182 1772 1259 1807 non
1278 1759 1431 1809 species

94 1818 184 1863 sint,
215 1814 286 1855 sed
310 1823 437 1854 sortes
461 1822 623 1853 naturae
649 1822 690 1853 et
714 1815 950 1854 substantiae
976 1817 1104 1862 unius,
1138 1816 1238 1854 illius
1263 1816 1429 1862 scilicet,

93 1887 208 1927 quam
239 1872 336 1912 deus
359 1874 405 1927 ,in
434 1872 560 1911 Adam
597 1872 761 1910 contulit
798 1879 838 1910 et
874 1874 1073 1911 matricem
1112 1874 1277 1912 omnium
1315 1873 1429 1921 fecit,

92 1938 210 1984 atque
241 1929 340 1970 adeo
372 1937 498 1969 sortes
530 1936 660 1975 erunt,
692 1942 770 1967 non
794 1931 945 1981 species
970 1930 1206 1970 substantiae
1227 1931 1356 1977 unius,
1390 1929 1432 1969 id

93 1995 167 2036 est,
191 1989 361 2028 varietas
386 1989 459 2026 ista
484 1987 653 2033 moralis,
686 1994 825 2038 quanta
850 2001 950 2026 nunc
977 1995 1047 2035 est,
1081 1995 1187 2027 tanta
1211 2002 1288 2027 non
1312 1989 1432 2027 fuerit

93 2047 134 2086 in
158 2046 243 2098 ipso
269 2046 442 2098 principe
463 2045 618 2095 generis
635 2042 773 2082 Adam.
813 2043 1036 2084 Debuerant
1062 2047 1162 2085 enim
1186 2047 1305 2085 fuisse
1331 2046 1429 2084 haec

94 2104 286 2155 omniaaein
311 2103 391 2149 illo,
418 2109 460 2141 ut
484 2102 522 2139 in
547 2102 654 2140 fonte
680 2109 859 2150 naturae,
891 2110 1005 2155 atque
1031 2102 1119 2142 inde
1147 2117 1231 2143 cum
1258 2111 1340 2142 tota
1364 2116 1429 2142 va·

95 2161 236 2200 rietate
262 2173 449 2206 manasse,
475 2159 508 2198 si
531 2160 700 2198 varietas
724 2167 884 2199 naturae
910 2162 1058 2200 fuisset.

210 2220 280 2260 21.
321 2216 465 2264 Quodsi
489 2217 687 2254 uniformis
711 2224 847 2256 natura
872 2218 1021 2257 animae
1048 2218 1095 2256 ab
1121 2219 1232 2256 initio
1253 2218 1291 2255 in
1303 2215 1430 2255 Adam

96 2281 186 2314 ante
210 2281 271 2312 tot
293 2275 467 2325 ingenia,
500 2286 595 2325 ergo
622 2287 697 2311 non
722 2274 963 2314 multiformis
989 2277 1093 2327 [quia
1117 2274 1332 2323 uniformis]
1359 2287 1430 2325 per

96 2339 156 2371 tot
179 2332 352 2383 ingenia3
380 2332 454 2370 iam
477 2344 549 2370 nec
570 2331 767 2377 triformis,
792 2338 835 2370 ut
853 2331 978 2375 adhuc
994 2333 1143 2370 trinitas
1158 2331 1430 2370 Valentiniana

98 2388 298 2435 caedatur,
325 2402 423 2441 quae
449 2402 522 2427 nec
547 2390 629 2440 ipsa
648 2389 687 2426 in
700 2387 825 2427 Adam
850 2390 1159 2441 recognoscitur.
1203 2387 1302 2436 Quid
1328 2389 1426 2426 enim

97 2447 270 2500 spiritale
296 2447 334 2484 in
359 2446 452 2484 illo?
511 2445 552 2484 si
584 2447 672 2497 quia
702 2446 948 2497 prophetavit
979 2460 1152 2498 magnum
1179 2444 1271 2484 illud
1297 2458 1428 2484 sacra-

194 2573 228 2615 1)
240 2573 328 2607 Plat.
341 2574 427 2604 Tim.
443 2583 473 2613 p.
490 2573 531 2603 24
547 2573 587 2603 D.
661 2569 698 2614 2)
713 2572 798 2602 Plat.
814 2572 854 2604 de
867 2572 955 2613 legg.
969 2573 1027 2604 lib.
1041 2574 1063 2602 4
1074 2572 1119 2603 in.
1192 2573 1228 2611 3)
1243 2572 1309 2604 Tit.
1328 2570 1358 2612 1,
1374 2573 1426 2602 12.
