1566 2808
136 197 206 233 16
290 198 363 228 DE
395 197 1032 230 PR'AESCRIPTtoNlssUS
1068 195 1320 228 HAERET.

139 304 219 329 rem
259 289 306 328 de
344 296 597 341 persecutore
635 288 841 327 deducitur
876 288 924 327 ad
961 288 1102 326 fratres
1139 300 1162 326 a
1186 286 1391 334 fratribus,
1431 294 1473 326 ut

139 361 235 387 unus
261 361 309 386 ex
334 348 529 393 fratribus,
558 354 598 384 ct
623 347 669 385 ab
696 347 772 385 illis
798 345 845 384 ad
871 347 970 392 illos,
999 346 1061 397 qui
1087 345 1134 383 ab
1155 345 1342 398 apostolis
1357 343 1471 383 fidem

139 405 355 444 induerant.
418 404 585 450 Dehinc,
625 405 737 442 sicuti
762 405 844 455 ipse
871 410 1044 449 enarrat,
1084 402 1261 441 ascendit
1286 402 1472 441 Hieroso-

140 463 291 514 lymam,
321 460 583 512 cognoscendi
610 461 888 507 Petri-caussa,
917 474 966 499 ex
992 460 1117 498 officio
1144 467 1184 499 et
1208 461 1291 499 iure
1317 460 1472 499 scilicet

140 519 310 559 eiusdem
327 519 415 558 fidei
444 526 483 557 et
509 518 825 571 praedicationis.
876 518 973 556 Nam
1001 525 1041 556 et
1066 518 1123 555 illi
1150 531 1226 556 non
1248 525 1379 556 essent
1403 516 1472 556 ad-

141 578 266 616 mirati
287 576 334 615 de
361 583 613 629 persecutore
640 575 1122 627 factumpraedicatorem,
1150 576 1182 613 si
1207 574 1351 627 aliquid
1379 583 1497 614 con-·

141 636 299 673 trarium
331 634 597 686 praedicaret,
643 648 715 673 nec
755 633 946 671 dominum
984 639 1189 684 praeterea
1228 632 1472 683 magnificas-

141 700 244 739 sent,
284 694 370 743 quia
403 691 645 730 adversarius
679 693 762 730 eius
793 691 931 729 Paulus
964 690 1187 728 obvenerat.
1268 689 1402 742 ltaque
1433 697 1474 728 et

133 749 341 788 dexteram
369 751 404 788 ei
432 749 635 796 dederunt,
663 750 811 800 signum
839 747 1073 787 concordiae
1101 755 1141 786 et
1161 748 1470 796 convenientiae,

145 814 184 845 et
210 808 311 845 inter
348 821 388 845 se
427 807 739 845 distributionem
778 806 892 844 officii
926 804 1224 852 ordinaverunt,
1259 818 1336 843 non
1361 817 1474 856 sepa-

142 866 331 903 rationem
365 866 575 916 evangelii,
616 878 687 902 nec
720 871 761 902 ut
800 863 902 902 aliud
939 863 1057 910 alter,
1097 862 1166 901 sed
1196 869 1239 901 ut
1263 863 1348 901 aliis
1374 863 1474 902 alter

143 922 428 974 praedicarent,
457 923 592 961 Petrus
619 924 656 960 in
683 922 1030 967 circumcisionem,
1058 920 1197 959 Paulus
1222 921 1260 958 in
1281 921 1472 959 nationes.

147 980 327 1018 Ceterum
360 982 391 1019 si
423 981 680 1032 reprehensus
713 987 772 1018 est
803 979 958 1025 Petrus,
993 977 1094 1029 quod
1128 992 1212 1016 eum
1239 978 1475 1017 convixisset

144 1038 322 1084 ethnicis,
348 1046 483 1090 postea
510 1051 550 1076 se
577 1052 600 1076 a
626 1038 805 1076 convictu
832 1050 964 1075 eorum
991 1036 1198 1087 separabat
1222 1046 1474 1087 personarum

148 1103 349 1148 respectu:
395 1097 524 1147 utique
565 1096 870 1134 conversationis
907 1095 979 1132 fuit
1016 1094 1166 1140 vitium,
1206 1106 1282 1131 non
1318 1092 1475 1145 praedi-

146 1154 321 1190 cationis.
382 1152 470 1190 Non
504 1154 605 1191 enim
633 1166 683 1191 ex
707 1153 781 1190 hoe
808 1153 904 1190 alius
931 1151 1044 1197 deus,
1084 1165 1193 1202 quam
1220 1157 1396 1198 creator,
1435 1157 1476 1189 et

144 1210 240 1247 alius
267 1209 458 1256 Christus,
494 1224 603 1261 quam
636 1223 685 1247 ex
708 1209 852 1256 Maria,
886 1215 926 1246 et
956 1209 1039 1246 alia
1063 1221 1170 1260 spes⁷
1204 1221 1313 1260 quam
1345 1220 1475 1247 resur-

144 1268 269 1306 rectio
296 1266 604 1306 adnuntiabatur.

261 1328 327 1365 24.
378 1324 466 1362 Non
493 1326 583 1362 mihi
616 1332 690 1362 tam
717 1325 816 1362 bene
843 1331 920 1370 cst,
947 1325 1023 1362 imo
1056 1332 1131 1361 non
1158 1323 1249 1361 mihi
1274 1330 1350 1362 tam
1375 1323 1474 1362 male

146 1388 217 1427 est,
251 1389 293 1419 ut
324 1382 520 1433 apostolos
554 1383 799 1420 committam.
864 1380 942 1420 Sed
969 1380 1160 1432 quomodo
1193 1381 1474 1432 perversissimi

147 1440 208 1477 isti
234 1439 335 1476 illam
374 1439 714 1490 reprehensionem
741 1438 789 1476 ad
814 1439 888 1476 hoc
921 1437 1152 1484 obtendunt,
1185 1445 1227 1476 ut
1253 1445 1475 1490 suspectam

146 1497 291 1534 faciant
316 1495 531 1534 doctrinam
558 1497 810 1548 superiorem,
837 1495 1218 1547 respondeho‘quasi
1244 1509 1314 1547 pro
1341 1495 1472 1543 Petro,

146 1555 266 1605 ipsum
293 1553 450 1592 Paulum
483 1553 645 1600 dixisse,
679 1555 822 1592 factum
854 1567 895 1592 se
923 1553 1095 1591 omnibus
1128 1566 1213 1591 esse
1246 1554 1385 1600 omnia,
1412 1553 1475 1592 Iu-

147 1611 254 1649 daeis
270 1611 463 1658 Iudaeum,
491 1626 567 1650 non
595 1611 745 1650 ludaeis
771 1625 846 1650 non
871 1610 1065 1658 Iudaeum,
1092 1617 1134 1648 ut
1160 1623 1292 1649 omnes
1317 1611 1488 1651 lucrifa-v

147 1670 321 1718 ceret1).
405 1668 517 1707 Adeo
555 1683 625 1721 pro
663 1669 900 1721 temporibus
945 1676 986 1707 ct
1027 1669 1202 1720 personis
1245 1675 1286 1707 et
1329 1669 1474 1708 caussis

147 1726 331 1777 quaedam
358 1727 707 1779 reprehendebant,
736 1728 774 1765 in
801 1739 897 1778 quae
925 1734 964 1765 et
989 1727 1060 1777 ipsi
1086 1739 1208 1778 aeque
1234 1739 1304 1778 pro
1326 1733 1476 1780 tempo-

145 1784 250 1823 ribus
277 1791 320 1822 et-
340 1786 516 1836 personis
553 1792 593 1823 et
630 1786 775 1823 caussis
814 1784 1117 1831 committebant,
1158 1782 1474 1835 quemadmodum

145 1842 177 1879 si
210 1849 250 1880 et
286 1842 422 1880 Petrus
459 1841 767 1894 reprehenderet
798 1842 973 1888 Paulum,
1025 1840 1125 1893 quod
1158 1841 1366 1894 prohibens
1397 1842 1475 1880 cir-
1508 1870 1513 1875 -

147 1900 419 1938 cumcisionem
448 1899 735 1939 circumciderit
760 1901 841 1952 ipsc
866 1899 1122 1938 Timotheum.
1184 1898 1384 1946 Viderint,
1411 1899 1474 1951 qui

146 1955 194 1995 de
221 1958 405 2009 apostolis
430 1957 614 1997 iudicant.
678 1957 798 2005 Bene,
827 1956 928 2009 quod
949 1957 1085 2001 Petrus
1099 1956 1218 1995 Paulo
1245 1963 1286 1995 et
1310 1957 1348 1994 in
1373 1969 1476 1995 mar-

144 2015 247 2066 tyrio
274 2013 524 2067 adaequatur.
577 2014 656 2054 Sed
682 2017 754 2054 etsi
780 2017 817 2053 in
833 2017 986 2054 tertium
1012 2027 1131 2066 usque
1154 2014 1302 2053 coelum
1318 2021 1474 2066 ereptus

144 2071 282 2111 Paulus
321 2080 360 2111 et
395 2075 433 2111 in
471 2073 687 2125 paradisum
716 2072 866 2112 delatus
901 2072 1023 2112 audiit
1048 2071 1232 2123 quaedam
1259 2072 1358 2119 illic,
1397 2085 1473 2110 non

144 2137 307 2181 possunt
340 2130 465 2171 videri
491 2132 628 2178 fuisse,
668 2143 765 2183 quae
803 2131 907 2169 illum
945 2131 982 2168 in
1021 2131 1134 2168 aliam
1173 2128 1388 2168 doctrinam
1414 2130 1475 2168 in·-

144 2189 390 2227 structiorem
427 2196 688 2241 praestarent,
741 2202 825 2227 cum
862 2189 917 2226 ita
959 2188 1077 2226 fucrit
1115 2185 1286 2226 conditi-o
1325 2199 1472 2234 eorum,

144 2252 185 2283 ut
221 2246 314 2284 nulli
348 2246 542 2298 hom-inum
575 2246 846 2298 proderentur.
922 2244 1065 2293 Quodsi
1092 2244 1140 2283 ad
1178 2245 1341 2283 alieuius
1365 2257 1474 2284 con-

144 2303 344 2342 scientiam
371 2306 537 2343 manavit
567 2305 699 2343 neseio
727 2303 815 2355 quid
842 2302 947 2350 illud,
994 2310 1034 2342 et
1058 2303 1132 2342 hoc
1159 2315 1200 2341 se
1227 2303 1354 2355 aliqua
1378 2301 1472 2346 hae-

144 2361 240 2399 resis
267 2362 375 2413 sequi
401 2362 580 2400 affirmat:
607 2369 672 2400 aut
691 2361 831 2400 Paulus
856 2362 1001 2400 secreti
1026 2359 1168 2413 proditi
1193 2373 1283 2399 reus
1309 2366 1380 2407 est,
1406 2365 1472 2398 aut

143 2424 184 2454 et
219 2419 315 2457 alius
351 2427 489 2471 postea
525 2420 563 2458 in
593 2418 811 2472 paradisum
850 2426 1006 2471 ereptus
1043 2417 1161 2457 debet
1198 2415 1368 2464 ostendi,
1407 2416 1470 2456 cui

143 2477 365 2524 permissum
391 2478 441 2516 sit
465 2478 613 2530 eloqui,
641 2490 737 2530 quae
763 2477 882 2516 Paulo
909 2477 1046 2516 mutire
1071 2489 1148 2515 non
1173 2475 1294 2514 licuit.

238 2599 274 2644 1)
302 2603 318 2632 11
336 2604 411 2635 Cor.
427 2606 458 2645 9,
474 2607 515 2637 20
532 2616 603 2646 sqq.
