1604 2800
564 211 690 243 Anv.
727 212 1020 245 PRAXEAN.
1361 215 1460 254 εὖ,

130 304 248 343 filium
273 316 295 342 a
320 311 450 356 patre,
482 302 552 342 sed
577 302 865 354 distributione,
904 318 976 343 nec
1002 304 1190 345 divisione
1215 306 1362 356 alium,⁴
1387 310 1458 350 sed

131 361 398 409 distinctione,
431 362 519 414 qnia
549 375 626 400 non
656 363 707 400 sit
736 361 836 400 idem
862 369 973 414 pater
997 369 1037 401 et
1061 363 1179 411 filius,
1210 365 1271 404 vel
1302 366 1455 410 modulo

128 420 227 460 alius
251 419 299 458 ab
325 419 416 458 alio.
482 418 598 458 Pater
628 420 727 458 enim
759 426 839 458 tota
870 420 1080 459 substantia
1111 428 1188 469 est,
1227 422 1325 462 filius
1360 437 1455 464 vero

130 476 320 517 derivatio
346 478 464 515 totius
490 484 531 515 et
554 477 703 529 portio,
736 478 836 515 sicut
866 478 946 528 ipse
972 478 1194 529 profitetur:
1227 481 1314 532 quia
1344 489 1456 533 pater

129 536 253 574 maior
281 543 341 574 ine
373 535 500 585 est.¹)
566 534 603 573 A
628 547 701 587 quo
734 541 775 573 et
804 535 1014 573 minoratus
1046 537 1195 575 canitur
1224 538 1263 576 in
1294 538 1453 590 psalmo,

128 591 319 631 modicum
332 591 373 644 ²)
400 591 489 644 quid
515 593 613 630 citra
636 592 809 643 angelos.
823 593 862 641 3)
914 591 980 630 Sic
1005 599 1045 632 et
1069 601 1181 644 pater
1204 594 1300 634 alius
1318 609 1341 634 a
1361 596 1453 644 filio,

128 649 215 689 dum
241 649 320 689 filio
346 651 480 697 maior,
508 648 594 688 dum
620 650 716 688 alius
742 651 804 701 qui
830 656 1003 701 generat,
1029 650 1125 689 alius
1151 653 1213 703 qui
1230 661 1452 704 generatur,

128 706 214 747 dum
240 707 337 746 alius
362 708 425 759 qui
450 708 578 754 mittit,
610 708 706 746 alius
732 708 794 759 qui
822 708 993 754 mittitur,
1025 706 1112 746 dum
1136 709 1233 748 alius
1258 711 1321 762 qui
1346 710 1453 758 facit,

127 765 223 804 alius
247 777 320 817 per
344 778 455 817 quem
480 765 534 803 fit.
584 764 704 811 Bene,
732 764 833 815 quod
859 771 898 803 et
923 764 1096 803 dominus
1120 779 1209 805 usus
1233 767 1308 806 boc
1333 767 1453 806 verbo

125 823 166 861 in
191 834 357 874 persona
381 822 569 873 paracleti
595 835 670 859 non
698 820 920 860 divisionem
946 822 1194 872 significavit,
1226 822 1294 861 sed
1325 823 1455 875 dispo-

125 880 317 918 sitionem.
355 878 517 929 Rogabo
539 879 652 924 enim,
678 879 813 928 inquit,
840 885 1002 929 patrem,
1028 885 1068 916 et
1093 879 1206 917 alium
1226 878 1451 919 advocatum

124 937 252 975 mittet
273 935 397 982 vobis,
423 936 595 987 spiritum
615 935 799 973 veritatis.
815 935 853 983 ⁴)
892 933 958 973 Sic
977 935 1090 973 alium
1105 948 1127 973 a
1141 949 1182 974 se
1202 937 1452 988 paracletum,

124 991 318 1046 quomodo
349 1000 391 1032 et
420 1006 491 1031 nos
515 1006 538 1030 a
564 1000 672 1044 patre
704 992 818 1030 alium
854 991 988 1038 filium,
1026 999 1068 1030 ut
1104 994 1255 1032 tertium
1294 994 1453 1045 gradum

125 1049 352 1089 ostenderet
369 1051 408 1088 in
428 1050 642 1101 paracleto,
668 1050 769 1087 sicut
793 1062 863 1086 nos
888 1047 1095 1087 secundum
1114 1050 1153 1086 in
1174 1049 1266 1096 filio,
1292 1058 1478 1102 propter·

124 1104 344 1159 οἰκονομίαις
374 1107 696 1144 observationem.
757 1102 905 1156 Ipsum,
938 1104 1039 1156 quod
1069 1112 1182 1156 pater
1206 1113 1245 1144 et
1270 1107 1367 1145 filius
1394 1106 1452 1145 di-

125 1171 277 1211 cuntur,
303 1176 430 1202 nonne
456 1161 559 1201 aliud
584 1163 632 1201 ab
659 1162 735 1200 alio
761 1164 845 1200 est?
893 1161 1031 1213 Utique
1057 1163 1156 1200 enim
1183 1164 1322 1210 omnia,
1349 1163 1450 1216 quod

122 1228 324 1267 vocantur,
351 1220 425 1259 boc
451 1227 575 1267 erunt,
601 1226 642 1259 et
662 1218 762 1271 quod
782 1226 906 1266 erunt,
933 1219 1007 1257 hoc
1025 1220 1277 1267 vocabuntur,
1304 1227 1345 1259 et
1363 1234 1451 1273 per-

123 1280 289 1318 miscere
314 1291 357 1317 se
382 1277 585 1317 diversitas
610 1276 881 1315 vocabulorum
908 1289 984 1314 non
1009 1284 1138 1328 potest
1162 1279 1329 1325 omnino,
1363 1279 1451 1330 quia

123 1349 197 1376 nec
221 1349 369 1382 rerum,
408 1348 564 1387 quarum
590 1341 702 1373 erunt
725 1333 928 1372 vocabula.
991 1333 1079 1381 Est,
1113 1341 1190 1382 est,
1221 1348 1316 1382 non,
1349 1348 1446 1383 non3

123 1406 209 1432 nam
235 1392 337 1446 quod
362 1392 520 1445 amplius
546 1398 616 1439 est,
648 1391 723 1429 hoc
749 1404 771 1429 a
795 1391 896 1430 malo
922 1397 995 1429 est.
1012 1392 1050 1441 ⁵)

242 1454 307 1492 10.
369 1449 426 1489 lta
451 1456 517 1488 aut
542 1456 654 1501 pater
676 1455 740 1486 aut
767 1448 864 1486 filius
890 1455 960 1494 est,
993 1454 1034 1486 et
1057 1460 1180 1500 neque
1206 1447 1290 1487 dies
1315 1447 1451 1488 eadem

123 1515 164 1547 et
193 1521 290 1555 nox,
321 1520 446 1559 neque
477 1513 589 1559 pater
618 1504 719 1544 idem
750 1512 791 1543 et
820 1505 937 1551 filius,
968 1511 1011 1543 ut
1040 1505 1115 1543 sint
1144 1505 1255 1543 ambo
1286 1519 1382 1544 unus
1412 1513 1453 1544 et

122 1571 323 1617 utrumqne
347 1565 459 1611 alter,
488 1561 588 1615 quod
607 1563 800 1601 vanissimi
819 1563 880 1601 isti
895 1562 1162 1600 Monarchiani
1180 1563 1324 1601 volunt.
1365 1563 1450 1615 Ipse

120 1635 178 1670 se,
203 1623 390 1675 inquiunt,
423 1621 540 1659 filium
565 1620 637 1659 sibi
662 1620 770 1659 fecit.
831 1618 974 1672 Atquin
1000 1626 1112 1671 pater
1136 1620 1252 1657 filium
1277 1620 1384 1665 facit,
1411 1627 1451 1658 et

118 1679 279 1733 patrem'
302 1679 413 1718 filius.
473 1678 526 1716 Et
550 1679 612 1729 qui
638 1690 687 1715 ex
712 1677 899 1715 alterutro
925 1677 1036 1721 fiunt,
1057 1677 1091 1713 'a
1116 1682 1238 1713 semet
1261 1676 1354 1726 ipsis
1377 1676 1450 1713 sibi

96 1737 207 1776 .fieri
237 1735 341 1774 nullo
372 1733 487 1773 modo
520 1740 696 1784 possunt,
728 1740 770 1770 ut
793 1739 905 1783 pater
928 1745 970 1770 se
995 1731 1067 1769 sibi
1093 1731 1208 1769 filium
1238 1732 1376 1776 faciat,
1409 1738 1450 1769 et

121 1793 220 1832 filius
250 1804 293 1830 se
324 1791 396 1830 sibi
426 1797 575 1842 patrem
605 1795 788 1841 praestet.
858 1788 964 1835 Quae
995 1788 1159 1825 instituit
1189 1787 1300 1834 deus,
1334 1788 1447 1826 ctiam

119 1851 202 1902 ipse
228 1846 407 1888 custodit.
458 1845 607 1884 Habeat
631 1856 791 1883 neccsse
818 1851 877 1882 est
900 1851 1011 1896 pater
1036 1844 1163 1891 filium,
1190 1850 1232 1882 ut
1255 1851 1367 1896 pater
1386 1845 1447 1891 sit,

120 1913 161 1946 et
186 1906 284 1945 filius
308 1911 470 1957 patrem,
497 1909 538 1941 ut
563 1903 660 1940 filins
685 1903 747 1939 sit.
784 1899 901 1939 Aliud
926 1908 985 1939 est
1010 1907 1134 1939 autem
1159 1900 1317 1947 babere,
1344 1900 1447 1939 aliud

120 1976 220 2003 esse.
278 1961 403 2002 Verbi
428 1961 573 2012 gratia,
605 1965 648 1997 ut
673 1959 829 2005 maritus
854 1959 942 2005 sim,
975 1958 1135 1996 habeam
1168 1965 1322 2010 oportet
1352 1971 1448 1996 uxo-

118 2034 215 2068 rem,
240 2033 317 2058 non
337 2020 419 2071 ipse
439 2017 531 2056 mibi
552 2029 620 2055 ero
639 2029 749 2054 uxor.
790 2014 855 2053 Sic
881 2016 1008 2061 etiam,
1034 2022 1076 2053 ut
1093 2021 1205 2067 pater
1223 2016 1304 2062 sim,
1332 2015 1447 2055 filium

118 2078 271 2125 babeo,
309 2090 383 2115 non
422 2076 503 2127 ipse
540 2073 631 2111 mihi
661 2085 729 2111 ero
761 2072 877 2119 filius,
916 2079 956 2111 et
981 2079 1021 2110 ut
1046 2072 1143 2110 filius
1174 2073 1262 2119 sim,
1299 2079 1447 2124 patrem

117 2135 259 2182 habeo,
285 2147 362 2172 non
386 2134 467 2185 ipse
493 2131 583 2169 mihi
609 2143 677 2169 ero
703 2137 826 2181 pater.
888 2129 994 2177 Quae
1019 2130 1119 2168 enim
1144 2142 1204 2168 me
1230 2130 1387 2175 faciunt,
1414 2130 1446 2167 si

118 2191 310 2239 babuci-03
330 2198 420 2229 tunc
435 2202 503 2228 ero
517 2195 641 2240 pater,
661 2188 693 2225 si
707 2186 821 2225 filium
835 2186 1010 2234 babeam,
1026 2187 1123 2225 filius
1137 2200 1218 2233 ero,
1240 2187 1271 2224 si
1284 2192 1444 2237 patrem.

117 2249 242 2289 Porro
267 2249 300 2286 si
324 2248 406 2300 ipse
432 2259 500 2284 ero
527 2243 618 2297 quid
643 2257 794 2290 eorum,
831 2244 905 2282 iam
936 2257 1012 2282 non
1043 2243 1187 2290 babeo,
1226 2241 1326 2294 quod
1362 2242 1445 2293 ipse

119 2319 204 2354 ero,
229 2317 302 2344 nec
326 2311 489 2357 patrem,
517 2303 604 2354 quia
629 2302 710 2354 ipse
737 2313 806 2339 cro
830 2307 954 2352 pater,
986 2313 1058 2339 nec
1084 2300 1217 2345 filium,
1251 2299 1336 2350 quia
1361 2299 1445 2350 ipse

119 2377 188 2403 ero
214 2362 325 2400 fliius.
393 2360 435 2399 ln
468 2365 645 2412 quantum
682 2364 807 2395 autem
844 2357 1004 2396 alterum
1042 2370 1090 2396 ex
1120 2357 1179 2394 his
1210 2355 1352 2393 habere
1384 2367 1445 2393 me

120 2427 286 2473 oportet,
312 2418 474 2457 alterum
499 2429 597 2463 esse,
623 2416 662 2454 in
682 2421 838 2462 tantum,
865 2415 896 2452 si
915 2421 1113 2466 utrumque
1133 2413 1257 2460 fuero,
1283 2412 1444 2450 alterum

214 2514 249 2553 1)
272 2513 318 2542 10.
334 2511 387 2549 14,
402 2511 456 2540 28.
527 2509 564 2547 2)
583 2509 641 2539 Sic
661 2507 791 2538 emend.
810 2506 939 2544 Rhen.;
964 2507 1016 2537 ed.
1039 2506 1064 2537 1.
1084 2505 1220 2536 minor
1242 2507 1345 2534 natu
1372 2511 1444 2533 ea-

117 2558 238 2589 nitur
262 2558 302 2587 in
330 2565 402 2595 pm:
426 2554 591 2586 Modico
618 2553 715 2592 quid
733 2555 798 2583 etc.
906 2552 943 2591 3)
956 2552 1010 2582 Pu.
1025 2553 1057 2588 8,
1073 2552 1104 2581 6.
1210 2549 1443 2591 4)1o.14,16.

121 2603 293 2643 5)Mat1h.
321 2604 352 2643 5,
380 2602 434 2631 37.

178 2661 380 2691 Trzu‘rcnn.
414 2659 456 2687 lv
1103 2644 1154 2684 17
