1604 2800
154 203 257 241 318
607 191 1048 232 ADV.1UDAEOS.

153 309 273 337 novus
299 307 370 333 rex
395 293 626 341 seculorum,
655 292 830 332 Christus
856 292 975 340 lesus,
1002 304 1126 330 novae
1153 290 1303 343 gloriae
1323 296 1364 331 et
1382 298 1492 344 pote-

154 362 291 394 statem
318 359 358 392 et
383 351 656 391 sublimitatem
682 365 786 390 suam
814 352 851 390 in
878 351 1037 392 humero
1063 349 1214 396 extulit,
1243 362 1398 388 crucem
1417 349 1496 389 sei-

154 413 265 458 licet,
299 418 340 449 ut
370 409 579 449 secundum
611 410 852 462 superiorem
884 408 1127 475 prophetiam
1153 406 1293 447 exinde
1319 405 1496 447 dominus

152 476 340 521 regnaret
364 482 386 507 a
413 468 532 520 ligno.
599 467 657 507 De
689 468 765 506 hoc
798 468 897 506 enim
931 467 1036 518 ligno
1069 466 1185 506 etiam
1211 464 1305 505 deus
1331 465 1498 504 insinuat

153 541 225 582 per
252 527 503 573 Hieremiam,
544 524 646 578 quod
679 526 816 565 essetis
848 524 1008 565 dicturi:
1046 525 1196 571 venite,
1234 524 1427 562 mittamus
1458 523 1498 562 in

153 599 292 638 panem
320 586 401 623 eius
429 585 585 635 lignum,
619 590 659 622 et
685 590 931 622 conteramus
956 595 1041 621 eum
1068 595 1091 621 a
1116 589 1223 621 terra
1246 582 1432 628 vivorum,
1460 587 1500 620 et

155 656 295 682 nomen
322 643 423 681 illius
451 655 526 680 non
553 642 829 680 memorabitur
846 641 1026 693 amplius.
1043 640 1078 689 ¹)
1125 638 1266 692 Utique
1292 639 1331 678 in
1357 651 1500 691 corpus

156 702 239 740 cius
266 701 409 752 lignum
435 701 589 739 missum
615 707 687 739 est.
729 698 795 738 Sic
817 699 917 738 enim
934 697 1108 737 Christus
1133 697 1335 744 revelavit,
1361 709 1501 749 panem

157 772 297 810 corpus
323 772 428 797 suum
454 758 667 809 appellans,
695 758 802 797 cuius
822 764 929 796 retro
952 770 1092 808 corpus
1111 757 1150 795 in
1170 768 1269 808 pane
1290 754 1502 807 prophetes

157 816 357 854 nuntiavit.
374 817 411 863 2)
487 814 531 854 Si
563 813 688 853 adhuc
721 828 885 866 quaeres
924 813 1141 853 dominicae
1182 813 1309 852 crucis
1347 810 1504 865 praedi·

159 874 347 918 cationes,
374 872 467 909 satis
493 873 566 909 iam
594 873 739 922 poterit
765 872 836 909 tibi
856 872 989 910 facere
1010 872 1218 922 vigesimus
1238 871 1381 922 primus
1401 869 1505 922 psal-

158 943 260 976 mus,
292 935 411 967 totam
440 927 584 966 Christi
611 929 813 966 continens
838 928 1076 979 passionem,
1110 929 1285 966 canentis
1311 928 1387 966 iam
1412 933 1503 966 tnnc

159 987 324 1038 gloriam
344 999 464 1024 suam.
504 983 714 1031 Foderunt,
741 986 875 1037 inquit,
903 997 1036 1022 manus
1055 996 1161 1023 meas
1181 991 1223 1023 et
1243 982 1376 1035 pedes,
1405 996 1504 1036 quae

158 1044 318 1097 propria
344 1045 404 1081 est
422 1043 608 1081 atrocitas
635 1043 776 1080 erucis.
815 1041 868 1079 Et
892 1054 1036 1087 rursus,
1064 1054 1150 1080 cum
1174 1040 1359 1080 auxilium
1384 1041 1506 1094 patris

159 1101 406 1154 imploraret:
445 1100 588 1139 salvum
616 1112 676 1138 me
703 1100 786 1146 fac,
824 1099 967 1151 inquit,
1007 1111 1057 1138 ex
1088 1111 1157 1137 ore
1189 1098 1335 1146 leonis,
1374 1099 1506 1151 utique

161 1159 309 1206 mortis,
336 1165 375 1197 et
401 1157 450 1197 de
477 1157 658 1196 cornibus
686 1159 987 1196 unicornuorum
1012 1156 1266 1196 humilitatem
1291 1168 1429 1202 meam,
1457 1155 1506 1196 de

162 1217 337 1270 apicibus
362 1216 515 1255 scilicet
542 1216 681 1263 crucis,
709 1222 750 1254 ut
774 1228 890 1268 supra
917 1213 1167 1254 ostendimus.
1207 1214 1328 1263 Quam
1350 1227 1508 1254 crucem

162 1288 235 1314 nec
262 1275 344 1327 ipse
372 1272 495 1312 David
522 1286 656 1325 passus
682 1280 760 1321 est,
793 1286 866 1312 nec
891 1273 989 1312 ullus
1015 1286 1150 1324 regum
1175 1271 1427 1320 Iudaeorum,
1459 1284 1508 1312 ue

162 1333 306 1385 putetis
331 1332 492 1371 alterius
517 1332 743 1383 prophetari
768 1332 1007 1384 passionem,
1041 1344 1151 1383 quam
1178 1331 1280 1378 eius,
1313 1331 1377 1383 qui
1402 1329 1508 1375 solus

163 1404 187 1428 a
211 1390 355 1442 populo
393 1397 469 1428 tam
514 1391 720 1440 insigniter
763 1389 971 1428 crucifixus
1008 1395 1080 1428 est.
1154 1387 1268 1428 Nunc
1305 1388 1338 1427 si
1376 1399 1510 1427 omnes

166 1448 510 1498 interpretationes
553 1447 646 1485 istas
689 1448 884 1499 respuerit
920 1454 961 1486 et
996 1447 1163 1486 irriserit
1199 1445 1341 1486 duritia
1379 1443 1510 1485 cordis

166 1505 306 1549 vestri,
340 1503 586 1554 probabimus
612 1503 788 1542 sufficere
815 1517 948 1555 posse,
982 1510 1145 1543 mortem
1172 1503 1316 1543 Christi
1342 1503 1512 1557 prophe·

168 1566 300 1606 tatam,
333 1566 374 1597 ut
399 1572 448 1598 ex
473 1560 567 1606 hoc,
600 1558 702 1612 quod
727 1573 803 1598 non
830 1567 934 1599 esset
959 1559 1064 1598 edita
1090 1561 1254 1611 qualitas
1278 1562 1428 1608 mortis,
1453 1562 1513 1600 in-

168 1618 368 1667 telligatur
391 1629 464 1668 per
490 1628 645 1655 crucem
676 1618 871 1664 evenisse,
905 1630 977 1656 nec
1011 1617 1077 1655 alii
1109 1616 1367 1669 deputandam
1391 1617 1512 1656 fuisse

168 1675 387 1727 passionem
426 1674 572 1721 crucis,
613 1687 722 1725 quam
755 1675 864 1712 euius
895 1687 998 1712 mors
1030 1673 1345 1726 praedicabatur.
1412 1673 1513 1714 Nam

169 1738 333 1771 mortem
352 1732 434 1770 eius
455 1738 495 1770 et
513 1732 731 1783 passionem
754 1732 835 1770 eius
855 1737 895 1770 et
915 1731 1150 1783 sepulturam
1170 1744 1246 1770 una
1263 1744 1363 1771 voce
1377 1730 1514 1771 Esaias

171 1789 282 1829 dicit.
344 1787 382 1827 A
405 1789 662 1835 facinoribus,
695 1789 835 1841 inquit,
868 1789 1000 1841 populi
1031 1790 1107 1828 mei
1138 1787 1348 1841 perductus
1379 1787 1514 1828 estad

171 1853 353 1894 mortem,
393 1854 434 1886 et
464 1845 565 1886 dabo
599 1847 720 1886 malos
745 1860 816 1899 pro
842 1847 1039 1899 sepultura
1065 1847 1167 1894 eius,
1206 1854 1246 1886 et
1277 1845 1416 1886 divites
1441 1859 1513 1900 pro

171 1912 296 1944 morte
329 1905 430 1952 eius,
470 1906 559 1957 quia
591 1905 718 1944 scelus
750 1918 827 1943 ιιοιι
860 1905 972 1952 fecit,
1010 1917 1084 1944 nec
1117 1903 1229 1943 dolus
1260 1905 1300 1943 in
1331 1911 1405 1944 ore
1432 1904 1516 1944 eius

172 1964 349 2001 inventus
370 1970 441 2010 est,
469 1970 508 2001 et
534 1961 628 2002 deus
653 1962 774 2002 voluit
799 1963 970 2001 eximere
992 1975 1014 2001 a
1033 1969 1158 2001 morte
1178 1963 1342 2001 animam
1363 1962 1459 2010 eius,
1473 1960 1515 2012 ³)

174 2027 215 2058 et
241 2027 386 2059 cetera.
452 2020 558 2059 Dicit
589 2021 705 2060 etiam
736 2019 883 2060 adhuc:
916 2020 1114 2072 sepultura
1139 2021 1223 2059 eius
1247 2019 1377 2059 ablata
1402 2020 1512 2066 est4)

175 2090 197 2115 e
225 2077 364 2115 medio.
380 2078 419 2129 ⁵)
480 2077 681 2126 Quomodo
714 2079 787 2117 nisi
818 2091 888 2130 per
925 2078 1278 2117 resurrectionem?
1338 2076 1514 2128 Denique

176 2135 372 2186 subiungit
402 2134 503 2175 idem
528 2135 684 2175 Esaias:
724 2142 934 2188 propterea
971 2137 1054 2188 ipse
1092 2136 1231 2175 multos
1262 2135 1300 2174 in
1333 2131 1517 2174 haeredi—

176 2199 294 2231 tatem
328 2193 501 2241 habebit,
542 2201 582 2233 et
613 2193 817 2232 multorum
855 2192 1001 2233 dividet
1031 2193 1220 2245 spolia.⁶)
1266 2192 1376 2241 'Quis
1413 2191 1517 2232 enim

178 2250 287 2297 alius,
315 2252 387 2289 nisi
414 2252 476 2303 qui
503 2258 612 2290 natus
639 2259 709 2298 est,
742 2258 784 2289 ut
808 2265 924 2304 supra
950 2250 1198 2298 ostendimus,
1225 2263 1296 2303 pro
1323 2263 1386 2298 eo,
1413 2247 1518 2302 quod

179 2306 320 2346 tradita
358 2316 417 2346 est
447 2309 484 2346 in
518 2316 680 2348 mortem
718 2310 843 2348 anima
880 2309 986 2348 eius?
1040 2308 1204 2355 Ostensa
1241 2309 1342 2347 enim
1380 2319 1518 2348 caussa

252 2421 288 2461 1)
306 2424 433 2461 1e1·.11,
451 2426 503 2455 19.
566 2425 602 2464 2)
616 2425 677 2455 Ed.
691 2425 794 2456 Fran.
809 2426 844 2456 et
858 2425 930 2465 Rig.
951 2425 1175 2465 figuravit.
1236 2425 1272 2464 3)
1287 2425 1351 2456 les.
1368 2423 1423 2463 53,
1439 2423 1516 2461 9nq.

184 2468 221 2507 4)
237 2469 339 2499 Codd.
354 2470 513 2509 Hirsaug.
529 2473 563 2501 et
577 2471 675 2502 Fuld.
698 2471 870 2502 sublata
896 2473 960 2502 est
986 2481 1005 2502 e
1031 2471 1186 2510 medio,
1212 2479 1288 2501 nec
1316 2468 1517 2508 nepultuu

185 2516 249 2544 est
281 2515 394 2544 enim·
419 2515 506 2546 nisi
533 2519 743 2556 mortuus,
776 2525 855 2546 nec
881 2517 1106 2556 sepultura
1133 2517 1224 2547 eius
1251 2515 1422 2546 sublata
1451 2516 1518 2544 ent

186 2569 203 2589 e
230 2560 364 2590 medio
397 2562 481 2591 nisi
512 2572 585 2601 per
615 2562 994 2594 resurrectionem.
1049 2563 1161 2598 Quam
1193 2561 1382 2592 lectionem
1413 2568 1518 2591 reee-

187 2608 310 2643 perunt
330 2606 381 2636 ed.
395 2607 496 2639 Fran.
511 2610 545 2638 ot
560 2608 632 2649 Rig.
707 2606 742 2648 5)
759 2609 819 2639 les.
836 2609 888 2650 57,
903 2609 933 2638 2.
948 2608 1055 2640 Lxx,
1153 2606 1186 2646 6)
1200 2609 1263 2638 les.
1279 2606 1334 2645 53,
1351 2606 1405 2636 12.
