1566 2808
142 247 212 283 34
293 247 367 278 DE
403 244 1039 277 PRAESCRIPTIONIBUS
1076 241 1326 273 HAERET.

145 339 422 394 permixtiones
444 335 708 384 exsecrabiles
729 335 1022 387 obscoenasque
1044 336 1283 381 coniunctas,
1305 341 1345 373 et
1358 345 1476 386 quae-

147 396 233 436 dam
260 409 309 434 ex
335 396 426 447 ipsis
452 394 576 433 adhuc
610 394 796 446 turpiora.
842 393 983 443 *Natos
1019 399 1226 445 praeterea
1264 391 1473 431 daemones

148 461 188 492 et
214 453 308 492 deos
335 459 373 491 et
398 453 554 504 spiritns
587 458 754 502 septem,
793 458 834 489 ct
869 451 944 489 alia
975 451 1068 489 satis
1101 451 1294 502 sacrilega
1326 450 1473 502 pariter
1513 464 1515 467 ·
1560 450 1566 453 ’

149 518 189 550 et
225 509 360 556 foeda,
402 523 498 561 quae
537 509 687 547 referre
727 508 1007 554 erubescimus,
1053 509 1168 546 etiam
1207 508 1477 559 praeterimus.
1518 523 1521 525 ⁴

151 568 255 606 Satis
287 575 347 606 est
379 568 507 613 nobis,
547 565 649 618 quod
682 572 802 604 totam
834 566 945 604 istam
984 566 1163 603 haeresin
1189 565 1479 605 -Nieolaitarum

150 626 394 678 apocalypsis
421 624 564 663 domini
586 624 811 675 gravissima
836 624 1052 662 sententiae
1072 623 1304 661 auctoritate
1325 621 1482 669 damna-

150 685 206 722 vit
238 681 424 726 dicendo:
465 682 551 733 quia
582 682 656 720 hoc
691 689 820 728 tenes,
866 680 981 719 odisti
1019 679 1234 719 doctrinam
1265 678 1483 719 Nicolaita-

152 754 253 787 rum,
282 754 390 791 quam
418 747 459 777 et
484 752 558 789 ego
586 738 647 777 odi
664 738 724 790 ¹).*

269 801 336 838 47.
386 796 650 835 Accesserunt
675 796 733 834 his
764 796 953 835 haeretiei
979 797 1094 835 etiam
1120 796 1193 842 illi,
1228 796 1290 847 qui
1317 794 1481 846 Ophitae

155 861 434 906 nuncupantur.
496 854 594 893 Nam
633 861 850 906 serpentem
884 854 1199 904 nlagnilicant‘in
1240 859 1404 898 tantum,
1442 858 1484 895 ut

155 914 259 951 illum
292 913 406 950 etiam
440 913 512 963 ipsi
539 911 694 951 Christo
726 912 962 963 praeferant.
1025 911 1111 962 Ipse
1145 911 1264 956 enim,
1297 910 1484 961 inquiunt,

157 970 343 1008 scientiae
371 969 483 1006 nobis
505 969 598 1007 honi
625 975 664 1007 et
689 969 777 1007 mali
804 969 991 1019 originem
1019 967 1138 1006 dedit.
1172 968 1290 1006 Huius
1315 965 1488 1005 animad-

156 1034 311 1066 vertens
338 1028 546 1078 potentiam
573 1033 613 1066 et
638 1028 874 1065 maiestatem
900 1024 1076 1078 Moyses,
1111 1027 1302 1077 inquiunt,
1329 1036 1486 1063 aereum

157 1085 285 1136 posuit
310 1091 549 1135 serpentem,
569 1091 617 1122 *et
642 1085 858 1136 quicunque
891 1085 1010 1134 ipsum
1036 1083 1315 1135 adspexerant,
1343 1082 1488 1120 sanita-

160 1148 235 1179 tem
274 1142 474 1192 consecuti
511 1148 609 1179 sunt.
685 1140 790 1192 lpse,
830 1142 937 1178 aiunt
973 1148 1199 1192 praeterea,
1239 1139 1414 1178 Christus
1449 1140 1489 1178 in

159 1198 361 1248 evangelio
401 1211 468 1236 suo
507 1198 677 1236 imitatur
713 1199 904 1250 serpentis
935 1199 1052 1249 ipsius
1084 1192 1239 1236 sacram
1258 1203 1490 1249 potestatem

160 1254 346 1294 dicendo:
386 1261 426 1293 et
457 1256 556 1293 sicut
585 1255 744 1306 Moyses
781 1255 966 1293 exaltavit
1002 1262 1219 1307 serpentem
1245 1255 1285 1292 in
1318 1253 1488 1300 deserto,

160 1314 215 1351 ita
245 1313 408 1350 exaltari
441 1319 598 1364 oportet
630 1313 745 1351 lilium
781 1311 1011 1365 hominis2).
1079 1313 1206 1364 Ipsum
1243 1310 1493 1350 introducunt

161 1368 210 1408 ad
234 1367 504 1407 benedicenda
530 1370 764 1408 eucharistia
789 1384 871 1411 sua.
934 1369 1013 1408 Sed
1040 1377 1130 1408 tota.
1146 1371 1254 1408 istius
1280 1370 1426 1407 erroris
1451 1373 1492 1406 et

162 1439 279 1478 scena
305 1434 344 1464 et
370 1426 548 1464 doctrina
572 1427 671 1465 inde-
688 1428 808 1465 ssuxit.
871 1427 1013 1465 Dicunt
1044 1428 1144 1465 enim
1176 1426 1227 1465 de
1247 1427 1317 1464 illo
1344 1439 1488 1464 summo

162 1485 345 1536 primario
371 1482 494 1522 aeone
522 1485 738 1536 complures
759 1485 856 1523 alios
882 1497 1026 1523 aeones
1052 1485 1244 1524 exstitisse
1270 1484 1492 1530 inferiores,

164 1541 337 1579 omnibus
376 1548 501 1579 tamen
540 1543 823 1580 istis-aeonem
860 1549 1077 1589 antestare,
1118 1543 1226 1580 cuius
1263 1542 1315 1580 sit
1351 1553 1491 1581 nomen

165 1597 403 1647 laldabaoth.
467 1599 576 1638 Hunc
602 1607 729 1638 autem
763 1607 991 1651 conceptum
1017 1612 1102 1638 esse
1130 1613 1179 1638 ex
1204 1599 1328 1638 altero
1354 1611 1491 1646 aeone,

164 1656 350 1694 aeonibus
375 1657 624 1696 inferioribus
656 1659 867 1709 permixt0‚
900 1659 1018 1709 seque
1045 1664 1180 1709 postea
1206 1657 1355 1695 cumin
1381 1669 1495 1708 supe-

164 1714 270 1751 riora
299 1714 484 1752 voluisset
514 1715 626 1762 eniti,
666 1716 855 1766 gravitate
888 1716 1072 1753 materiae
1094 1716 1295 1766 ‘permixta
1319 1713 1392 1752 sibi
1417 1726 1493 1752 non

163 1771 334 1822 potuisse
367 1770 416 1808 ad
447 1766 611 1822 superna
636 1774 868 1823 pervenire,
908 1774 945 1810 in
978 1772 1185 1813 medietate
1217 1772 1395 1810 relictum
1427 1783 1495 1810 ex-

166 1827 335 1866 tendisse
362 1841 402 1866 se
430 1835 570 1875 totum,
598 1830 774 1869 effecisse
802 1832 858 1869 sic
885 1831 1051 1868 eoelum.
1117 1829 1342 1868 laldahaoth
1369 1836 1495 1867 tamen

165 1885 327 1922 inferius
354 1884 604 1924 descendisse
631 1894 671 1925 et
695 1888 838 1927 fecisse
872 1888 944 1926 sibi
972 1883 1071 1926 lilios
1097 1894 1263 1939 septem,
1290 1898 1399 1938 quem
1427 1899 1495 1924 oc-

168 1940 326 1979 clusisse
359 1943 560 1994 superiora
593 1943 839 1991 dilatatione,
878 1952 937 1991 ut,
977 1946 1068 1996 quia
1098 1945 1228 1995 angeli
1260 1956 1357 1995 quae
1383 1955 1497 1995 supe-

152 1998 273 2042 ¹riora
299 2006 427 2036 essent
452 2000 552 2051 scire
579 2013 656 2038 non
681 2008 851 2052 possent,
878 2002 999 2052 ipsum
1025 2001 1146 2040 solum
1162 2000 1282 2040 -deum
1301 2007 1495 2052 putarent.
1549 2022 1554 2028 ·

165 2053 340 2094 Virtutes
372 2056 490 2107 igitur
520 2057 606 2095 illas
637 2065 677 2095 et
701 2059 861 2108 angelos
893 2058 1098 2106 inferiores
1123 2059 1314 2097 hominem
1340 2057 1495 2105 fecisse,

168 2119 208 2150 et
233 2113 393 2165 quia‚ab
418 2113 691 2152 infirmioribus
722 2122 763 2154 et
788 2115 1047 2154 mediocribus
1073 2116 1274 2154 virtutibus
1298 2116 1494 2163 institutus

169 2177 290 2217 esset,
330 2172 437 2222 quasi
467 2185 634 2210 vermem
666 2173 830 2211 iacuisse
868 2180 1102 2224 reptantem3
1141 2174 1245 2211 illum
1274 2186 1370 2212 vero
1403 2185 1496 2212 aeo-

169 2240 274 2274 nem,
315 2242 364 2266 ex
401 2242 474 2280 quo
513 2227 738 2268 Ialdab'aoth
777 2231 1067 2281 processisset,¹
1095 2230 1239 2269 invidia
1265 2237 1497 2270 commotum

170 2285 373 2324 scintillam
399 2284 586 2338 quandam
619 2288 760 2326 iacenti
788 2288 930 2325 homini
956 2288 1177 2335 immisisse,
1205 2302 1278 2341 qua
1305 2289 1497 2328 excitatus

169 2355 240 2393 per
264 2342 505 2394 prudentiam
530 2352 686 2396 saperet
711 2351 751 2383 et
775 2346 993 2396 intelligere
1019 2353 1151 2396 posset
1176 2345 1389 2398 superiora.
1429 2343 1496 2383 Sic

170 2413 318 2439 rursum
356 2400 582 2454 Ialdahaoih
617 2401 729 2442 istum
767 2403 805 2440 in
841 2402 1144 2454 indignationem
1183 2415 1409 2443 conversum
1447 2414 1497 2440 ex

170 2459 376 2512 semetipso
411 2457 576 2497 edidisse
607 2459 785 2498 virtutem
818 2466 860 2499 et
887 2460 1177 2510 similitudinem⁴
1209 2458 1418 2512 serpentis,
1457 2465 1498 2497 et

171 2515 270 2554 hane
297 2516 414 2555 fuisse
439 2517 618 2555 virtutem
646 2518 683 2555 in
707 2516 909 2570 paradiso,
948 2517 987 2557 id
1013 2525 1089 2566 est,
1128 2518 1240 2557 istum
1264 2517 1386 2556 fuisse
1413 2528 1497 2556 ser-

265 2619 300 2684 1)
327 2644 431 2683 Apoc.
447 2645 478 2685 2,
495 2645 595 2675 6.15.
694 2645 729 2684 2)
756 2646 802 2676 ιο.
819 2646 850 2684 3,
867 2646 918 2676 14.
