1566 2808
127 183 227 219 1⁸2ss
376 182 500 212 ADV.
535 179 898 217 MARCIONEM
933 179 1109 210 LIBER
1144 177 1203 210 lv,

134 276 272 316 corde:
299 276 418 322 beati,
446 274 508 326 qui
535 274 717 319 esuriunt,
746 273 922 324 quoniam
948 270 1237 319 saturabuntur3
1264 269 1456 309 advocare

132 336 379 385 languentzes
419 332 542 377 beati,
568 331 632 381 qui
658 330 828 381 plorant,
856 330 1031 381 quoniam
1058 328 1256 376 ridebunt3
1285 326 1380 366 dare
1403 327 1460 364 lu-

134 391 312 443 gentibus
329 388 458 427 Sionis
485 389 647 439 gloriam
673 394 712 425 et
736 400 806 438 pro
829 388 959 425 cinere
980 387 1164 437 unguenti
1184 383 1458 424 iucunditatem

134 456 174 487 et
200 448 348 499 gloriae
374 417 543 485 habitum
569 458 638 496 pro
665 445 799 496 spiritu
827 443 955 482 taedii.
965 445 1001 493 1)
1033 415 1158 482 DHaec
1185 444 1216 481 si
1242 443 1368 481 statim
1394 439 1462 479 ad-

135 506 270 543 missus
297 504 472 551 Christus
498 502 794 549 administravit,
827 509 893 539 aut
917 502 998 552 ipse
1025 507 1101 547 est,
1136 501 1198 552 qui
1223 513 1264 539 se
1290 498 1339 538 ad
1363 499 1462 538 haec

134 570 335 601 venturum
360 560 618 613 praedicavit,
651 566 717 597 aut
741 560 773 597 si
799 558 964 596 nondum
991 559 1095 596 venit
1120 559 1182 609 qui
1208 555 1461 609 praedicavit,

136 619 320 666 ridicule,
348 618 414 657 sed
442 618 662 657 necessarie
689 616 852 655 dixerim
878 616 1062 661 fortasse,
1089 613 1327 653 mandaverit
1351 613 1464 651 Chri-

138 684 197 716 sto
223 677 446 714 Marcicnis.
509 675 620 713 Beati
646 675 766 720 eritis,
795 687 879 712 cum
909 686 978 711 vos
1005 671 1095 710 odio
1123 671 1317 711 habebunt
1341 670 1464 709 homi-

138 747 220 780 neS,
248 741 288 772 et
314 733 613 785 exprobrabunt,
641 739 681 769 et
707 730 864 769 eii'cient
889 743 1027 768 nomen
1051 737 1231 776 vestrum,
1257 729 1362 767 velut
1386 740 1466 766 ma-

140 792 215 829 lum
253 798 415 842 propter
452 790 567 827 filium
607 789 838 835 hominis.2)
914 786 994 824 Hac
1032 787 1345 838 pronuntiatione
1383 785 1465 823 sine

141 847 257 886 dubio
284 847 333 885 ad
364 847 609 885 tolerantiam
641 846 880 884 exhortatur.
946 843 1042 891 Quid
1070 844 1190 882 minus
1217 850 1373 882 creator
1397 853 1468 893 per

140 905 321 943 Esaiam?
362 904 422 942 Ne
449 904 661 942 metueritis
686 902 929 953 ignominiam
958 900 1004 939 ab
1031 900 1264 947 hominibus,
1292 906 1332 938 et
1356 899 1468 937 nulli-

142 963 322 1001 ficatione
361 975 494 1000 eorum
525 973 572 999 ne
610 960 839 997 minuamini.
861 959 898 1006 3)
962 958 1065 1006 Quae
1098 958 1324 1009 ignominia,
1371 969 1468 1008 quae

142 1019 395 1058 nullificatio?
422 1013 526 1066 Qu⁹ae
553 1018 679 1055 futura
706 1023 790 1054 erat
815 1022 975 1067 propter
1000 1016 1115 1053 filium
1141 1015 1315 1053 hominis.
1350 1013 1468 1062 Quem

143 1077 280 1115 istum?
327 1076 397 1123 Qui
435 1082 494 1113 est
525 1073 731 1112 secundum
765 1080 994 1111 creatorem.
1056 1071 1165 1111 Unde
1202 1071 1472 1124 probabimus?

143 1132 310 1171 Excidio
343 1133 381 1170 in
412 1132 534 1183 ipsum
566 1134 726 1182 quoque*
747 1128 992 1181 praedicato3
1026 1130 1126 1168 sicut
1149 1142 1220 1181 per
1244 1129 1397 1167 Es'aiam
1422 1126 1471 1166 ad

145 1191 371 1237 auct01³es4)
399 1188 580 1227 ludaeos:
607 1195 768 1239 propter
792 1200 860 1226 vos
880 1186 1166 1238 blasphematur
1190 1199 1329 1235 nomen
1347 1198 1472 1224 meum

145 1249 184 1285 in
211 1246 562 1294 nationibus35).et-
582 1245 690 1283 alibi:
719 1245 865 1293 sancite
888 1257 984 1291 eum,
1014 1245 1075 1296 qui
1097 1243 1377 1283 circumscribit
1391 1243 1473 1284 ani-

146 1297 244 1343 mam
270 1317 387 1351 suam,
417 1305 479 1355 qui
505 1304 798 1356 aspernamento
825 1302 988 1340 habetur
1012 1314 1034 1339 a
1061 1302 1296 1348 nationibus,
1323 1301 1473 1340 famulis

148 1369 188 1399 et
218 1361 518 1411 magistratibus.
584 1359 625 1398 Si
657 1361 756 1399 enim
789 1359 916 1399 odium
948 1361 986 1397 in
1017 1359 1120 1398 illum
1159 1359 1274 1398 filium
1311 1358 1474 1397 hominis

147 1417 458 1470 praedicabatur,
487 1418 549 1468 qui
576 1417 781 1455 secundum
811 1424 1026 1455 creatorem
1042 1424 1113 1463 est,
1142 1417 1380 1467 evangelium
1407 1428 1474 1454 au-

147 1482 224 1513 tem
251 1487 390 1512 nomen
416 1474 731 1519 Christianorum,
759 1475 888 1524 utiquc
915 1487 937 1511 a
958 1474 1111 1511 Christo
1139 1472 1356 1519 deductum,
1383 1470 1473 1510 odio

148 1533 315 1570 futurum
343 1537 582 1571 contestatur
607 1537 768 1582 propter
796 1531 908 1568 lilium
935 1531 1116 1576 hominis,
1150 1529 1252 1581 quod
1278 1537 1337 1568 est
1363 1529 1475 1568 Chri-

150 1596 248 1627 stus:
288 1601 372 1627 eum
399 1589 515 1626 filium
541 1587 710 1626 hominis·
727 1589 765 1626 in
792 1601 927 1626 caussa
953 1586 1032 1625 odii
1060 1588 1275 1632 constituit,
1304 1588 1366 1639 qui
1391 1593 1477 1626 erat

150 1645 358 1685 secundum
398 1648 639 1691 creatorem,
678 1646 716 1682 in
755 1658 863 1696 quem
902 1644 1028 1682 odium
1055 1643 1364 1695 praedicabatur.
1425 1643 1478 1682 Et

149 1704 280 1755 utique
318 1704 350 1740 si
386 1702 552 1740 nondum
588 1703 776 1748 venisset,
815 1715 890 1739 non
922 1702 1110 1753 potuisset
1140 1702 1302 1740 nominis
1335 1700 1490 1751 odium,

151 1760 252 1812 quod
287 1761 414 1810 agitur
444 1759 584 1806 hodie‚·
617 1772 819 1811 personam
852 1760 1015 1797 nominis
1046 1759 1316 1798 antecessisse.
1377 1757 1478 1813 Nam

151 1825 191 1856 et
215 1819 387 1856 sancitur
409 1830 530 1869 penes
556 1831 638 1865 nos,
666 1818 890 1864 etanimam
923 1829 1026 1854 suam
1060 1817 1361 1863 circumscribit,
1387 1829 1478 1868 pro-

149 1882 239 1927 pter
263 1889 332 1913 nos
359 1888 441 1916 eam
468 1888 628 1926 ponens,
656 1881 695 1913 et
720 1881 1013 1926 aspernamento
1037 1873 1478 1913 haheturanationibus.⁴

150 1932 202 1970 Et
227 1933 290 1983 qui
316 1940 426 1970 natus
452 1940 528 1978 est,
567 1934 648 1984 ipse
675 1934 750 1970 erit
777 1932 873 1969 filius
899 1931 1079 1979 hominis,
1117 1934 1278 2000 prop'ter
1304 1943 1414 1983 quem
1440 1936 1480 1969 et

151 2003 290 2029 nomen
316 1997 485 2039 nostrum
511 1996 724 2027 recusatur.

272 2050 337 2088 15
388 2038 606 2085 Secundum
631 2042 747 2092 hacc,
786 2047 924 2099 inquit,
963 2046 1159 2085 faciebant
1188 2045 1387 2098 prophetis
1413 2057 1479 2097 pa-

153 2112 233 2144 tres
259 2117 402 2143 eorum.
412 2104 449 2152 6)
501 2103 530 2141 0
559 2103 749 2142 Christum
774 2104 1030 2155 versipellem,
1058 2117 1156 2141 nun-c
1183 2102 1479 2149 destructorem,

154 2175 254 2200 nunc
280 2168 510 2200 assertorem
539 2161 830 2213 prophetarum!
864 2160 1087 2199 destruebat
1114 2167 1153 2199 ut
1178 2160 1359 2207 aemulus,
1388 2173 1481 2198 con-

152 2226 308 2258 vertens
334 2218 541 2270 discipulos
568 2231 718 2265 eorum,
746 2218 817 2255 sibi
844 2217 1050 2256 adserebat
1075 2225 1115 2256 ut
1140 2218 1302 2265 amicus,
1335 2214 1482 2271 suggil-

154 2277 237 2315 lans
268 2278 524 2314 insectatores
555 2287 700 2313 eorum.
762 2274 904 2321 Porro,
938 2276 975 2313 in
1009 2282 1186 2326 quantum
1213 2279 1288 2313 non
1314 2287 1481 2325 congru-

155 2335 250 2372 isset
276 2333 429 2372 Christo
460 2332 672 2371 Marcionis
704 2345 811 2371 assei
817 2333 867 2371 [ιο
904 2332 1197 2385 piwophetaium,
1235 2331 1288 2377 ad
1323 2344 1498 2387 quorum¹

251 2484 287 2523 1)
303 2485 539 2515 Conseruntur
558 2486 621 2517 les
633 2486 784 2526 61,1.3.
800 2484 928 2516 etruc
946 2486 977 2523 6,
994 2485 1047 2514 20.
1063 2485 1116 2513 21.
1184 2482 1247 2521 2)
1270 2483 1354 2514 Luc.
1375 2466 1482 2522 6,”·.>2.
1530 2487 1534 2491 ’

157 2527 191 2567 3)
216 2530 278 2560 les.
294 2532 348 2568 51,
370 2532 403 2562 7
497 2531 534 2570 4)
559 2531 651 2561 Pam.
677 2532 712 2560 et
738 2531 812 2570 Rig.
839 2532 1042 2560 auctoies
1065 2528 1155 2560 odii
1178 2523 1266 2558 lud.
1349 2527 1387 2569 5)
1414 2528 1484 2558 les:

158 2575 212 2613 52,
230 2577 261 2607 5.
287 2576 384 2606 Rom.
400 2578 431 2616 2,
448 2578 499 2606 24.
596 2576 634 2618 6)
656 2577 740 2609 Luc.
757 2578 787 2615 6,
806 2574 859 2606 23.
