1560 2808
162 191 272 228 19ss
425 193 550 224 ADV.
585 193 944 224 MARcmNEM
980 191 1157 222 LIBER
1186 192 1241 221 ιν.

165 285 371 332 ducabunt,
401 287 578 338 quoniam
605 285 680 324 hoc
707 284 802 324 dicit
826 284 1019 332 dominus3
1047 282 1325 323 manducarunt
1345 289 1384 321 et
1399 282 1489 322 reli-

165 351 329 396 querunt
359 344 543 396 reliquias
575 342 782 382 secundum
816 341 967 381 dictum.
997 341 1200 389 domini.¹)
1242 341 1271 380 Ο
1299 340 1490 381 Christum

164 409 203 439 et
235 402 272 439 in
304 402 412 440 novis
436 403 626 440 veterem!
691 400 796 439 Haec
822 402 964 452 itaque,
992 413 1088 451 quac
1113 398 1264 438 viderat.
1289 397 1426 437 Petrus
1452 405 1492 437 et

164 472 247 497 cum
274 460 444 510 pristinis
465 466 720 510 compararat,
748 465 787 496 et
811 471 886 496 non
915 464 1054 495 tantum
1082 463 1188 495 retro
1215 454 1427 507 factm-sed
1452 463 1492 494 et

160 518 199 553 in
227 517 391 554 futurum
423 518 497 555 iam
523 524 612 555 tunc
639 515 929 568 prophetantia,
979 521 1284 565 recognoverat,
1323 514 1491 552 interro-

162 575 268 624 ganti
295 573 461 622 domino,
490 575 660 626 quisnam
686 574 762 611 illis
788 572 995 619 videretur,
1024 585 1106 610 cuin
1133 585 1202 623 pro
1230 571 1491 628 omnibus-re-

162 630 391 681 sponderet:
420 639 458 670 tu
492 645 533 670 es
561 631 806 680 Christus:2)
844 644 921 668 non
954 636 1082 681 potest
1107 642 1182 670 non
1200 628 1299 668 'eum
1325 629 1490 668 sensisse

162 688 373 735 Christum,
419 690 522 740 [nisi]
550 694 661 741 quem
687 696 849 727 noverat
874 689 912 726 in
938 688 1157 739 scripturis,
1191 699 1302 738 quem
1328 687 1402 735 iam
1428 698 1492 725 re-

162 746 346 784 censebat
384 747 421 784 in
459 748 586 785 factis.
654 747 737 784 Hoc
776 753 815 784 et
852 746 934 796 ipse
973 746 1175 783 confirmat
1213 757 1329 796 usque
1366 743 1490 783 adhuc

160 804 323 854 patiens,
357 805 432 842 imo
460 811 499 843 et
520 804 714 842 silentium
741 802 927 841 indicens.
985 800 1025 840 Si
1053 803 1150 840 enim
1178 800 1314 840 Petrus
1338 800 1490 853 quidem

161 874 237 898 non
263 869 417 913 poterat
443 862 555 900 alium
583 874 666 900 eum
694 861 885 906 confiteri,
914 873 1022 911 quam
1050 860 1252 908 creatoris,
1279 860 1344 897 ille
1363 866 1491 897 autem

160 920 381 985 praecepit,
426 933 472 958 ne
501 920 562 958 cui
588 920 662 958 hoc
689 918 866 957 dicerent
874 918 930 966 ,³)
970 918 1099 968 utique
1127 915 1166 956 id
1191 917 1310 955 noluit
1330 917 1491 968 provul-·¹

161 978 264 1025 gari,
306 976 406 1028 quod
432 976 568 1015 Petrus
594 984 780 1015 senserat.
843 975 941 1021 Imo,
981 976 1122 1028 inquis,
1163 975 1248 1026 quia
1281 988 1356 1012 non
1382 980 1490 1013 recte
1537 981 1560 999 ν’

160 1041 346 1081 senserat,
375 1035 496 1072 noluit
521 1033 760 1073 mendacium
786 1032 1042 1071 disseminari.
1107 1031 1186 1072 Sed
1211 1032 1323 1070 aliam
1350 1032 1491 1070 silentii

161 1104 333 1129 caussam
361 1091 494 1138 edixit,
522 1093 607 1142 quia
636 1090 977 1142 oporteret-filium
1003 1088 1165 1127 hominis
1191 1090 1307 1129 multa
1332 1090 1424 1140 pati,
1452 1096 1492 1127 et

159 1148 363 1199 reprobari
379 1162 412 1187 a
437 1149 675 1200 presbyteris
701 1155 741 1186 et
765 1147 903 1186 scribis
929 1153 970 1184 et
994 1145 1275 1193 sacerdotibus,
1306 1153 1347 1185 et
1371 1147 1491 1185 inter-

159 1206 243 1252 fici,
283 1213 434 1258 etaepost
451 1208 611 1244 tertium
638 1205 737 1244 diem
764 1205 1031 1256 resurgere-4)
1095 1203 1200 1252 Quae
1227 1217 1310 1243 cum
1337 1202 1493 1256 praedi-

161 1271 246 1301 cata
274 1265 349 1301 sint
375 1272 414 1302 et
439 1264 520 1316 ipsa
547 1266 585 1302 in
613 1263 804 1302 Christum
833 1263 1041 1313 creatoriS‚
1069 1263 1170 1301 sicut
1194 1262 1272 1300 suis
1298 1262 1396 1301 locis
1421 1262 1490 1301 im-

158 1321 358 1371 plebimus,
391 1323 447 1360 sic
474 1335 623 1373 quoque
650 1323 770 1374 ipsum
797 1334 838 1359 se
866 1318 1035 1374 ostendit
1061 1332 1159 1366 csse,
1186 1320 1224 1358 in
1246 1332 1355 1371 quem
1366 1322 1490 1371 'prae-

159 1377 399 1416 dicabantur.
441 1379 558 1417 Certe
584 1381 656 1418 etsi
683 1393 758 1417 non
785 1385 916 1417 essent
940 1375 1178 1429 praedicata,
1205 1390 1289 1416 eam
1316 1390 1488 1416 caussam

157 1433 292 1473 indicti
320 1436 462 1473 silentii
477 1437 649 1487 piotulit,
678 1450 738 1487 qu
729 1449 774 1474 ae
790 1449 866 1473 non
882 1434 985 1475 Petri
1001 1447 1174 1473 errorem
1189 1434 1487 1482 demonstraret,

158 1491 227 1530 sed
252 1492 514 1531 obeundarum
541 1494 757 1545 passionum
783 1493 1066 1531 necessitatem.
1131 1491 1202 1539 Qui
1226 1492 1441 1540 volueritU'
1431 1506 1489 1530 in-

158 1551 250 1600 quit,
278 1552 440 1589 animam
465 1565 569 1589 suam
597 1551 738 1589 salvam
763 1552 908 1596 facere,
935 1548 1075 1601 perdet
1098 1544 1224 1596 illam,
1247 1556 1287 1587 et
1312 1550 1374 1601 qui
1400 1563 1489 1601 per-

157 1606 300 1646 diderit
326 1621 408 1647 eam
436 1616 595 1661 piopter
619 1622 692 1656 me,
720 1609 863 1647 salvam
887 1607 1008 1646 faciet
1033 1620 1130 1645 eam.
1145 1608 1182 1655 ⁵)
1245 1606 1362 1649 Certe
1389 1607 1488 1646 filius

154 1664 320 1703 hominis
346 1666 444 1704 hanc
470 1667 699 1706 sententiam
726 1661 863 1704 emisit.
919 1664 1102 1716 Perspice
1129 1665 1248 1715 igitur
1272 1672 1312 1703 et
1337 1671 1384 1705 tu
1403 1678 1487 1704 cum

154 1735 250 1773 rege
276 1722 492 1775 Babylonio
531 1725 730 1762 fornacem
767 1724 850 1762 eius
887 1721 1107 1768 ardentem,
1145 1729 1185 1760 et
1209 1722 1382 1770 invenies
1407 1723 1487 1762 illic

153 1788 333 1831 tanquam
361 1782 477 1820 lilium
503 1782 665 1820 hominis
700 1780 882 1830 (nondum
915 1781 1015 1823 enim
1047 1780 1281 1827 vere-erat,
1321 1779 1498 1819 nondum·

154 1838 308 1877 scilicet
339 1846 449 1877 natus
481 1853 530 1878 ex
555 1839 725 1890 homine)
759 1840 831 1877 iam
859 1845 958 1877 tunc·
976 1838 1071 1888 istos
1097 1839 1222 1876 exitus
1244 1839 1488 1886 *const-ituen-

153 1906 243 1932 tem.
308 1895 441 1935 Salvas
472 1898 568 1935 facit
598 1899 743 1935 animas
776 1898 889 1941 trium
915 1896 1093 1942 fratrum,
1134 1896 1196 1947 qui
1222 1895 1288 1934 ea's
1313 1909 1383 1947 pro
1411 1894 1485 1934 deo

152 1951 319 2002 perdere
353 1956 687 2006 conspiravelant,
728 1953 848 1993 Chald
853 1967 1009 1992 {coium
1041 1966 1134 1992 vero
1164 1951 1355 2005 perdidit,
1394 1963 1502 2005 quas·

151 2009 208 2046 illi
234 2022 305 2060 per
330 2009 588 2050 idololatriam
614 2014 738 2051 salvas
763 2013 896 2051 facere
923 2012 1149 2050 maluerant.
1196 2010 1302 2059 Quae
1328 2017 1388 2049 est
1412 2011 1486 2050 ista

152 2080 253 2104 nova
279 2066 469 2109 doctrina
498 2070 604 2107 cuius
629 2077 764 2108 vetera
790 2069 1022 2108 documenta
1047 2070 1158 2116 sunt?
1194 2080 1419 2120 quamquam
1446 2075 1487 2107 et

150 2110 466 2175 praedicationes
502 2129 789 2178 martyriorum
810 2134 886 2165 tam
910 2127 1162 2171 futurorum,
1201 2138 1311 2176 quam
1349 2139 1372 2164 a
1410 2124 1484 2165 deo

151 2181 370 2220 mercedem
397 2183 651 2222 relaturorum
678 2184 996 2223 decucurrerunt.
1012 2227 1021 2230 ,
1046 2181 1161 2229 Vide,
1188 2183 1310 2235 inquit
1333 2181 1484 2231 Esaias,

152 2239 344 2290 quomodo
370 2241 473 2292 perit
497 2242 640 2288 iu'stus,
680 2249 720 2279 et
745 2250 856 2280 nemo
883 2241 1030 2293 excipit
1056 2239 1195 2287 corde,
1234 2247 1274 2279 et
1297 2242 1371 2280 viri
1395 2241 1483 2280 iusti

151 2298 394 2344 auferuntur,
435 2305 474 2336 et
499 2311 610 2347 nemo
638 2298 873 2338 considerat.
890 2298 927 2346 ὕ)
991 2297 1151 2346 Quando
1178 2299 1299 2349 magis
1325 2298 1400 2339 hoc
1427 2297 1477 2345 fit,

151 2368 261 2405 quam
287 2355 325 2393 in
353 2358 626 2407 persecutione
653 2364 873 2397 sanctorum
900 2357 1007 2394 eius?
1039 2355 1176 2407 Utique
1203 2369 1279 2395 non
1305 2355 1480 2407 simplex,

150 2424 222 2450 uec
249 2411 297 2450 de
324 2420 484 2452 naturae
511 2414 598 2465 lege
626 2415 847 2462 communis,
875 2413 943 2453 sed
969 2414 1034 2452 illa
1059 2413 1218 2464 insignis
1243 2418 1282 2452 et
1305 2425 1377 2464 pro
1404 2411 1480 2451 fide

245 2550 279 2591 1)
309 2554 328 2581 2
353 2554 436 2592 Reg
451 2556 483 2596 4,
497 2556 541 2584 42
556 2564 629 2594 sqq
762 2538 806 2595 2)'
825 2556 908 2587 Luc.
924 2558 955 2593 9,
973 2557 1026 2585 20.
1120 2549 1171 2596 ’3)
1204 2552 1287 2584 huo.
1304 2549 1335 2593 9,
1352 2553 1406 2584 20.
1423 2553 1478 2582 21.

150 2591 185 2634 4)
214 2596 294 2628 luc
317 2600 348 2637 9,
367 2600 418 2629 22.
517 2601 554 2643 5)
584 2603 664 2633 luc.
692 2604 723 2641 9,
753 2603 806 2631 24.
902 2600 939 2643 6)
969 2599 1035 2633 les.
1063 2601 1117 2640 57,
1144 2604 1174 2632 1.
