1624 2826
371 218 499 248 ADv.
537 218 903 250 MARCIONEM
935 220 1112 250 LIBER
1148 217 1193 252 V.
1350 218 1450 257 280

118 308 423 361 intelligendum.
494 309 546 348 Et
594 311 758 362 positum
809 313 847 349 in
892 312 1142 363 ambiguitate
1193 310 1451 353 distinctionis

116 367 306 407 hactenus
330 374 538 415 tractasse,
578 381 626 406 ne
651 368 877 408 adversario
903 368 1128 422 prodesset,
1167 377 1372 410 contentus
1394 373 1454 409 vi-

0 438 6 456 >
118 426 289 472 ctoriae,
326 437 400 464 nac
431 425 532 463 ultro
565 439 718 477 possum
750 433 790 465 et
821 428 859 465 in
891 434 1011 466 totum
1038 429 1327 467 contentionem
1352 428 1453 467 hanc

0 493 7 500 ’
117 483 367 535 praeterisse.
441 481 676 534 Simpliciori
722 497 909 536 responso
948 498 1042 538 prae
1081 499 1193 524 manu
1229 487 1305 524 erit
1342 486 1454 524 huius

117 541 206 579 aevi
229 539 423 579 dominum
448 538 642 579 diabolum
670 543 940 593 interpretari,
979 544 1042 595 qui
1068 542 1230 590 dixerit,
1262 544 1455 596 propheta

117 598 336 642 referente:
385 611 455 636 ero
482 598 615 636 similis
639 600 832 646 altissimi,
859 613 998 651 ponam
1024 601 1063 638 in
1088 600 1251 639 nubibus
1275 601 1455 641 thronum

118 668 261 703 menm3
283 657 320 704 1)
355 656 456 694 sicut
487 662 528 694 et
552 663 634 694 tota
659 656 769 695 huius
794 658 880 695 aevi
905 659 1128 710 superstitio
1154 658 1210 696 illi
1236 660 1454 710 mancipata

118 720 196 760 est,
235 714 300 764 qui
336 720 528 752 excaecet
558 712 767 753 infidelium
805 714 926 753 corda
963 722 1005 754 et
1041 716 1215 767 inprimis
1252 723 1453 766 apostatae

118 768 343 811 Marcionis.
404 770 582 821 Denique
613 785 688 809 non
720 771 817 809 sidit
848 779 1119 810 occurrentem
1144 772 1218 810 sibi
1244 772 1452 810 clausulam

118 840 273 870 sensus·
290 828 490 879 quoniam
505 826 619 875 deus,
647 829 710 880 qui
736 827 834 866 dixit
847 841 897 867 ex
910 829 1082 867 tenebris
1097 829 1221 867 lucem
1236 829 1453 875 lucescere

117 885 262 925 reluxit
302 885 343 923 in
387 881 570 923 c‘ordihus
613 887 756 924 nostris
797 884 846 924 ad
885 886 1202 925 illuminationem
1244 871 1454 938 agnitionis

117 955 211 982 suae
236 943 275 982 in
306 955 474 995 persona
501 942 657 981 Christi.
666 942 707 995 2)
769 942 861 991 Quis
886 945 942 982 sic
969 943 1084 982 dixit·
1125 944 1192 982 flat
1215 944 1306 983 lux?
1342 952 1382 983 et
1407 944 1454 983 de

117 1000 398 1059 illuminatione
436 999 565 1038 mundi
604 1001 687 1052 quis
725 1000 880 1039 Christo
917 1002 990 1040 ait:
1029 1002 1141 1053 posui
1178 1009 1221 1041 te
1251 999 1293 1040 in
1330 1002 1456 1041 lumen

118 1058 334 1100 nationum,
372 1056 592 1096 sedentium
618 1058 771 1097 scilicet
801 1060 840 1097 in
865 1059 1039 1099 tenebris
1064 1066 1105 1098 et
1127 1056 1170 1097 in
1194 1052 1329 1099 πῶτε
1354 1074 1457 1098 mor-

118 1111 183 1155 tis.
202 1115 244 1168 ⁸)
311 1114 383 1154 Cui
419 1114 633 1167 respondet
669 1116 825 1167 spiritus
862 1117 901 1154 in
938 1117 1085 1168 psalmo
1125 1129 1176 1155 ex
1207 1116 1458 1168 ptovidentia

119 1173 250 1211 futuri.
313 1171 582 1223 Significatum
607 1179 679 1219 est,
706 1174 841 1225 inquit,
873 1187 991 1225 super
1014 1187 1087 1212 nos
1112 1174 1238 1212 lumen
1264 1186 1456 1225 personae

120 1236 233 1276 tuae,
270 1228 500 1281 domine.⁴)
573 1230 746 1268 Persona
781 1237 908 1268 antem
947 1229 1011 1268 dei
1051 1230 1225 1268 Christus
1268 1229 1455 1269 dominus.

122 1285 233 1325 Unde
258 1293 300 1325 et
322 1286 522 1339 apostolus
547 1300 682 1339 supra:
710 1287 773 1338 qui
798 1294 858 1326 est
882 1288 1024 1339 imago,
1051 1288 1187 1339 inquit,
1215 1286 1341 1341 dei.⁵)
1380 1288 1458 1339 lgi-

0 1350 11 1374 >'·
122 1352 185 1383 tur
208 1345 242 1383 si
266 1343 442 1383 Christus
466 1357 633 1396 persona
660 1346 851 1383 creatoris
877 1343 1062 1384 dicentis:
1091 1344 1157 1383 fiat
1182 1346 1259 1391 lux,
1286 1352 1326 1384 et
1347 1346 1458 1384 Chri-

0 1392 9 1404 *
47 1397 54 1402 ’
122 1409 204 1440 stus
234 1408 275 1440 et
305 1402 492 1454 apostoli,
530 1409 571 1440 et
601 1403 841 1453 evangelium
874 1409 914 1440 et
952 1402 1127 1440 velamen
1158 1409 1199 1440 et
1229 1401 1388 1454 Moyses
1419 1410 1459 1440 et

122 1466 207 1498 tota
237 1460 360 1498 series
390 1458 599 1497 secundum
638 1460 895 1497 testimouium
927 1458 1123 1500 clausulae
1155 1460 1347 1498 creatoris
1379 1467 1456 1506 est;

124 1516 188 1556 dei
212 1516 324 1556 huius
347 1517 433 1555 aevi
460 1523 569 1555 certe
595 1530 672 1555 non
698 1517 794 1563 eius,
827 1518 890 1568 qui
916 1529 1106 1569 nunquam
1132 1515 1248 1555 dixit:
1287 1517 1356 1555 fiat
1379 1518 1457 1556 lux.

123 1573 336 1614 Praetereo
367 1574 431 1613 hie
463 1581 504 1612 et
536 1573 584 1613 de
621 1575 697 1613 alia
729 1575 913 1626 epistola,
953 1588 1064 1627 quam
1094 1587 1166 1613 nos
1193 1573 1242 1613 ad
1266 1573 1458 1626 Ephesios

123 1630 377 1685 perscn‘ptam
403 1631 606 1679 habemus,
647 1632 837 1672 haeretiei
868 1645 962 1671 vero
995 1631 1044 1671 ad
1070 1631 1330 1671 Laodicenos.
1393 1632 1460 1670 Ait

124 1692 225 1729 enim
249 1690 467 1729 meminisse
494 1691 684 1737 nationes,
717 1689 819 1742 quod
844 1690 912 1728 illo
938 1691 976 1728 in
1002 1697 1191 1742 tempore,
1219 1703 1303 1728 cum
1329 1697 1459 1728 essent

125 1747 208 1789 sine
234 1746 403 1794 Christo,
428 1748 547 1786 alieni
572 1748 620 1786 ab
647 1747 807 1794 lsraele,
840 1748 922 1786 sine
949 1748 1248 1785 conversatione
1274 1754 1314 1784 ct
1340 1753 1460 1785 testa-

126 1804 265 1842 mentis
295 1811 337 1842 et
366 1817 434 1854 spe
465 1806 749 1855 promissionis,
789 1805 903 1842 etiam
936 1805 1019 1841 sine
1051 1802 1207 1841 domino
1233 1810 1381 1849 essent,
1420 1804 1459 1841 in

126 1858 268 1900 mundo
282 1860 324 1912 ⁶)
351 1861 500 1911 utique,
539 1861 613 1898 etsi
644 1860 692 1898 de
725 1867 918 1898 creatore.
979 1859 1085 1911 Ergo
1105 1861 1150 1898 si
1176 1861 1352 1899 nationes
1377 1861 1460 1898 sine

129 1917 204 1958 deo
230 1917 329 1956 dixit
352 1930 456 1965 esse,
491 1916 585 1956 deus
611 1924 738 1959 antem
769 1917 846 1955 illis
878 1916 1054 1956 diabolus
1080 1924 1157 1965 est,
1184 1931 1261 1956 non
1287 1925 1458 1963 creator,

128 1982 293 2029 apparet
316 1974 508 2016 dominum
534 1977 619 2014 aevi
646 1975 755 2013 huius
781 1987 866 2013 eum
898 1975 1211 2026 intelligendum,
1250 1988 1361 2027 quem
1393 1988 1461 2013 na-

130 2034 258 2073 tiones
282 2046 354 2086 pro
381 2032 455 2072 deo
482 2040 731 2085 receperunt,
764 2046 843 2071 non
867 2040 1100 2080 creatorem,
1127 2046 1238 2085 quem
1263 2034 1460 2084 ignorant.

131 2091 256 2140 Quale
290 2098 351 2130 est
380 2098 526 2137 autem,
568 2098 606 2128 ut
643 2104 722 2128 nou
756 2089 928 2129 eiusdem
964 2091 1155 2130 habeatur
1187 2091 1392 2129 thesaurus
1423 2091 1461 2128 in

130 2149 314 2189 fictilibus
337 2149 440 2187 vasis
465 2148 669 2200 nostris,⁷)
696 2148 803 2187 cuius
827 2155 868 2187 et
890 2161 983 2187 vasa
1007 2151 1119 2187 sunt?
1154 2147 1253 2187 Nam
1278 2149 1311 2187 si
1337 2149 1462 2199 gloria

133 2205 197 2245 dei
222 2213 294 2252 est,
320 2207 360 2244 in
385 2206 568 2245 fictilibus
591 2207 693 2244 vasis
712 2212 856 2244 tantum
870 2206 1042 2245 thesauri
1055 2206 1204 2253 haberi,
1231 2219 1322 2244 vasa
1335 2213 1461 2244 autem

133 2263 269 2302 fictilia
300 2264 490 2302 creatoris
520 2270 628 2311 sunt3
661 2276 757 2314 ergo
789 2270 830 2302 et
859 2264 985 2315 gloria
1016 2264 1207 2312 creatoris
1239 2270 1316 2309 est,
1356 2263 1463 2300 cuius

133 2334 224 2359 vasa
255 2321 501 2359 eminentiam
533 2322 688 2359 virtutis
719 2320 781 2359 dei
813 2317 983 2373 sapiunt,
1022 2329 1063 2361 et
1087 2322 1210 2360 virtus
1234 2321 1342 2371 ipsa,
1376 2320 1464 2370 quia

134 2385 346 2431 propterea
370 2379 409 2416 in
434 2392 525 2417 vasa
552 2379 686 2418 fictilia
712 2379 914 2418 commissa
939 2386 1043 2426 sunt,
1075 2385 1118 2417 ut
1148 2377 1357 2416 eminentia
1383 2377 1464 2414 eius

137 2465 423 2483 ——4-—-

230 2527 268 2572 1)
296 2531 359 2561 les.
373 2531 426 2569 14,
443 2531 498 2559 14.
596 2530 632 2567 2)
659 2530 679 2559 2
695 2529 774 2561 Cor.
789 2530 822 2569 4,
836 2531 867 2560 6.
963 2530 1000 2570 3)
1024 2531 1090 2561 les.
1106 2531 1162 2568 49,
1175 2530 1206 2559 6.
1242 2525 1324 2558 Act.
1339 2528 1396 2566 13,
1410 2527 1466 2557 4⁷.

137 2577 203 2607 lea.
227 2577 260 2613 9,
286 2578 319 2606 2.
355 2576 480 2607 Matth.
505 2577 539 2614 4,
567 2577 620 2606 16.
716 2574 754 2618 4)
781 2576 835 2607 Ps.
862 2577 894 2617 4,
919 2577 952 2605 Ί.
1062 2575 1110 2615 5)*
1124 2576 1145 2605 2
1160 2575 1237 2605 Cor.
1254 2574 1287 2612 4,
1303 2574 1336 2603 4.
1433 2571 1468 2604 6)

138 2620 227 2660 Eph.
241 2623 339 2662 2‚12.
437 2621 476 2665 Ἰ)
504 2623 524 2652 2
538 2623 614 2654 Cor.
628 2622 660 2663 4,
676 2623 706 2651 ⁶1.
862 2631 866 2634 ⁴

199 2678 396 2711 Tssnruu„
429 2681 485 2712 ιιι.
1119 2670 1172 2709 19
