1604 2800
143 164 254 201 108
361 164 434 195 DE
471 161 987 194 RESURRECTIONE
1024 162 1252 197 CARNIS.

146 256 372 302 succedens,
399 257 536 293 iterum
563 254 746 306 phoenix,
773 254 838 293 ubi
862 255 937 293 iam
963 268 1094 303 nemo,
1121 256 1258 294 iterum
1283 256 1385 309 ipse,
1412 259 1473 310 qui

146 330 222 355 non
259 315 352 360 iam,
391 312 486 351 alius
523 311 637 350 idem.
701 310 798 360 Quid
830 313 1049 365 expressius
1080 319 1195 365 atque
1227 313 1412 364 signatius
1436 316 1474 355 in

145 374 243 412 hanc
283 384 476 418 caussam,
515 377 582 408 aut
620 370 682 408 cui
719 370 784 408 alii
821 371 879 409 rei
909 371 987 409 tale
1020 369 1315 410 documentum?
1372 371 1475 413 Deus

146 431 259 471 etiam
286 430 489 481 scripturis
514 428 610 466 suis:
650 435 690 466 et
714 427 869 467 florebit
894 430 1013 476 enim,
1051 429 1191 480 inquit,
1228 429 1333 468 velut
1357 429 1476 482 phoe-

146 489 224 535 nix,
241 489 278 536 1)
305 486 344 524 id
371 494 430 524 est
456 485 503 524 de
530 493 672 532 morte,
706 484 754 524 de
779 486 936 534 funere,
975 486 1029 524 uti
1056 485 1212 534 credas,
1252 485 1300 526 de
1326 487 1478 539 ignibus

148 557 297 598 quoque
330 543 580 582 substantiam
616 545 793 595 corporis
824 545 928 595 exigi
960 557 1089 596 posse.
1148 544 1280 583 Multis
1311 546 1478 597 passeri-

145 603 215 642 bus
242 609 437 641 antestare
465 614 534 639 nos
548 598 586 650 2)
615 599 790 639 dominus
815 602 1094 653 pronuntiavit3
1127 602 1159 640 si
1191 615 1267 641 non
1294 609 1334 641 et
1358 603 1478 655 phoe-

146 661 308 706 uicibus,
335 659 428 698 nihil
454 672 642 710 magnum.
700 656 780 698 Sed
806 658 980 698 homines
1006 660 1124 698 semel
1149 659 1374 708 interibunt,
1400 661 1478 700 avi-

146 719 216 757 bus
242 717 412 756 Arabiae
440 716 487 755 de
515 717 802 755 resurrectione
829 718 1002 756 securis?

265 778 332 815 14.
382 774 491 812 Talia
528 774 680 811 interim
721 772 931 813 divinarum
968 775 1104 814 virium
1136 776 1368 815 lineamenta
1403 788 1479 814 non

148 834 270 871 minus
295 831 491 883 parabolis
519 837 680 882 operato
709 829 782 869 deo
810 845 920 882 quam
946 832 1099 880 locuto,
1136 835 1335 872 veniamus
1367 840 1408 872 et
1432 831 1479 872 ad

148 892 231 942 ipsa
263 888 393 928 edicta
424 895 538 939 atque
571 886 731 926 decreta
763 889 863 935 eius,
905 902 978 940 quo
1013 902 1097 927 cum
1130 891 1291 929 maxime
1325 889 1480 929 divisio-

149 961 235 986 nem
272 948 382 985 istam
420 946 605 984 materiae
644 944 876 984 ordinamus.
949 945 1091 984 Exorsi
1129 948 1229 986 enim
1269 955 1396 986 sumus
1433 946 1480 986 ab

149 1005 382 1044 auctoritate
410 1003 554 1049 carnis,
594 1015 641 1040 an
674 1015 721 1041 ea
746 1004 812 1050 sit,
852 1004 914 1042 cui
942 1002 1111 1056 dilapsae
1138 1005 1240 1042 salus
1266 1011 1480 1056 competat;

150 1062 290 1101 dehinc
316 1061 514 1113 prosecuti
542 1059 589 1098 de
615 1061 790 1111 potentia
816 1059 900 1107 dei,
944 1074 993 1099 an
1018 1067 1123 1098 tanta
1149 1062 1216 1108 sit,
1257 1074 1354 1113 quae
1381 1062 1480 1100 salu-

148 1128 226 1158 tem
270 1119 452 1157 conferre
497 1116 668 1169 dilapsae
713 1118 771 1155 rei
808 1118 945 1156 soleat.
1018 1117 1131 1157 Nunc
1169 1119 1201 1157 si
1236 1119 1480 1171 probavimus

149 1184 370 1228 utrumque,
407 1175 522 1214 velim
561 1175 676 1213 etiam
716 1173 762 1213 de
795 1188 931 1214 caussa
962 1176 1154 1228 requiras,
1193 1190 1242 1215 an
1273 1177 1324 1215 sit
1354 1177 1480 1230 aliqua

150 1242 226 1274 tam
252 1233 387 1285 digna,
427 1245 523 1285 quae
556 1233 883 1271 resurrectionem
918 1235 1044 1272 earnis
1069 1235 1328 1274 necessariam
1355 1241 1396 1275 et
1419 1247 1481 1274 ra-

150 1293 247 1330 tioni
281 1298 388 1330 certe
422 1291 524 1329 omni
556 1289 670 1328 modo
705 1289 872 1329 debitam
904 1290 1093 1339 vindicet,
1133 1293 1219 1344 quia
1257 1291 1389 1332 subest
1425 1290 1482 1332 di-

152 1362 263 1395 cere,
303 1349 375 1387 etsi
408 1361 500 1386 caro
534 1360 658 1399 capax
688 1349 858 1395 restitui,
899 1350 972 1388 etsi
998 1348 1176 1389 divinitas
1202 1348 1345 1389 idonea
1368 1351 1481 1390 resti-

150 1404 303 1451 tuendi,
343 1411 383 1442 et
419 1405 474 1442 sic
509 1417 643 1442 caussa
676 1407 931 1445 restitutionis
963 1420 1146 1459 praeesse
1173 1406 1343 1447 debebit.
1402 1406 1481 1448 Ac-

153 1463 239 1513 cipe
266 1462 383 1511 igitur
408 1468 447 1498 et
473 1473 663 1507 caussam,
692 1462 754 1513 qui
780 1462 880 1513 apud
906 1462 1016 1502 deum
1044 1463 1160 1504 discis
1184 1473 1261 1504 tam
1288 1466 1481 1519 optimum,

154 1531 263 1570 quam
290 1525 330 1556 et
355 1519 510 1563 iustum,
549 1516 597 1555 de
629 1531 698 1556 suo
732 1520 932 1569 optimum,
971 1520 1019 1559 de
1051 1529 1184 1560 nostro
1217 1525 1372 1572 iustum,
1412 1523 1482 1563 nisi
1534 1518 1543 1522 s

154 1577 253 1615 enim
291 1575 404 1613 homo
443 1573 685 1626 deliquisset,
726 1577 905 1626 optimum
938 1578 1175 1616 solummodo
1209 1578 1320 1618 deum
1352 1587 1483 1619 nosset

153 1646 204 1672 ex
228 1640 387 1671 naturae
414 1633 666 1684 proprietate.
723 1631 776 1671 At
801 1646 900 1672 nunc
927 1635 1041 1672 etiam
1067 1636 1203 1674 iustum
1230 1648 1315 1675 eum
1340 1637 1482 1689 patitur

154 1704 203 1729 ex
229 1702 388 1729 caussae
415 1690 668 1736 necessitate,
707 1696 833 1730 tamen
866 1698 906 1729 et
937 1691 1010 1730 hoc
1041 1693 1125 1743 ipso
1158 1694 1357 1744 optimum,
1395 1693 1482 1732 dum

154 1755 193 1787 et
218 1749 367 1786 iustum.
429 1745 480 1784 Et
508 1746 611 1784 bono
644 1748 743 1785 enim
775 1747 939 1786 iuvando
967 1755 1007 1786 et
1032 1749 1132 1787 malo
1158 1749 1350 1802 puniendo
1377 1751 1483 1791 iusti-

152 1806 244 1844 tiam
282 1804 486 1851 exhibens,
524 1811 723 1856 utramquc
761 1806 988 1844 sententiam
1025 1805 1129 1845 hono
1164 1807 1356 1859 praestat,
1394 1808 1483 1849 hinc

151 1862 351 1901 vindicans
377 1860 492 1908 istud,
519 1860 607 1900 inde
633 1875 882 1901 remunerans
908 1862 1014 1902 illud.
1078 1862 1157 1903 Sed
1184 1879 1267 1904 cum
1281 1864 1482 1907 Marcione

152 1921 302 1972 plenius
328 1919 473 1966 disces,
501 1932 548 1957 an
575 1919 648 1958 hoc
675 1921 724 1958 sit
749 1919 811 1959 dei
839 1927 971 1959 totum.
1034 1920 1190 1961 Interim
1217 1923 1304 1962 talis
1330 1931 1390 1965 est
1414 1937 1484 1963 no-

154 1985 235 2016 ster
272 1977 409 2015 merito
442 1975 576 2023 iudex,
627 1978 715 2028 quia
752 1976 944 2025 dominus,
988 1980 1127 2018 merito
1164 1979 1357 2028 dominus,
1396 1982 1484 2035 quia

154 2041 303 2081 auctor,
330 2034 468 2072 merito
495 2041 649 2082 auctor,
678 2035 764 2087 quia
791 2034 896 2074 deus.
961 2035 1058 2075 Hinc
1085 2044 1124 2076 et
1147 2037 1213 2088 ille
1238 2039 1372 2077 nescio
1399 2039 1483 2090 quis

154 2091 460 2130 haereticorum:
499 2093 636 2130 merito
668 2106 743 2130 non
775 2092 908 2140 iudex,
947 2107 1023 2132 non
1055 2094 1155 2134 enim
1192 2093 1305 2143 deus,
1342 2096 1482 2135 merito

154 2163 231 2187 non
246 2147 433 2196 dominus,
460 2162 536 2186 non
563 2151 661 2188 enim
689 2157 844 2199 auct0r3
871 2152 1003 2190 nescio
1024 2153 1111 2199 iam,
1138 2152 1170 2190 si
1190 2151 1308 2204 deus-5.
1326 2154 1388 2205 qui
1409 2165 1482 2193 nec

156 2214 294 2246 auctor
320 2206 420 2259 quod
447 2204 559 2254 deuS,
598 2220 670 2246 nec
703 2207 877 2248 dominus
910 2208 1010 2261 quod
1042 2211 1241 2261 auctor.³)
1302 2210 1426 2262 Igitur
1450 2211 1483 2250 si

155 2263 228 2303 deo
256 2272 295 2303 et
321 2264 474 2303 domino
500 2271 541 2302 et
564 2266 715 2304 auctori
742 2267 1126 2318 congruentissimum
1152 2274 1212 2307 est
1236 2267 1416 2316 iudicium
1442 2269 1481 2307 in

248 2421 286 2466 1)
310 2425 363 2456 Ps.
379 2427 432 2466 92,
449 2427 503 2456 13.
526 2427 633 2459 Lxx.
729 2429 765 2467 2)
791 2428 912 2459 Matth.
930 2430 982 2471 10,
994 2430 1048 2460 33.
1144 2426 1181 2472 3)
1197 2429 1302 2469 codd.
1319 2429 1432 2463 Ursini
1446 2431 1481 2461 et

157 2468 387 2501 XVouwamn
414 2472 558 2511 iudex,
584 2483 665 2504 non
692 2475 801 2504 enim
829 2475 1038 2515 dominus,
1066 2476 1307 2515 m.n.d.e.a.;
1333 2475 1481 2507 nescio

156 2514 250 2587 liam,
277 2516 312 2545 si
338 2517 455 2558 deus,
491 2519 662 2558 quince
688 2524 863 2561 auctor,
889 2531 963 2556 nec
998 2521 1190 2553 dontinus
1215 2521 1349 2562 igitur
1373 2520 1408 2551 si
1434 2520 1482 2551 de

185 2568 230 2590 eo
257 2564 323 2591 etc.
