1604 2800
139 227 211 264 8ss
502 223 574 254 DE
610 219 809 253 cAnNE
846 218 1103 250 cnnlsrl.

138 322 224 371 lege
262 318 418 370 generis
455 316 608 355 humani
646 326 696 353 ex
726 313 914 364 sanguine
946 318 987 350 et
1018 323 1068 350 ex
1099 311 1226 349 carnis
1258 316 1299 350 et
1323 322 1374 349 ex
1396 311 1470 350 viri

136 378 332 416 voluntate
358 381 583 420 nascantur,
622 373 737 412 etiam
768 370 997 410 Valentinus
1028 369 1137 421 ipse?
1194 367 1308 407 Adeo
1339 369 1471 421 singu-

138 436 289 482 lariter,
327 440 370 472 ut
394 432 442 471 de
469 431 642 478 domiuo,
681 430 864 482 scriptum
891 435 968 468 est:
1008 434 1050 467 et
1079 440 1127 466 ex
1154 425 1227 465 deo
1255 433 1365 465 natus
1390 434 1469 476 est3

136 493 293 539 merito,
332 492 419 543 quia
443 490 602 529 verbum
628 487 711 535 dei,
745 494 785 526 et
810 501 895 526 cum
921 485 1042 526 verbo
1069 483 1132 524 dci
1158 485 1333 537 spiritus,
1366 492 1406 524 et
1430 486 1469 524 in

138 551 270 603 spiritu
297 548 360 588 dei
387 550 525 595 virtus,
565 554 604 586 ct
636 544 818 599 quicquid
849 544 913 584 dei
945 551 1005 584 est
1037 542 1230 591 Christus3
1269 555 1343 595 qua
1375 555 1470 583 caro

136 615 281 654 autem,
320 621 395 646 non
434 620 484 645 cx
515 606 702 657 sanguine
734 617 808 642 nec
842 616 891 642 cx
924 603 1051 642 carnis
1083 608 1124 640 et
1152 601 1226 640 viri
1256 601 1469 648 voluntate,

137 667 224 718 quia
261 679 310 704 cx
341 664 404 703 dei
436 665 632 703 voluntate
664 661 822 701 verbum
857 674 949 700 caro
982 661 1125 699 factum
1156 666 1228 698 est.
1289 657 1352 698 Ad
1385 671 1472 699 car-

137 736 221 761 nem
249 724 368 768 enim,
396 736 472 759 non
497 720 546 760 ad
570 716 748 766 verbum,
775 720 945 770 pertinet
971 718 1174 769 negati01)
1201 716 1375 756 formalis
1401 730 1472 756 no-

138 787 240 819 strae
267 780 495 825 nativitatis,
529 779 616 830 qu'ia
642 790 735 816 caro
762 777 817 814 sic
843 776 1012 814 habebat
1037 775 1163 821 nasci,
1197 787 1273 813 nou
1298 774 1470 814 verbum.

138 837 297 889 Negans
323 844 448 875 autem
476 849 526 875 ex
551 835 678 874 carnis
705 846 855 886 quoque
880 834 1078 872 voluntate
1105 838 1253 878 natum,
1293 845 1363 870 cur
1393 845 1470 871 non

139 896 294 946 negavit
326 896 438 933 etiam
472 907 522 932 ex
553 892 763 931 substantia
795 891 948 930 carnis?
1006 889 1145 941 Neque
1177 890 1276 928 enim
1309 890 1396 941 quia
1423 902 1472 929 ex

139 954 323 1004 sanguine
351 953 524 1003 negavit,
561 950 810 988 substantiam
839 949 966 987 carnis
991 948 1138 994 renuit,
1175 946 1244 985 sed
1271 947 1471 985 materiam

138 1011 311 1056 seminis,
340 1022 450 1061 quam
477 1015 631 1048 constat
655 1007 850 1057 sanguinis
876 1018 962 1044 esse
991 1005 1174 1051 calorem,
1201 1011 1243 1041 ut
1268 1002 1470 1056 despuma-

140 1069 246 1106 tione
284 1074 465 1105 mutatum
503 1066 541 1104 iu
580 1065 782 1117 coagulum
822 1063 1017 1114 sanguinis
1053 1063 1234 1100 feminae.
1295 1060 1394 1100 Nam
1421 1074 1471 1101 ex

140 1125 305 1176 coagulo
331 1125 369 1162 in
396 1137 511 1163 caseo
538 1124 596 1162 vis
622 1130 681 1162 est
705 1122 954 1167 substantiae,
983 1133 1093 1172 quam
1120 1118 1350 1158 medicando
1377 1133 1471 1159 con-

138 1183 308 1234 stringit,
347 1181 386 1220 id
417 1188 478 1221 est
502 1181 627 1219 lactis.
689 1179 942 1229 Intelligimus
969 1191 1065 1229 ergo
1091 1190 1142 1216 ex
1167 1177 1375 1216 concubitu
1400 1191 1469 1216 na·-

137 1241 322 1278 tivitatem
349 1239 493 1278 domini
519 1245 716 1293 negatam,
756 1235 858 1289 quod
890 1237 990 1288 sapit
1018 1236 1195 1275 voluntas
1219 1235 1294 1274 viri
1318 1242 1358 1274 et
1384 1248 1471 1275 car-

139 1298 214 1343 nis,
253 1311 329 1335 non
367 1310 416 1335 ex
450 1296 586 1337 vulvae
624 1295 934 1347 participatione.
1009 1293 1060 1332 Et
1097 1292 1186 1346 quid
1223 1294 1355 1345 utique
1392 1299 1469 1332 tam

140 1361 426 1404 exaggeranter
462 1354 688 1399 inculcavit,
728 1366 803 1390 non
837 1365 885 1390 ex
917 1351 1102 1403 sanguine
1141 1364 1214 1390 nec
1255 1364 1305 1390 ex
1343 1351 1470 1390 carnis

139 1411 336 1449 voluntate
362 1417 428 1448 aut
451 1411 523 1447 viri
549 1417 695 1456 natum,
734 1410 804 1447 nisi
834 1409 921 1459 quia
946 1422 994 1448 ea
1019 1416 1105 1447 erat
1131 1422 1244 1456 caro,
1283 1421 1394 1461 quam
1421 1421 1471 1448 ex

140 1467 347 1506 concubitu
372 1473 498 1505 natam
523 1479 635 1505 nemo
662 1466 881 1504 dubitaret?
939 1465 1099 1516 Negans
1130 1479 1250 1516 porro
1288 1479 1339 1505 ex
1375 1479 1470 1505 con-

141 1524 290 1571 cubitu,
329 1537 405 1562 non
443 1524 598 1574 negavit
634 1536 685 1562 ex
716 1535 852 1569 carne,
890 1522 966 1560 imo
993 1522 1235 1561 confirmavit
1260 1535 1310 1560 ex
1336 1536 1468 1570 carne,

139 1583 226 1633 quia
252 1596 327 1620 non
354 1581 516 1633 proinde
544 1582 700 1633 negavit
725 1593 774 1619 ex
800 1593 937 1626 carne,
965 1581 1065 1618 sicut
1089 1593 1139 1618 ex
1165 1579 1373 1618 concubitu
1400 1593 1467 1619 ue-

137 1640 254 1689 gavit.
317 1639 395 1677 Oro
433 1652 519 1685 vos,
558 1639 589 1676 si
628 1637 691 1677 dei
729 1638 934 1690 spiritus2)
963 1651 1040 1675 non
1077 1636 1126 1675 de
1164 1637 1275 1676 §ulva
1311 1650 1468 1676 carnem

136 1697 433 1748 participaturus
465 1694 667 1734 descendit
703 1696 741 1733 in
777 1695 945 1741 vulvam,
985 1707 1054 1733 cur
1085 1693 1289 1733 descendit
1318 1695 1470 1734 in·vul-

134 1756 244 1792 vam?
304 1753 433 1792 Potuit
458 1755 556 1792 enim
584 1760 695 1792 extra
720 1765 804 1791 eam
838 1752 922 1791 fieri
955 1765 1047 1791 caro
1081 1752 1285 1804 spiritalis;
1324 1753 1469 1804 simpli-

136 1811 217 1849 cius
242 1812 380 1858 multo‚
408 1825 516 1863 quam
546 1813 646 1849 intra
670 1811 838 1856 vulvam,
873 1810 986 1849 fieret
1011 1817 1124 1849 extra
1147 1810 1310 1848 vulvam.
1374 1808 1468 1849 Sine

137 1882 272 1907 caussa
308 1882 356 1908 eo
395 1882 437 1907 sc
476 1869 621 1916 intulit,
660 1867 761 1907 unde
799 1868 893 1906 nihil
931 1868 1083 1906 extulit.
1152 1865 1231 1906 Sed
1268 1881 1346 1906 non
1383 1868 1466 1906 sine

135 1939 270 1964 caussa
296 1926 498 1965 descendit
523 1927 560 1964 in
586 1927 747 1965 vulvam.
810 1925 916 1976 Ergo
943 1938 993 1963 ex
1017 1925 1083 1964 illa
1108 1925 1281 1976 accepit,
1321 1925 1409 1976 quia
1434 1925 1466 1963 si

135 1996 210 2021 non
237 1996 286 2022 ex
311 1984 376 2023 illa
401 1980 567 2036 accepit,
594 1985 676 2023 sine
704 1996 840 2022 caussa
865 1983 903 2020 in
929 1983 1032 2021 illam
1058 1981 1464 2029 descendiss-maxime

134 2041 217 2078 eius
244 2042 435 2093 qualitatis
461 2056 553 2081 caro
580 2042 747 2090 futurus,
787 2053 885 2093 quae
918 2054 994 2079 non
1026 2047 1112 2079 erat
1141 2039 1296 2087 vulvae,
1334 2038 1374 2078 id
1406 2046 1466 2078 est

133 2099 328 2149 spiritalis.

248 2159 316 2198 20.
369 2156 498 2204 Qualis
525 2164 584 2196 est
608 2163 735 2195 autem
762 2157 989 2194 tortuositas
1013 2160 1162 2202 vestra,
1201 2162 1243 2193 ut
1267 2164 1386 2208 'ipsam
1413 2168 1464 2196 cx

132 2212 316 2263 syllabam
342 2215 642 2266 praepositionis
676 2213 801 2252 officio
834 2213 1067 2266 adscriptam
1105 2213 1260 2252 auferre
1300 2225 1464 2264 quaera-

132 2270 193 2316 tis,
221 2278 259 2309 et
285 2272 359 2310 alia
385 2273 507 2323 magis
531 2272 599 2318 uti,
628 2284 724 2323 qnae
751 2273 788 2309 in
815 2271 887 2310 hac
913 2272 1046 2324 specie
1072 2284 1148 2309 non
1175 2271 1369 2310 invenitur
1393 2282 1463 2322 pe-

133 2339 199 2364 nes
237 2330 447 2380 scripturas
484 2331 663 2367 sanctas?
722 2328 798 2367 Per
820 2330 1009 2379 virginem
1036 2327 1166 2367 dicitis
1196 2335 1344 2375 natum,
1384 2341 1461 2366 non

134 2395 182 2420 cx
207 2385 375 2435 virgine,
414 2394 453 2425 et
484 2388 521 2424 in
546 2387 675 2433 vulva,
714 2400 790 2424 non
817 2399 866 2425 ex
890 2387 1020 2434 vulva,
1060 2386 1148 2439 quia
1173 2393 1213 2424 et
1237 2385 1397 2436 angelus
1423 2385 1460 2422 in

226 2577 261 2613 1)
288 2579 360 2618 Rig.
380 2580 632 2619 negotiatio.
729 2582 765 2622 2)
790 2581 897 2614 Rhen.
920 2590 1010 2613 corr.
1031 2580 1100 2612 dei
1124 2579 1265 2619 filiun,
1294 2579 1328 2610 in
1355 2579 1407 2611 ed.
1433 2579 1458 2611 1.

135 2622 168 2650 et
195 2621 267 2660 Rig.
293 2624 358 2653 dei
382 2626 578 2663 spiritus.
