1604 2800
330 211 404 242 DE
438 211 955 244 RESURRECTIONE
983 213 1209 246 CARNIS.
1336 214 1439 253 1„

104 312 178 355 que
214 303 253 342 in
289 302 388 342 albis
423 310 537 342 erunt
566 303 754 350 vestibus,
793 303 832 342 id
864 311 942 351 est,
979 305 1022 346 in,
1057 305 1234 346 claritate
1271 307 1438 350 innubae

104 361 292 410 carnis.¹)
350 359 402 399 Et
425 362 465 400 in
489 362 693 413 evangelio
719 360 978 401 indumentum
1004 364 1175 415 nuptiale
1187 365 1226 414 ²)
1251 367 1440 406 sanctitas

71 452 82 458 ,
104 419 233 458 carnis
257 419 418 470 agnosci
449 425 593 471 potest.
654 419 787 472 ltaque
820 419 955 459 Esaias
987 419 1152 469 docens,
1192 423 1304 475 quale
1341 424 1440 463 ieiu-

102 477 204 516 niun
220 476 388 528 elegerit
400 475 591 525 dominns,
599 488 684 516 eum
698 478 852 516 subiicit
866 477 914 517 de
929 477 1111 519 mercede
1124 479 1321 528 bonitatis,
1331 488 1437 529 tnnc,

102 535 237 587 inquit,
263 535 390 574 lumen
411 542 514 574 tuum
540 542 829 588 temporaneum
855 544 1030 589 erumpet
1054 544 1096 576 et
1118 539 1346 578 vestimenta
1371 547 1439 578 tua

103 593 218 631 citius
243 593 491 642 orientur,³)
518 604 595 631 non
619 594 855 633 subsericam
886 595 1017 647 ntique
1049 608 1122 634 nec
1153 596 1329 649 pallium,
1366 596 1438 636 sed

102 662 259 690 earnem
282 651 419 690 volens
443 652 591 703 accipi,
630 658 754 691 ortum
781 653 910 691 carnis
939 660 1232 693 resurrecturae
1258 653 1308 693 de
1334 667 1439 693 mor-

101 708 151 747 tis
177 721 320 747 occasu
352 707 606 761 praedicavit.
665 708 781 748 Adeo
812 709 924 748 nobis
955 723 1107 762 quoque
1139 712 1311 763 suppetit
1340 712 1439 751 alle·

100 767 238 817 goeica
274 764 452 804 defensio
491 767 707 817 corporalis
744 768 1056 806 resurrectionis.
1135 767 1235 806 Nam
1273 775 1316 807 et
1350 782 1436 807 cum

98 823 281 874 legimusz
306 823 471 874 populns
484 834 603 869 meus,
630 824 789 862 introite
816 825 853 861 in
880 824 1001 862 cellas
1025 837 1180 876 promas
1201 826 1435 877 quantulum,

98 878 227 919 donee
250 881 311 918 ira
334 893 420 918 mea
445 880 741 932 praetereat‚⁴)
767 881 946 933 sepulcra
971 889 1086 920 erunt
1110 884 1234 922 cellae
1260 897 1435 936 promae,

98 938 139 976 in
163 937 300 990 quibus
323 938 521 990 paulisper
545 939 794 990 requiescere
820 938 1029 987 habebunt,
1057 942 1120 992 qui
1145 942 1184 979 in
1210 941 1349 980 linibus
1374 953 1436 980 se-

99 995 176 1035 enli
207 995 277 1034 sub
315 995 448 1034 ultima
478 996 536 1034 ira
567 1009 639 1047 per
673 997 891 1035 antichristi
928 999 1002 1035 vim
1040 1000 1295 1037 excesserint.
1356 999 1437 1037 Aut

99 1050 169 1092 cu'r
198 1053 384 1092 cellarum
413 1064 632 1106 promarum
663 1054 791 1105 potius
822 1054 1012 1092 vocabulo
1044 1068 1134 1093 usus
1164 1063 1242 1102 est,
1280 1063 1322 1095 ct
1357 1069 1434 1094 non

97 1111 263 1150 alieuius
287 1110 366 1150 loci
390 1111 624 1162 receptorii,
662 1111 736 1148 nisi
769 1112 856 1162 quia
881 1112 920 1148 in
946 1112 1057 1149 cellis
1082 1114 1226 1163 promis
1251 1126 1345 1151 caro
1372 1126 1435 1150 sa-

98 1168 169 1206 lita
193 1169 278 1206 usui
302 1169 475 1219 reposita
500 1174 689 1213 servatur,
716 1166 979 1219 depromenda
1005 1169 1111 1207 illinc
1137 1183 1206 1207 sno
1232 1172 1436 1221 tempore?

98 1223 267 1263 Proinde
299 1225 399 1263 enim
432 1231 472 1262 et
502 1237 669 1276 corpora
701 1224 892 1263 medicata
925 1224 1181 1264 condimentis
1211 1227 1434 1279 sepulturae

99 1282 305 1321 mausoleis
343 1288 383 1320 et
419 1283 673 1320 monumentis
709 1289 1020 1334 sequestrantur,
1058 1297 1291 1336 processura
1327 1284 1431 1332 inde,

99 1353 184 1379 cum
209 1340 367 1378 iusserit
390 1338 578 1377 dominus.
640 1338 751 1387 Quod
778 1353 860 1378 eum
888 1341 942 1378 ita
965 1341 1132 1392 intelligi
1158 1349 1367 1393 congruat,
1393 1349 1434 1381 et

99 1409 197 1450 qnae
223 1397 324 1436 enim
355 1397 404 1435 ab
435 1397 493 1434 ira
525 1396 589 1435 dei
620 1397 866 1435 cellariorum
903 1411 975 1436 nos
1011 1399 1163 1450 refugia
1200 1399 1434 1438 servabunt?

97 1455 174 1494 lioc
199 1455 283 1507 ipso
309 1453 412 1506 quod
442 1455 515 1492 ait:
554 1453 682 1493 donec
711 1455 770 1492 ira
800 1462 1043 1506 praetereat,
1082 1469 1179 1508 qnae
1211 1457 1435 1508 exstinguet

97 1512 383 1558 antichristum,
427 1518 516 1563 post
546 1513 641 1550 iram
673 1511 844 1550 ostendit
879 1525 1148 1565 processuram
1187 1526 1344 1553 carnem
1383 1513 1432 1553 de

97 1569 298 1622 sepulcro,
336 1570 373 1607 in
406 1582 480 1621 quo
514 1576 603 1608 ante
635 1570 730 1608 iram
761 1570 879 1608 fuerit
903 1571 1023 1609 illata.
1084 1570 1183 1610 Na·
1210 1579 1250 1610 et
1275 1571 1323 1610 de
1351 1572 1432 1611 cel-

98 1627 206 1667 lariis
231 1639 308 1666 non
333 1626 439 1666 aliud
464 1626 645 1674 effertur,
678 1641 790 1679 quam
816 1626 918 1678 qnod
943 1629 1126 1675 infertur,
1154 1635 1195 1666 et
1218 1636 1309 1680 post
1331 1631 1432 1667 anti-

99 1685 234 1724 christi
258 1683 563 1723 eradicationem
590 1684 802 1734 agitabitur
823 1685 1077 1722 resurrectio.

213 1745 284 1783 28.
334 1739 486 1778 Scimus
511 1747 637 1778 autem
664 1741 765 1779 sicut
786 1741 949 1779 vocibus
972 1742 1027 1779 ita
1052 1748 1092 1779 et
1116 1742 1231 1780 relms
1261 1743 1432 1794 prophe-

99 1805 232 1837 tatum.
291 1797 385 1835 Tam
412 1796 527 1834 dictis
554 1809 663 1847 quam
690 1804 730 1835 et
753 1797 868 1836 factis
893 1797 1145 1849 praedicatur
1175 1801 1429 1846 resurrectio,

100 1867 186 1895 eum
215 1854 374 1907 Moyses
388 1854 426 1902 ⁵)
458 1865 606 1891 manum
639 1854 678 1891 in
709 1854 829 1892 sinum
862 1853 996 1893 condit
1025 1862 1066 1894 et
1096 1863 1311 1895 emortuam.
1338 1870 1431 1909 pro·-

98 1914 196 1960 l'ert,
233 1919 276 1952 et
298 1923 429 1950 rursus
455 1912 621 1949 insinuat
645 1917 687 1949 et
708 1910 872 1950 vividam
899 1913 1089 1964 explicat,
1125 1926 1252 1953 nonne
1277 1914 1355 1967 hoc
1380 1913 1431 1953 de

101 1974 184 2010 toto
215 1970 369 2009 homine
400 1967 615 2021 portendit,
654 1968 840 2021 siquidem
880 1971 981 2009 trina
1015 1971 1136 2009 virtus
1167 1970 1231 2010 dei
1262 1985 1335 2024 per
1363 1972 1431 2011 illa

99 2030 202 2068 trina
226 2027 388 2079 signa&
416 2025 692 2073 denotabatur,
715 2039 800 2065 eum
827 2040 896 2066 suo
922 2027 1059 2067 ordine
1085 2030 1208 2080 primo
1234 2028 1430 2069 diabolum

100 2092 320 2138 serpentem
351 2097 573 2136 quamquam
607 2083 886 2123 formidabilem
915 2085 1123 2125 subactura
1159 2087 1325 2134 homini,
1361 2086 1431 2126 de-

100 2143 190 2182 hine
222 2154 377 2182 earnem
408 2140 458 2180 de
489 2142 572 2179 sinu
603 2143 738 2180 mortis
767 2150 1003 2191 retractura,
1041 2145 1155 2196 atque
1192 2146 1246 2183 ita
1278 2157 1429 2183 omnem

102 2201 326 2251 sanguiue-
351 2206 583 2238 exsecutura
607 2198 768 2238 iudicio.
831 2200 890 2240 De
922 2214 996 2253 quo
1022 2201 1123 2254 apud
1149 2201 1311 2240 eundem
1337 2215 1430 2253 pro·

102 2258 265 2310 pheten:
293 2257 469 2308 quoniam
494 2263 536 2295 et
558 2263 738 2304 vestrum,
765 2258 887 2309 inquit
911 2257 1019 2306 deus,
1043 2260 1268 2310 sanguinem
1294 2259 1430 2310 exqui-

102 2328 183 2354 ram
210 2314 258 2353 de
285 2313 458 2352 omnihus
482 2313 635 2360 bestiis,
674 2321 716 2352 et
746 2313 794 2353 de
826 2329 939 2354 mann
970 2316 1133 2354 hominis
1165 2323 1205 2354 et
1235 2315 1282 2354 de
1315 2328 1428 2353 manu

103 2373 234 2413 fratris
259 2372 455 2423 exquiram
481 2371 627 2420 eum-⁷)
691 2370 813 2410 Porro
839 2373 933 2411 nihil
958 2373 1188 2426 exquiritur,
1228 2373 1299 2410 nisi
1325 2371 1428 2424 quod

196 2522 235 2563 1)
259 2523 314 2553 lta
324 2522 418 2563 Rig.;
442 2521 516 2553 cod.
530 2521 637 2554 Pium
659 2523 833 2561 iunube3
859 2523 965 2554 ceteri
980 2522 1056 2554 edd.
1072 2523 1115 2554 in
1132 2524 1313 2555 nube.--
1331 2522 1407 2563 Apo

105 2568 219 2608 enus,
234 2570 267 2599 ⁵.
360 2570 398 2604 2)
420 2568 541 2599 Manu.
557 2569 611 2607 22,
632 2570 673 2598 11
688 2578 738 2607 aq.
833 2567 867 2607 a)
890 2570 955 2600 ιω.
970 2570 1026 2608 58,
1039 2570 1071 2599 s.
1164 2570 1202 2610 4)
1223 2570 1289 2600 ιω,
1301 2571 1358 2611 26,
1371 2570 1426 2600 2⁰.

106 2614 143 2654 ⁵)
168 2613 280 2646 Exod.
293 2616 325 2657 4,
340 2617 358 2646 6
374 2624 423 2654 sq.
519 2615 556 2654 6)
579 2615 622 2645 ib.
637 2624 668 2645 v.
684 2616 784 2647 2—9.
880 2615 918 2655 7)
944 2615 1029 2648 Gen.
1045 2617 1077 2655 9,
1093 2617 1125 2647 5.
