1566 2808
371 211 495 243 ADV.
533 211 894 244 MARCIONEM
929 212 1106 243 LIBER
1145 213 1171 244 1.
1362 210 1430 247 51

103 300 292 360 quamdiu
307 304 522 355 quaeritur,
562 311 603 342 et
627 310 757 356 potest
782 318 858 343 non
885 317 990 352 esse,
1030 303 1208 356 quamdiu
1239 305 1428 344 incertum

101 366 174 399 est.
236 353 365 399 nabes
402 359 514 399 deum
546 368 712 407 certum,
752 375 825 414 qua
857 369 1005 409 notum,
1045 369 1084 401 et
1108 363 1316 409 incertum,
1355 375 1428 414 qua

100 418 287 469 ignotum.
349 415 392 456 Si
417 419 471 456 ita
498 425 574 465 est,
609 418 748 471 ecquid
781 420 849 458 tibi
879 419 1034 459 sidietur
1056 421 1156 458 iusta
1181 421 1333 459 ratione
1359 419 1428 459 dc-

99 473 229 525 ίῗιειιιίὶ,ι
252 481 295 513 ut
318 474 367 514 ad
394 489 565 514 normam
591 483 632 515 et
656 477 816 515 formam
843 483 888 516 et
919 478 1091 529 regulam
1118 485 1312 516 certorum
1336 491 1429 530 pro-

97 532 240 572 bentur
261 533 436 571 incerta?
484 533 664 572 Ceterum
690 535 722 572 si
748 534 795 573 ad
821 535 920 574 lianc
953 548 1124 574 caussam
1150 542 1190 573 et
1214 536 1334 587 ipsam
1359 535 1429 574 ad-

98 589 174 629 buc
198 591 389 629 incertam
416 587 530 629 etiam
557 599 785 643 argumenta
811 592 860 631 de
886 594 1046 632 incertis
1071 592 1338 640 adhibeantur,
1365 605 1428 631 se-

97 647 176 687 ries
199 648 461 700 implicabitur
486 651 748 701 quaestionum
775 663 824 689 ex
850 652 1017 702 ipsorum
1044 663 1194 701 quoque
1221 663 1426 700 argumen-

97 711 223 752 torum
249 719 371 758 aeque
398 708 633 746 incertorum
659 714 831 746 retractu
856 708 1155 759 periclitantium
1181 706 1229 745 de
1256 705 1331 744 lide
1356 719 1429 758 per

96 762 305 810 incertum,
344 770 384 802 et
412 764 533 802 ibitur
563 765 602 802 in
634 765 720 802 illas
750 766 824 802 iam
850 763 1206 802 indeterminabiles
1232 765 1426 816 quaestio—

97 831 187 867 nes,
213 831 306 871 quas
331 821 579 873 apostolus¹)
606 835 682 860 non
708 829 828 860 amat:
867 823 925 860 sin
951 821 999 860 de
1026 823 1144 860 certis
1170 829 1210 860 et
1234 821 1427 860 indubita-

95 877 147 916 tis
170 883 213 916 et
235 878 420 917 absolutis
445 880 605 930 regulae
632 880 823 931 partibus,
851 880 1010 918 incertis
1036 886 1076 917 et
1100 878 1225 917 dubiis
1251 886 1292 917 et
1316 880 1427 917 inex-

95 933 238 987 peditis
262 931 583 988 praeiudicabunt
607 938 739 990 plane,
766 938 804 975 in
831 937 966 989 quibus
990 936 1195 975 diversitas
1220 943 1343 975 status
1368 938 1427 975 in-

94 993 259 1032 venitur.
320 994 500 1033 Fortasse
538 1008 586 1033 an
618 1008 694 1033 non
725 1001 987 1046 provocentur
1022 994 1071 1032 ad
1102 995 1263 1032 formam
1297 1001 1426 1033 certo-

95 1055 197 1098 ruin,
239 1057 282 1088 ut
306 1051 469 1090 liberata
502 1066 525 1090 a
549 1053 698 1103 reliqua
725 1053 1025 1103 comparationis
1050 1053 1329 1103 provocatione
1355 1065 1427 1103 per

96 1105 360 1147 diversitatem
391 1116 512 1147 status
549 1110 787 1161 principalis.
849 1109 943 1147 Cum
974 1122 1069 1148 vero
1102 1108 1176 1147 duo
1203 1109 1255 1147 dii
1282 1122 1426 1160 propo-

97 1171 255 1212 nuntur,
294 1167 503 1204 communis
541 1173 600 1205 est
636 1167 712 1204 illis
742 1173 863 1205 status
895 1167 1132 1218 principalis.
1195 1165 1293 1213 Quid
1325 1166 1426 1203 enim

97 1220 192 1261 deus
217 1224 353 1271 est²)?
409 1222 535 1263 Ambo
567 1230 654 1261 sunt
678 1224 816 1269 innati,
849 1224 1002 1269 insecti,
1029 1223 1191 1261 aeterni.
1254 1223 1325 1261 Hic
1351 1223 1427 1260 erit

96 1285 218 1318 status
241 1281 478 1333 principalis.
525 1280 667 1319 Cetera
690 1280 832 1319 viderit
855 1280 1051 1327 Marcion,
1078 1281 1111 1318 si
1135 1281 1174 1317 in
1200 1279 1424 1318 diversitate

96 1335 296 1389 disposuit.
346 1337 571 1376 Posteriora
596 1339 695 1376 enim
722 1344 809 1375 sunt
834 1338 873 1375 in
898 1344 1128 1383 retractatu,
1155 1338 1232 1374 imo
1257 1349 1331 1375 nec
1357 1336 1426 1374 ad-

94 1394 312 1441 mittentur,
350 1396 383 1432 si
421 1394 469 1433 de
506 1395 711 1454 principali
748 1401 849 1432 statu
881 1401 1046 1432 constet.
1108 1393 1232 1431 Porro
1259 1400 1423 1439 constat,

96 1451 186 1504 quia
209 1449 264 1490 dii
287 1452 420 1498 ambo,
453 1458 493 1490 et
517 1448 572 1490 ita
597 1451 645 1490 de
673 1463 831 1503 quorum
857 1458 958 1489 statu
985 1458 1157 1498 constat,
1184 1463 1424 1489 communem

94 1516 201 1556 esse,
239 1522 324 1548 cnm
361 1509 429 1548 sub
461 1522 509 1548 eo
542 1509 590 1548 ad
621 1509 889 1562 probationem
922 1508 1180 1556 devocantur3
1216 1509 1250 1546 si
1274 1509 1425 1546 incerta

0 1562 61 1624 β
93 1573 199 1614 sunt,
219 1565 288 1605 ad
313 1580 446 1607 eorum
478 1574 673 1606 certorum
705 1567 867 1605 formam
893 1565 1142 1618 provocanda
1168 1572 1298 1612 erunt,
1338 1579 1423 1603 cum

94 1624 229 1678 quibus
253 1623 322 1664 de
329 1626 595 1667 communione
621 1632 742 1663 status
759 1622 1009 1676 principalis
1017 1630 1235 1670 censentur,
1267 1630 1308 1661 ut
1332 1636 1423 1674 pro-

91 1680 183 1721 inde
220 1689 260 1721 et
295 1681 344 1721 de
380 1682 611 1735 probatione
651 1683 945 1721 communicent.
1020 1681 1118 1720 Hinc
1162 1682 1292 1732 itaque
1330 1694 1424 1718 con-

28 1769 30 1773 .
93 1740 325 1778 stantissime
352 1739 535 1791 dirigam,
574 1739 686 1785 deum
718 1752 795 1778 non
826 1752 933 1786 esse,
972 1741 1035 1790 qui
1066 1741 1116 1777 sit
1146 1738 1262 1776 hodie
1295 1738 1423 1775 incer-

92 1798 172 1844 tus,
193 1798 282 1848 quia
306 1803 413 1834 retro
439 1798 614 1847 ignotus,
647 1796 799 1848 quando
826 1810 936 1848 quem
963 1803 1116 1834 constat
1140 1808 1245 1841 esse,
1272 1807 1325 1833 ex
1347 1795 1422 1832 hoc

93 1854 178 1910 ipso
210 1861 381 1900 constat,
421 1853 522 1906 quod
554 1867 744 1906 nunquam
774 1854 894 1892 suerit
925 1855 1099 1906 ignotus,
1137 1852 1228 1891 ideo
1260 1865 1332 1890 nec
1364 1853 1422 1889 in-

92 1918 234 1951 certus.
473 1906 480 1910 ’

209 1971 275 2010 14).4
335 1967 557 2020 Siquidem„
576 1983 600 2008 a
634 1968 846 2021 primordio
890 1981 1018 2007 rerum
1067 1967 1249 2007 conditor
1290 1980 1420 2006 earum

91 2036 177 2066 cum
201 2026 294 2079 ip'sis
318 2027 467 2078 pariter
497 2034 717 2079 compertus
749 2033 824 2071 cst,
863 2027 955 2078 ipsis
986 2025 1035 2064 ad
1060 2026 1134 2065 hoc
1160 2026 1341 2078 prolatis,
1379 2031 1422 2062 ut

17 2082 24 2086 '
89 2083 185 2124 deus
207 2087 529 2135 cognosceretur.
571 2084 657 2124 Nec
683 2085 784 2123 enim
809 2085 841 2122 si
866 2085 1062 2136 aliquanto
1087 2084 1284 2136 posterior
1306 2081 1420 2133 Moy-

89 2140 152 2181 sis
176 2143 319 2194 primus
337 2141 492 2181 videtur
515 2143 553 2181 in
581 2143 722 2194 templo
750 2142 1124 2180 literarum.suarum
1151 2141 1264 2180 deum
1289 2138 1419 2179 mundi

90 2197 315 2246 dedicasse,
347 2199 496 2238 idcirco
528 2213 551 2237 a
576 2199 841 2238 Pentateucho
873 2200 1021 2238 natales
1046 2199 1254 2250 agnitionis
1278 2210 1419 2249 suppu-

89 2255 284 2302 tabuntur,
308 2269 396 2294 cum
421 2259 525 2295 totus
549 2257 678 2310 Moysi
702 2258 812 2296 stilus
837 2258 1012 2295 notitiam
1039 2258 1231 2295 creatoris
1257 2268 1334 2292 non
1359 2254 1418 2290 in-

89 2314 239 2360 stituat,
277 2310 346 2355 sed
371 2327 394 2351 a
418 2314 628 2365 primordio
661 2322 817 2353 enarret
842 2327 864 2352 a
889 2314 1069 2366 paradiso
1096 2312 1303 2358 etAdam,
1341 2323 1417 2347 non

88 2371 143 2410 ab·
162 2370 346 2423 Aegypto
372 2378 412 2408 et
435 2371 572 2423 Moyse
598 2368 891 2410 recensendam.
946 2370 1121 2422 Denique
1148 2371 1270 2408 maior
1293 2381 1417 2420 popu-

88 2429 222 2468 laritas
252 2429 408 2480 generis
439 2428 610 2475 humani,
649 2435 696 2466 ne
728 2429 891 2466 nominis
923 2427 1075 2480 quidem
1099 2427 1227 2479 Moysi
1252 2438 1417 2477 compo-

87 2493 168 2534 tes,
198 2485 338 2525 nedum
363 2486 623 2532 instrumenti,
662 2484 774 2524 deum
797 2485 926 2537 Moysi
956 2493 1084 2524 tamen
1109 2490 1268 2532 norunt;
1300 2483 1416 2522 etiam

0 2607 11 2650 Γ
183 2613 355 2655 1)1Tim.
371 2615 403 2655 1,
416 2615 448 2645 4.
503 2615 540 2654 2)
556 2613 682 2654 Rigalt.
700 2612 820 2648 Quod
840 2612 957 2644 enim
977 2612 1184 2652 deu-eut,
1209 2611 1328 2642 ambo
1348 2611 1415 2640 etc.

0 2654 24 2808 ἓ
1066 2654 1126 2699 ⁴*
