1604 2800
343 167 418 198 DE
452 165 967 199 RESURRECTIONE
1006 169 1232 202 CARNIS.
1347 169 1448 208 113

122 261 174 299 tis
199 259 371 298 certiora
399 258 679 311 praescribant.
739 257 857 298 Nacti
888 261 988 299 enim
1020 260 1171 312 quidam
1201 261 1449 302 sollemnissi-

122 330 222 356 mam
247 316 392 369 eloquii
416 315 636 368 prophetici
659 317 839 362 formam,
877 317 1082 368 allegorici
1112 325 1153 357 et
1184 319 1335 369 figurati
1366 321 1450 372 ple-

122 386 294 426 rumque,
321 386 398 412 non
422 379 550 411 tamen
569 386 733 426 semper,
760 375 1084 413 resurrectionem
1106 389 1256 427 quoque
1278 383 1450 415 mortuo-

122 444 207 470 rum
243 430 443 469 manifeste
474 429 733 470 adnuntiatam
764 431 803 468 in
833 432 1097 482 imaginariam
1128 433 1449 484 significationem

124 487 378 539 distorquent,
399 486 674 526 adseverantes
693 489 813 540 ipsam
834 489 948 526 etiam
970 496 1131 527 mortem
1152 491 1380 541 spiritaliter
1390 492 1450 529 in-

123 543 386 596 telligendam.
412 543 502 582 Non
522 545 622 583 enim
643 545 741 583 hanc
762 558 847 584 esse
866 546 906 583 in
924 559 1032 592 vero,
1062 559 1158 598 quae
1179 548 1229 585 sit
1248 549 1287 585 in
1306 547 1449 595 medio,

122 600 320 641 dissidium
358 603 485 640 carnis
522 608 637 653 atque
674 603 842 649 animae,
885 602 953 641 sed
978 604 1234 654 ignorantiam
1259 603 1343 652 dei,
1380 618 1452 657 per

124 672 236 712 quam
278 659 393 698 bomo
437 665 607 698 mortuus
651 658 725 698 deo
763 673 840 697 non
877 661 1000 698 minus
1036 662 1075 699 in
1112 674 1248 699 errore
1285 663 1452 700 iacuerit

124 729 236 768 quam
272 717 312 755 iu
348 716 547 767 sepulcro.
608 715 742 768 Itaque
779 724 820 755 et
850 719 1175 756 resurrectionem
1207 730 1292 756 eam
1327 717 1451 756 vindi-

123 772 304 819 candam,
343 786 417 824 qua
448 773 531 823 quis
562 771 667 811 adita
681 775 718 821 ¹)
745 774 909 811 veritate
934 772 1194 812 redanimatus
1220 781 1261 812 et
1284 775 1453 813 revivifi-

69 860 85 863 -
122 836 232 869 catus
263 828 359 875 deo,
396 830 640 879 ignorantiae
672 836 796 868 morte
828 829 1022 877 discussa,
1061 831 1167 869 velut
1198 829 1246 869 de
1271 832 1451 883 sepulcro

118 887 265 927 veteris
288 886 453 924 hominis
477 887 668 938 eruperit,
708 887 796 938 quia
821 894 861 925 et
886 886 1060 926 dominus
1085 887 1233 927 scribas
1257 895 1298 926 et
1322 889 1453 940 phari-

120 956 235 983 saeos
271 943 459 995 sepulcris
496 942 686 982 dealbatis
723 943 1009 996 adaequaverit.
1070 944 1221 984 Exinde
1259 958 1355 997 ergo
1387 959 1452 985 re-

121 1002 401 1041 surrectionem
428 999 503 1038 fide
531 1008 762 1039 consecutos
794 1014 880 1040 cum
912 1001 1066 1040 domino
1098 1014 1204 1048 esse,
1243 1015 1327 1040 cum
1366 1016 1453 1041 eum

120 1059 163 1098 iu
198 1058 428 1110 baptismate
460 1057 668 1096 induerint.
741 1056 824 1096 Hoc
863 1058 1027 1110 denique
1065 1060 1222 1110 iugenio
1259 1060 1375 1097 etiam
1412 1061 1453 1097 in

123 1115 329 1167 colloquiis
353 1127 470 1166 saepe
496 1122 651 1153 nostros
676 1113 860 1166 decipere
887 1123 1138 1161 consuerunt,
1177 1117 1285 1166 quasi
1315 1123 1356 1154 et
1379 1117 1453 1167 ipsi

122 1173 452 1211 resurrectionem
478 1173 606 1209 carnis
630 1170 845 1209 admittant.
907 1171 1010 1218 Vae,
1049 1172 1242 1223 inquiunt,
1281 1173 1342 1223 qui
1376 1186 1453 1210 non

122 1229 164 1267 in
188 1228 263 1267 bac
288 1240 406 1267 carne
431 1229 711 1275 resurrexerit3
738 1241 786 1266 ne
812 1229 937 1266 statim
964 1229 1050 1267 illos
1075 1230 1306 1280 percutiant,
1333 1230 1365 1267 si
1390 1241 1454 1268 re-

88 1290 94 1293 ’
124 1286 405 1324 surrectionem
442 1286 569 1323 statim
607 1285 822 1324 abnuerint.
894 1285 1030 1324 Tacite
1074 1292 1201 1324 autem
1243 1284 1453 1324 secundum

125 1343 404 1382 conscientiam
442 1354 546 1380 suam
583 1341 658 1380 hoc
694 1343 878 1380 sentiunt.
937 1342 1041 1389 Vae,
1073 1343 1136 1394 qui
1167 1355 1264 1389 non,
1302 1341 1389 1380 dum
1415 1343 1455 1380 in

124 1399 199 1439 bac
224 1411 342 1437 carne
367 1405 445 1445 est,
483 1396 713 1449 cognoverit
743 1412 887 1437 arcana
912 1399 1129 1446 haeretica3
1167 1399 1242 1437 boe
1269 1405 1329 1437 est
1352 1400 1454 1437 enim

49 1502 65 1510 -
124 1455 227 1509 apud
250 1456 339 1494 illos
363 1456 614 1494 resurrectio.
676 1454 755 1494 Sed
781 1462 822 1494 et
845 1456 1018 1508 plerique
1043 1455 1091 1495 ab
1117 1467 1280 1494 excessu
1305 1457 1454 1494 animae

125 1514 452 1553 resurrectionem
477 1511 736 1559 vindicantes,
776 1512 824 1551 de
857 1513 1036 1565 sepulcro
1067 1514 1197 1560 exire,
1235 1512 1284 1551 de
1321 1512 1455 1552 seculo

125 1569 293 1610 evadere
318 1571 641 1622 interpretantur,
681 1571 768 1622 quia
794 1577 834 1609 et
858 1571 1028 1609 seculum
1052 1577 1288 1608 mortuorum
1314 1571 1364 1608 sit
1386 1570 1456 1609 ha-

125 1627 349 1674 bitaculum,
375 1626 415 1665 id
440 1634 500 1666 est
524 1628 781 1677 ignorantium
802 1626 927 1673 deum,
952 1628 1015 1665 vel
1040 1628 1155 1665 etiam
1181 1626 1229 1664 de
1255 1627 1339 1678 ipso
1366 1639 1456 1665 cor-

124 1697 243 1737 pore,
282 1685 371 1736 quia
401 1691 443 1722 et
472 1697 613 1735 corpus
636 1684 723 1722 vice
749 1684 918 1734 sepulcri
949 1683 1169 1722 conclusam
1194 1684 1377 1729 animam,
1415 1683 1455 1720 in

126 1741 314 1780 secularis
336 1741 440 1778 vitae
465 1746 589 1777 morte
615 1739 799 1777 detineat.

241 1799 313 1839 20.
363 1795 420 1833 Ob
458 1795 673 1833 huiusmodi
709 1797 828 1846 igitur
864 1797 1109 1835 coniecturas
1145 1797 1304 1848 primam
1341 1808 1456 1848 prae·

129 1854 383 1894 structionem
409 1865 542 1890 eorum
574 1851 782 1903 depellam,
821 1866 894 1904 qua
923 1853 1058 1892 volunt
1088 1854 1216 1892 omnia
1245 1853 1457 1905 propbetas

126 1923 201 1965 per
223 1910 412 1961 imagines
443 1910 714 1955 concionatos,
753 1909 922 1961 quando,
960 1911 993 1949 si
1023 1910 1080 1949 ita
1109 1917 1230 1957 esset,
1268 1923 1317 1948 ne
1348 1911 1456 1961 ipsae

129 1966 283 2021 quidem
319 1967 507 2017 imagines
543 1965 724 2017 distingui
760 1968 992 2018 potuissent,
1031 1968 1064 2005 si
1095 1981 1171 2006 non
1202 1973 1243 2006 et
1270 1968 1457 2006 veritates

127 2023 381 2078 praedicatae
406 2023 580 2069 fuissent,
607 2036 656 2061 ex
681 2024 814 2074 quibus
839 2024 1026 2075 imagines
1051 2023 1353 2063 delinearentnr.
1384 2022 1458 2062 At-

131 2077 206 2134 qn‘e
231 2080 331 2120 adeo
356 2082 389 2119 si
415 2081 540 2118 omnia
566 2079 730 2130 figurae,
770 2081 859 2133 quid
890 2082 966 2119 erit
994 2080 1107 2128 illud,
1146 2082 1252 2120 cuius
1285 2081 1458 2132 figurae?

132 2137 326 2191 quomodo
351 2138 546 2189 speculum
573 2136 773 2185 obtendes,
798 2139 832 2177 si
857 2151 1039 2190 nusquam
1064 2145 1124 2177 est
1148 2138 1296 2177 facies?
1341 2136 1456 2176 Adeo

131 2202 260 2234 autem
297 2207 375 2233 nou
411 2194 538 2232 omnia
574 2194 779 2245 imagines,
816 2194 885 2234 sed
915 2202 956 2234 et
978 2196 1182 2241 veritates,
1220 2207 1293 2233 nec
1330 2194 1457 2232 omnia

131 2251 310 2297 umbrae,
348 2249 417 2288 sed
443 2257 482 2288 et
507 2260 693 2302 corpora,
730 2258 772 2289 ut
795 2252 834 2289 in
858 2252 1155 2304 ipsumquoque
1181 2250 1372 2289 dominum
1398 2251 1458 2287 in-

133 2309 307 2360 signiora
350 2320 524 2359 quaeque
567 2308 654 2345 luce
697 2308 840 2346 clarius
876 2308 1210 2360 praedicarentur.
1281 2306 1380 2345 Nam
1418 2313 1459 2344 et

133 2367 244 2418 virgo
270 2365 451 2415 concepit
474 2368 514 2403 in
546 2371 657 2403 utero
689 2378 765 2402 non
796 2365 979 2416 figurate,
1017 2373 1057 2405 et
1086 2365 1238 2417 peperit
1266 2362 1458 2402 Emauue-

227 2546 268 2590 1)
293 2546 402 2578 Rhen.
426 2546 477 2577 ed.
498 2547 523 2578 1.
548 2546 694 2577 addita
719 2546 917 2578 veritate.
965 2547 1018 2581 Cf.
1044 2556 1073 2578 c.
1094 2547 1126 2577 2.

194 2605 394 2637 maran.
420 2605 477 2636 lv.
1145 2595 1171 2633 8
