1566 2808
151 192 251 231 142
409 195 1216 230 ADV.MAR010NEMLIBER111.

154 296 279 327 tamen
312 288 418 327 vicit.
468 287 687 336 Erubesce,
729 290 791 342 qui
822 290 925 329 victo
958 288 1032 327 deo
1059 287 1198 327 credis.
1262 285 1360 336 Quid
1385 299 1472 340 spe-

152 346 255 383 rabis
288 345 339 389 ab
370 358 436 394 eo,
476 347 537 398 qui
564 359 605 384 se
637 354 846 399 pnotegere
878 361 953 385 non
977 347 1122 385 valuit?
1173 343 1253 384 Ant
1277 345 1375 383 enim
1402 357 1474 397 per

152 402 410 441 infirmitatem
446 417 652 455 oppressus
684 412 743 442 est
773 417 796 442 a
825 405 1028 443 virtutibus
1054 411 1094 442 et
1118 402 1334 442 hominibus
1361 414 1472 441 crea-

153 461 268 507 ioris,
307 467 372 498 aut
402 474 474 512 per
504 462 825 509 malitiositatem,
859 469 902 500 ut
933 469 1076 500 tantum
1107 461 1182 499 illis
1214 460 1375 499 sceleris
1405 464 1473 511 pa-'

151 518 287 556 tientia
313 518 504 569 infigeret.

268 578 335 617 24.
388 575 481 623 Im0,
509 577 650 628 inquis,
683 590 796 628 spero
824 577 870 615 ab
897 577 982 623 illo,
1018 574 1119 627 quod
1145 582 1185 614 et
1210 576 1329 626 ipsum
1355 574 1475 612 faciat

152 631 199 670 ad
233 634 489 671 testimonium
523 633 774 681 diversitatis,
808 647 966 686 regnum
1001 633 1060 672 dei
1094 640 1277 671 aeternae
1310 638 1350 670 et
1381 643 1474 670 coe-

153 690 259 728 lestis
286 692 554 741 possessionis.
618 691 796 730 Ceterum
823 700 953 730 vester
972 691 1146 730 Christus
1171 690 1369 742 pristinum
1397 695 1474 727 sta—

152 754 229 784 tum
257 746 408 786 Iudaeis
439 749 648 800 pollicetur
680 763 728 787 ex
759 750 1003 787 restitutione
1035 755 1185 794 terrae,
1219 754 1258 786 et
1287 745 1474 799 post·de-

154 818 303 843 cursum
334 806 436 843 vitae
475 806 572 857 apud
612 807 756 844 inferos
795 807 831 844 in
871 807 953 844 sinu
985 804 1166 844 Abrahae
1212 804 1471 855 refrigerium.

152 862 274 900 Deum
301 864 500 914 optimum!
541 864 570 901 si
598 863 726 902 ieddit
750 864 941 915 placatus,
970 862 1069 920 quod
1097 870 1136 901 et
1160 862 1373 900 abstulerat
1396 861 1473 899 ira-

151 927 223 957 tus.
283 919 316 958 O
345 919 454 965 deum
482 927 596 967 tuum,
626 922 687 973 qui
714 929 752 959 et
779 921 907 959 caedit
933 928 972 958 et
997 927 1124 966 sanat,
1153 918 1286 957 condit
1310 918 1409 956 mala
1434 925 1475 956 et

151 977 247 1015 facit
270 978 424 1029 pacem!
454 977 610 1016 Odeum
638 979 751 1016 etiam
778 978 823 1016 ad
851 980 996 1016 inferos
1021 990 1140 1029 usque
1161 974 1470 1025 misericordem!

153 1033 228 1072 Sed
264 1034 311 1073 de
344 1036 427 1073 sinu
458 1033 638 1074 Abrahae
671 1049 738 1074 suo
771 1043 958 1088 tempore.
1021 1035 1077 1073 De
1109 1035 1352 1073 restitutione
1377 1028 1472 1072 v'ero

153 1091 336 1138 Iudaeae,
376 1105 485 1143 quam
512 1099 551 1131 et
575 1094 647 1144 ipsi
674 1092 804 1131 Iudaei
831 1095 902 1139 ita,
941 1100 981 1132 ut
1013 1092 1262 1138 describitur,
1301 1098 1471 1143 sperant,

152 1149 325 1188 locorum
358 1156 398 1187 et
427 1150 626 1200 regionum
661 1151 877 1189 nominibus
903 1151 1067 1197 inducti,
1107 1148 1298 1202 quomodo
1325 1149 1474 1200 allego-

152 1207 238 1245 rica
259 1207 529 1260 interpretatio
563 1207 819 1246 in'Christum
853 1215 892 1246 et
922 1209 961 1246 in
994 1202 1200 1246 eeclesiam
1232 1213 1272 1246 et
1301 1206 1472 1246 habitum

151 1270 191 1302 et
215 1264 378 1302 fructum
397 1266 488 1303 eius
514 1266 741 1317 spiritaliter
767 1273 980 1318 competat,
1009 1272 1056 1303 et
1075 1266 1228 1316 longum
1256 1271 1315 1303 est
1339 1276 1473 1316 perse⁶

153 1322 214 1372 qui
242 1329 281 1359 et
305 1323 343 1360 in
370 1322 446 1360 alio
474 1336 592 1374 opere
621 1322 828 1374 digestum,
864 1323 964 1376 quod
985 1323 1251 1361 inscribimus
1260 1321 1350 1361 des
1380 1334 1401 1360 e
1427 1321 1472 1360 fi-

151 1378 310 1425 delium,
350 1386 389 1417 et
420 1381 458 1417 in
483 1383 678 1431 praesenti
704 1382 764 1419 vel
791 1394 838 1419 eo
866 1383 1047 1427 otiosum,
1086 1378 1174 1432 'quia
1206 1393 1282 1418 non
1340 1392 1361 1418 e
1393 1386 1473 1418 ter-

150 1449 263 1482 lena,
288 1436 368 1475 sed
406 1436 456 1489 de
495 1438 657 1476 coelesti
683 1440 936 1489 pioniissione
974 1439 1038 1476 sit
1060 1436 1246 1491 quaestio.
1286 1436 1406 1475 Nam
1432 1443 1473 1474 et

151 1493 380 1532 eonfitemur
400 1495 447 1540 jn
479 1495 725 1533 terra‘nobis
757 1504 915 1546 regnum
948 1496 1240 1547 repromissum,
1279 1493 1348 1533 sed
1380 1501 1470 1532 ante

150 1551 312 1598 coelum,
340 1550 407 1590 sed
434 1552 510 1594 alio
536 1559 662 1599 statu,
681 1556 813 1605 utpote
840 1553 1277 1605 postresurrectionem
1302 1553 1341 1590 in
1367 1551 1470 1590 mille

149 1622 272 1651 annos
308 1610 345 1647 in
386 1610 540 1648 civitate
580 1609 696 1648 divini
735 1612 871 1662 operis,
896 1605 1135 1656 Hierusalem
1176 1609 1304 1649 coele*
1327 1608 1468 1655 delata,

149 1679 257 1717 quam
296 1673 335 1705 et
371 1668 568 1718 apostolus
607 1675 790 1706 matrem
804 1675 971 1708 nostram
1010 1671 1155 1709 'sursum
1192 1666 1383 1718 designat,
1429 1673 1470 1705 et

146 1721 358 1775 ποὶίτευμα
389 1731 577 1771 nostrum,
617 1725 655 1762 id
693 1732 752 1764 est
776 1727 1066 1777 municipatum,
1104 1727 1141 1763 in
1183 1725 1304 1764 coelis
1330 1727 1416 1763 ess'e
1430 1725 1469 1773 ¹)

146 1782 415 1833 pronuntians,
459 1783 574 1820 alicui
612 1783 742 1834 utique
782 1784 945 1822 coelesti
974 1783 1130 1821 civitati
1175 1795 1259 1821 eum
1298 1776 1467 1834 deputat.

148 1838 254 1876 Hanc
293 1845 332 1877 et
357 1837 594 1889 Ezeeliiel2)
633 1842 756 1888 novit,
796 1848 836 1879 et
871 1841 1069 1893 apostolus
1107 1839 1322 1890 Ioannes3)
1359 1839 1467 1878 vidit.

145 1895 196 1933 Et
233 1897 295 1946 qui
333 1897 430 1949 apud
460 1897 583 1936 -fidem
609 1905 778 1937 nostram
816 1900 875 1938 est
907 1907 1030 1937 novae
1065 1898 1293 1951 prophetiae
1325 1893 1467 1944 sermo,

146 1959 327 2018 testatur,
354 1961 396 1992 ut
420 1956 534 1994 etiam
561 1955 723 2007 effigiem
752 1958 917 2015 civitatis
949 1963 1037 1994 ante
1069 1956 1467 2009 repraesentationem

146 2011 227 2048 eius
254 2013 479 2062 conspectui
505 2014 668 2052 futuram
695 2015 732 2052 in
760 2016 906 2066 signum
938 2013 1188 2066 praedicarit.
1238 2011 1413 2064 Denique
1426 2011 1467 2064 4)

145 2075 375 2134 expunctum
413 2076 472 2107 est
499 2069 687 2109 Orientali
725 2072 988 2123 expeditione.
1052 2071 1213 2109 Constat
1248 2071 1348 2115 enim
1381 2069 1467 2108 eth-

143 2126 240 2163 nicis
267 2138 417 2177 quoque
444 2126 624 2174 testibus,
657 2129 695 2166 in
722 2129 865 2167 Iudaea
896 2142 968 2181 per
991 2128 1080 2166 dies
1106 2121 1360 2180 quadraginta
1385 2140 1465 2166 ma-

144 2183 273 2221 tutinis
299 2185 501 2222 momentis
527 2185 722 2224 civitatem
748 2185 795 2225 de
823 2187 934 2225 coelo
961 2184 1204 2238 pependisse,
1228 2186 1333 2224 omni
1359 2197 1465 2224 moe-

143 2241 290 2278 niorum
326 2241 458 2280 habitu
479 2250 754 2282 ⁴vevanescente
793 2243 840 2282 de
872 2244 1048 2296 profectu
1077 2242 1173 2295 diei,
1212 2249 1252 2282 et
1288 2243 1384 2281 alias
1415 2226 1464 2282 de

140 2299 316 2348 proximo
349 2299 502 2344 nullam.
565 2299 673 2340 Hanc
712 2300 872 2340 dicimus
904 2300 1144 2353 excipiendis
1174 2300 1461 2354 resurrectione

141 2357 283 2394 sanetis
304 2363 361 2395 .et
396 2356 618 2396 refovendis
654 2359 818 2397 omnium
850 2359 1036 2398 honorum
1063 2359 1200 2411 'utique
1236 2357 1460 2411 spiritalium

142 2414 252 2463 copia
285 2414 322 2451 in
357 2416 708 2467 compensationem
742 2429 892 2463 eorum,
931 2429 1029 2469 quae
1067 2417 1105 2454 in
1136 2413 1360 2455 seculo-vel
1393 2412 1462 2453 de-

231 2550 267 2588 1)
296 2552 477 2592 Philippa,
493 2555 548 2587 20
621 2557 657 2595 2)
684 2555 810 2585 Ezccu.
825 2556 881 2594 48,
897 2555 939 2585 30
955 2564 1026 2593 sqq
1097 2553 1134 2594 8)
1154 2536 1265 2593 Ἀροο.
1281 2553 1458 2594 21,2=qq.

139 2593 176 2637 4)
203 2596 329 2627 Pamel
343 2601 376 2628 et
392 2600 465 2635 Rig.
491 2600 683 2639 Denique
709 2602 902 2640 proxime
928 2609 1020 2639 exp.
