1604 2800
153 174 259 214 284
598 169 724 204 Anv.
758 166 1054 201 PRAXEAN.

153 269 218 308 dei
243 268 350 314 deus,
378 266 466 318 quia
491 277 541 303 ex
566 263 654 311 deo,
681 277 758 301 non
784 269 911 300 tamen
935 263 1032 314 ipse,
1060 272 1110 298 ex
1130 271 1204 312 quo
1231 264 1302 298 est.
1343 256 1488 308 Quodsi

153 326 247 365 deus
274 324 355 372 dei,
388 330 567 376 tanquam
593 320 830 361 substantiva
855 332 932 367 res,
964 331 1041 357 non
1067 318 1143 356 erit
1167 318 1248 371 ipse
1275 314 1388 365 deus,
1419 316 1489 357 sed

150 385 338 423 hactenus
375 379 489 429 deus,
528 381 615 433 quia
646 392 696 419 ex
725 378 843 431 ipsius
873 376 936 416 dei
968 376 1199 424 substantia,
1231 387 1311 428 qua
1336 381 1376 414 et
1400 374 1490 414 sub-

151 442 317 480 stantiva
353 452 417 479 res
455 445 532 486 est,
571 445 611 478 et
641 445 683 477 ut
712 436 843 490 portio
874 435 1002 488 aliqua
1027 434 1159 475 totius.
1211 431 1343 472 <Multo
1368 434 1490 485 magis

149 500 270 538 virtus
295 498 470 537 altissimi
496 510 573 535 non
599 497 675 535 erit
699 496 782 548 ipse
808 494 1025 540 altissimus,
1053 492 1142 544 quia
1159 504 1234 530 nec
1254 490 1492 530 substantiva

150 570 214 596 res
240 563 318 603 est,
357 554 460 609 quod
486 561 547 594 est
571 555 746 607 spiritus,
785 553 885 591 sicut
909 564 981 590 nec
1008 549 1218 603 sapientia,
1256 561 1330 588 nec
1360 549 1492 601 provi-

151 614 303 662 dentia3
343 621 383 652 et
408 614 505 652 haec
531 613 633 651 enim
659 611 895 650 substantiae
921 622 999 647 non
1024 614 1131 655 sunt,
1170 605 1240 646 sed
1271 605 1494 645 accidentia

149 673 446 723 uniuscuiusque
474 670 725 709 substantiae.
784 667 919 707 Virtus
945 666 1096 719 spiritui
1120 663 1281 712 accidit,
1309 676 1383 703 nec
1408 663 1494 717 ipsa

151 731 227 769 erit
250 730 419 781 spiritus.
482 728 550 766 His
581 729 710 780 itaque
749 725 882 773 rebus,
904 723 1175 777 ‘quodcunque
1215 728 1320 770 sunt,
1359 722 1495 774 spiritu

152 786 216 825 ‹lei
242 794 282 824 et
306 798 483 825 sermone
511 792 551 824 et
573 787 729 832 virtute,
763 783 915 822 collatis
946 783 985 821 in
1009 782 1211 833 virginem,
1244 778 1347 833 quod
1373 777 1422 819 de
1447 791 1495 818 ea

152 843 343 889 nascitur,
382 843 482 880 filius
512 841 577 880 dei
608 849 679 880 est.
754 840 838 879 Hoc
865 853 906 878 se
933 846 974 878 et
998 841 1037 877 in
1063 840 1147 877 istis
1173 837 1386 890 evangeliis
1410 837 1494 889 ipse

152 907 319 939 testatur
343 900 471 938 statim
497 912 520 937 a
544 893 680 951 puero.
742 896 832 935 Non
858 897 980 943 scitis,
1012 897 1146 947 inquit,
1180 893 1283 947 quod
1307 895 1347 932 in
1371 894 1494 946 patris

152 959 229 996 mei
255 970 314 996 me
341 970 426 996 esse
454 954 684 1008 oportet?¹)
747 954 831 993 Hoc
863 961 904 993 et
934 960 1088 992 satanas
1119 965 1205 991 eum
1236 953 1276 990 in
1310 953 1496 990 tentatio-

153 1015 265 1054 nibus
302 1016 430 1053 novit:
471 1014 503 1052 si
534 1013 633 1051 filius
665 1011 727 1051 dei
759 1011 866 1059 esst)
941 1010 1025 1048 Hoc
1053 1017 1092 1048 et
1118 1008 1259 1048 exinde
1292 1007 1496 1047 daemonia

155 1072 409 1111 confitentum
449 1072 607 1118 scimus,
648 1070 711 1122 qui
737 1070 807 1116 sis,
846 1068 944 1106 filius
976 1066 1106 1118 dei.³)
1168 1065 1322 1105 Patrem
1349 1066 1496 1119 etipse

154 1129 304 1168 adorat.
320 1128 359 1182 ⁴)
422 1128 616 1178 Christum
647 1140 688 1166 se
721 1126 784 1165 dei
809 1139 831 1165 a
856 1124 974 1164 Petro
1001 1125 1171 1177 agnitum
1203 1137 1280 1163 non
1310 1130 1440 1176 negat.
1456 1125 1496 1174 5)

154 1187 345 1227 Insultans
370 1187 409 1224 in
435 1187 570 1238 spiritu
596 1184 645 1224 ad
671 1192 839 1238 patrem:
876 1182 1080 1230 confiteor,
1112 1183 1247 1234 inquit,
1273 1181 1344 1221 tihi
1369 1188 1495 1234 pater,

156 1244 258 1298 quod
284 1244 536 1284 absconderis
561 1244 659 1283 haec
680 1257 702 1283 a
722 1241 971 1295 sapientibus.
986 1241 1023 1290 6)
1069 1240 1141 1279 Hic
1167 1253 1319 1292 quoque
1346 1246 1497 1292 patrem

156 1303 299 1342 nemini
314 1310 456 1350 notum,
484 1302 557 1340 nisi
578 1302 670 1349 filio,
697 1300 870 1347 affirmat,
897 1306 937 1338 et
956 1299 1077 1351 patris
1097 1298 1213 1342 filium
1229 1297 1496 1336 confessurum

158 1361 404 1399 confessores
436 1367 475 1398 et
506 1367 732 1411 negaturum
770 1364 978 1410 negatores
1016 1369 1106 1395 suos
1143 1353 1244 1408 apud
1280 1355 1497 1408 patrem,‘¹)

156 1417 344 1456 inducens
376 1417 599 1468 parabolam
633 1417 719 1463 filii,
751 1429 827 1454 non
859 1415 997 1467 patris,
1031 1415 1069 1452 in
1100 1414 1248 1453 vineam
1281 1413 1386 1452 missi
1409 1417 1500 1465 post

158 1474 305 1525 aliquot
329 1486 462 1511 servos
489 1481 528 1511 et
553 1474 674 1511 occisi
695 1486 718 1510 a
736 1473 846 1510 malis
871 1472 1025 1510 rusticis
1045 1478 1086 1510 et
1104 1485 1126 1510 a
1145 1478 1258 1523 patre
1285 1469 1496 1518 defensi,⁸)

157 1531 343 1581 ignorans
363 1537 402 1568 et
428 1531 509 1581 ipse
536 1529 636 1567 diem
663 1536 703 1567 et
727 1529 861 1566 horam
885 1529 1054 1566 ultimam
1082 1529 1153 1565 soli
1179 1529 1280 1579 patri
1306 1526 1498 1579 notam,⁹)

159 1587 367 1639 disponens
399 1600 558 1638 regnum
591 1585 807 1638 discipulis,
847 1597 921 1637 quo
954 1583 1068 1622 modo
1096 1591 1136 1622 et
1167 1584 1241 1622 sibi
1273 1583 1498 1635 dispositum

158 1643 254 1683 dicit
283 1658 306 1683 a
336 1651 466 1696 patre,
487 1642 556 1696 ¹⁰)
588 1643 738 1690 ¹hahens
781 1648 1014 1695 potestatem
1058 1641 1235 1692 legiones
1272 1641 1498 1692 angelorum

156 1701 377 1754 postulandi
414 1701 463 1740 ad
500 1702 681 1739 auxilium
713 1713 735 1738 a
759 1706 890 1752 patre,
929 1699 962 1737 si
997 1698 1135 1744 vellet,
1156 1698 1225 1749 11)
1263 1698 1498 1748 exclamans,

158 1758 260 1812 quod
297 1772 338 1798 se
377 1758 471 1798 deus
507 1759 745 1811 reliquisset,
767 1754 838 1813 ¹²)
882 1757 922 1795 in
958 1756 1079 1809 patris
1115 1754 1288 1794 manibus
1325 1755 1499 1808 spiritum

156 1818 405 1869 ponens‚²3)
439 1824 479 1856 et
509 1824 597 1869 post
628 1816 956 1855 resurrectionem
994 1811 1188 1866 spondens
1225 1813 1424 1852 missurum
1455 1825 1498 1852 se

158 1873 356 1927 discipulis
395 1876 690 1927 promissionem
727 1870 952 1926 patris,14)
990 1878 1030 1910 et
1060 1871 1265 1910 novissime
1297 1868 1495 1917 mandans,

156 1940 198 1970 ut
222 1933 446 1984 tinguerent
475 1933 514 1971 in
545 1939 694 1984 patrem
725 1938 765 1970 et
795 1931 912 1969 filium
943 1936 983 1968 et
1013 1929 1186 1982 spiritum
1219 1928 1495 1978 sanctum,1⁵)

157 2002 233 2027 non
258 1991 298 2028 in
323 2004 448 2029 unum.
509 1989 609 2029 Nam
635 2002 707 2028 nec
733 1988 866 2036 semel,
898 1985 967 2026 sed
992 1993 1066 2035 ter,
1093 1984 1143 2026 ad
1167 1986 1318 2038 singula
1342 1985 1496 2024 nomina

156 2047 195 2085 in
220 2060 406 2099 personas
432 2048 600 2099 singulas
626 2048 845 2098 tinguimug.
1324 2080 1327 2083 .

272 2108 340 2147 27.
402 2105 453 2143 Et
483 2105 573 2158 quid
605 2118 679 2156 ego
712 2106 750 2142 in
782 2111 859 2142 tam
895 2102 1109 2142 manifestis
1145 2114 1295 2148 moror,
1336 2113 1421 2139 cum
1446 2111 1519 2146 ea,

157 2161 321 2213 aggredi
346 2161 527 2210 debeam,
561 2162 608 2201 de
635 2162 771 2214 quibus
795 2161 999 2200 manifesta
1023 2159 1254 2198 obumbrare
1282 2158 1496 2211 quaerunt?

159 2218 333 2272 Undique
359 2221 459 2259 enim
485 2219 645 2259 obducti
671 2219 919 2258 distinctione
945 2218 1066 2270 patris
1091 2224 1133 2256 et
1157 2217 1245 2264 filii,
1278 2228 1388 2268 quam
1413 2227 1495 2253 ma-

157 2284 274 2315 nente
300 2279 573 2317 coniunctione
600 2277 847 2330 disponimus,
873 2283 916 2315 ut
939 2275 1032 2314 solis
1057 2282 1098 2314 et
1122 2273 1222 2313 radii
1247 2280 1288 2313 et
1310 2273 1430 2312 fontis
1454 2277 1495 2310 et

253 2390 287 2430 1)
299 2393 383 2423 Luc.
399 2395 429 2433 2,
444 2395 497 2423 49.
594 2390 632 2434 2)
645 2392 768 2423 Matth.
783 2393 816 2430 4,
834 2393 867 2425 3.
882 2393 914 2421 6.
1010 2388 1050 2433 3)
1062 2392 1172 2422 Marc.
1187 2391 1220 2430 1,
1234 2389 1290 2419 24.
1321 2387 1446 2419 Matth.
1460 2388 1492 2427 8,

160 2438 215 2468 29.
287 2438 323 2477 4)
343 2439 464 2468 Matth.
485 2441 517 2479 6,
538 2441 557 2469 6
573 2448 645 2477 sqq.
732 2435 770 2481 5)
791 2437 915 2467 Matth.
935 2439 989 2477 16,
1009 2438 1064 2467 17.
1150 2435 1187 2475 6)
1215 2433 1338 2466 Matth.
1360 2435 1416 2473 11,
1437 2433 1493 2463 25.

160 2482 198 2521 7)
217 2483 338 2514 Matth.
355 2485 407 2525 10,
424 2485 477 2515 32.
550 2485 586 2524 8)
606 2483 731 2514 Matth.
755 2484 809 2522 21,
827 2484 869 2514 37
881 2492 953 2521 sqq.
1026 2480 1065 2524 9)
1085 2481 1208 2513 Matth.
1229 2482 1284 2522 24,
1304 2481 1360 2510 36.
1431 2477 1492 2516 1⁰)

159 2529 244 2558 Luc.
265 2530 318 2569 22,
339 2530 392 2559 29.
467 2527 527 2572 11)
546 2529 669 2560 Matth.
689 2530 744 2568 26,
767 2530 820 2559 53.
899 2526 960 2571 12)
979 2528 1104 2561 Matth.
1125 2529 1180 2569 27,
1201 2528 1257 2558 46.
1328 2523 1387 2565 43)
1407 2524 1491 2555 Luc.

161 2574 216 2614 23,
232 2575 285 2604 46.
358 2576 417 2616 14)
431 2576 514 2608 Luc.
530 2577 584 2616 24,
599 2577 655 2606 49.
726 2571 788 2618 15)
801 2574 924 2606 Matth.
939 2575 994 2615 28,
1011 2575 1052 2603 19
