1604 2800
497 184 571 215 DE
603 183 797 215 CARNE
835 182 1089 216 cunts'rt.
1386 182 1455 219 81

124 279 241 327 ritui-3
266 278 411 317 veritas
430 283 471 316 et
494 277 658 329 qualitas
683 278 765 315 eius
791 282 1067 322 retractantur,
1093 288 1142 314 an
1168 275 1297 322 fuerit,
1323 282 1364 314 et
1388 289 1458 314 un-

125 334 194 384 de,
225 342 266 375 et
289 333 502 374 cuiusmodi
531 335 660 373 fuerit.
722 333 970 372 Renuntiatio
997 334 1080 372 eius
1105 332 1212 372 dabit
1236 333 1362 385 legem
1381 347 1458 372 no-

125 401 229 433 strae
260 393 551 432 resurrectioni.
611 391 808 438 Marcion,
847 398 888 430 ut
918 404 1074 430 carnem
1106 390 1249 430 Christi
1280 398 1457 443 negaret,

125 452 283 504 negavit
307 451 423 490 etiam
449 450 709 496 nativitatem,
748 456 814 488 aut
837 456 880 487 ut
905 450 1143 488 nativitatem
1170 456 1351 500 negaret,
1390 462 1458 488 ne·

127 510 234 562 gavit
258 516 300 548 et
324 521 492 555 carnem,
525 508 678 546 scilicet
710 520 756 545 ne
789 508 954 545 invicem
985 507 1058 545 sibi
1084 508 1342 545 testimonium
1368 506 1459 546 red-

126 567 266 607 derent
290 573 331 605 et
355 565 638 618 responderent
664 566 843 603 nativitas
868 572 909 603 et
934 578 1041 611 caro,
1068 565 1155 616 quia
1181 577 1254 603 nec
1279 566 1459 603 nativitas

126 626 208 664 sine
242 637 359 663 carne
391 636 464 662 nec
497 637 590 662 caro
623 624 705 661 sine
738 623 958 669 nativitate,
998 623 1105 674 quasi
1137 636 1213 660 non
1245 621 1381 661 eadem
1414 623 1460 660 li-

129 683 258 722 centia
282 682 482 721 haeretica
508 688 548 720 et
579 682 660 733 ipse
694 681 882 732 potuisset
912 686 979 718 aut
1008 678 1174 718 admissa
1206 693 1323 718 carne
1361 681 1460 718 nati-

125 741 283 780 vitatem
315 751 482 790 negare,
520 745 561 776 ut
589 738 750 790 Apelles
787 737 996 789 discipulus
1033 744 1074 775 et
1108 743 1245 788 postea
1281 735 1461 775 desertor

126 798 264 850 ipsius,
302 803 368 835 aut
398 802 624 834 et'carnem
657 802 697 833 et
727 796 964 833 nativitatem
997 794 1198 832 confessus
1229 794 1344 832 aliter
1375 794 1461 832 illas

125 854 394 908 interpretari,
431 859 474 891 ut
505 851 791 904 condiscipulus
816 859 856 891 et
888 850 1146 890 condesertor
1177 852 1259 890 eius
1284 851 1461 890 Valenti-

127 926 209 952 nus.
271 910 351 951 Sed
376 917 417 950 et
441 911 505 962 qui
531 923 685 949 carnem
712 909 855 948 Christi
888 910 1093 961 putativam
1126 908 1356 957 introduxit,
1395 922 1462 948 ae-

128 983 202 1024 que
227 970 353 1022 potnit
378 969 588 1007 nativitatis
615 981 766 1020 quoque
792 968 1057 1019 phantasmata
1077 966 1116 1018 ¹)
1143 967 1388 1018 confingere,
1422 974 1462 1006 ut

128 1036 170 1068 et
199 1034 412 1080 conceptus
443 1033 483 1065 et
514 1033 747 1078 praegnatus
779 1032 819 1064 et
844 1032 973 1077 partus
998 1025 1159 1075 virginis
1184 1032 1224 1063 et
1249 1025 1366 1076 ipsius
1393 1038 1462 1064 ex-

128 1085 220 1126 inde
246 1085 402 1124 infantis
429 1083 525 1123 ordo
550 1080 596 1124 τὸ
616 1086 741 1123 δοκεῖν
761 1082 1017 1130 haberentur,
1046 1080 1204 1121 eosdem
1225 1083 1358 1121 oculos
1374 1095 1462 1121 eos-

130 1143 293 1195 demque
318 1155 453 1181 sensus
477 1142 721 1187 fefellissent,
748 1154 843 1191 quos
870 1140 998 1178 carnis
1024 1140 1153 1191 opinio
1180 1139 1311 1178 illusit.

246 1204 285 1241 2.
335 1199 454 1238 Plane
487 1199 665 1237 nativitas
696 1211 720 1236 a
753 1197 936 1236 Gabriele
974 1195 1234 1235 adnuntiatur.
1260 1198 1300 1247 2)
1363 1196 1463 1245 Quid

131 1258 188 1298 illi
213 1271 298 1297 eum
324 1257 465 1309 angelo
493 1256 708 1295 creatoris?
751 1254 799 1293 Et
824 1256 862 1293 in
887 1256 1048 1306 virginis
1073 1261 1222 1293 uterum
1249 1262 1462 1306 conceptus

131 1315 338 1355 inducitur.
399 1313 499 1363 Quid
524 1314 580 1352 illi
606 1327 690 1351 cum
717 1312 830 1352 Esaia
859 1313 1048 1365 propheta
1075 1313 1289 1354 creatoris?
1307 1313 1345 1360 3)
1372 1311 1465 1351 Odit

131 1386 279 1420 moras,
317 1373 381 1425 qui
417 1371 544 1411 subito
582 1370 774 1409 Christum
811 1370 860 1409 de
899 1371 1021 1409 coelis
1058 1368 1273 1408 deferebat.
1340 1368 1465 1409 Aufer

132 1432 237 1479 hinc,
263 1431 397 1483 iuquit,
424 1430 609 1468 molestos
636 1441 788 1480 semper
814 1427 993 1467 Caesaris
1019 1440 1158 1466 census
1183 1434 1224 1465 et
1249 1425 1464 1466 diversoria

133 1495 296 1541 augusta
326 1494 368 1527 et
392 1485 572 1526 sordidos
597 1499 744 1538 pannos
775 1493 815 1525 et
847 1485 943 1524 dura
973 1486 1190 1538 praesepia.
1211 1485 1248 1530 4)
1310 1484 1466 1524 Viderit

133 1546 314 1599 angelica
356 1543 558 1584 multitudo
601 1543 794 1583 dominum
838 1557 944 1583 suum
983 1543 1161 1582 noctibus
1197 1542 1463 1591 honorans.⁵)

135 1603 303 1650 Servent
332 1604 459 1656 potius
492 1615 638 1655 pecora
670 1608 866 1654 pastores3
905 1608 946 1640 et
975 1602 1078 1651 magi
1104 1613 1152 1639 ne
1178 1601 1392 1651 fatigentur
1416 1599 1465 1639 de

135 1661 411 1714 longinquo3⁶)
428 1659 531 1699 dono
557 1660 634 1698 illis
658 1672 790 1697 aurum
817 1673 938 1697 suum.
976 1658 1119 1696 Melior
1143 1659 1193 1696 sit
1219 1663 1259 1696 et
1273 1657 1464 1703 Herodes,

135 1733 195 1764 nof
209 1719 426 1759 Hieremias
451 1718 656 1769 glorietur.
677 1717 715 1761 ⁷)
779 1714 859 1754 Sed
890 1729 962 1754 nec
996 1713 1296 1753 circumcidatur
1326 1715 1465 1760 infans,

136 1775 373 1821 nectutem,
410 1787 483 1813 nec
521 1772 570 1811 ad
601 1773 781 1824 templum
819 1772 1035 1818 deferatur,
1074 1784 1121 1810 ne
1160 1778 1340 1823 parentes
1377 1785 1468 1810 suos

139 1839 278 1874 oneret
301 1838 451 1884 sumptu
477 1830 703 1876 oblationis,
722 1831 762 1880 ⁸)
790 1843 864 1868 nec
894 1831 933 1868 in
959 1842 1091 1867 manus
1116 1828 1291 1867 tradatur
1316 1828 1468 1868 Simeo-

138 1893 197 1940 ni,
235 1904 283 1935 ne
308 1902 439 1929 senem
476 1888 700 1926 moriturum
737 1887 877 1926 exinde
915 1887 1132 1926 contristet.
1152 1886 1192 1937 ⁹)
1250 1886 1399 1926 Taceat
1428 1894 1470 1926 et

139 1963 234 1990 anus
258 1949 344 1995 illa,
382 1960 431 1986 ne
462 1946 629 1984 fascinet
653 1957 825 1997 puerum.
846 1945 914 1999 ¹⁰)
976 1944 1063 1991 His,
1102 1944 1259 1996 opinor,
1297 1945 1469 1983 consiliis

139 2014 199 2047 tot
234 2005 439 2058 originalia
471 2005 724 2042 instrumenta
754 2003 898 2043 Christi
929 2002 1082 2049 delere,
1119 2001 1316 2049 Marcion,
1356 2015 1470 2041 ausus

141 2079 204 2112 οε,
231 2077 278 2104 ne
306 2076 398 2103 caro
425 2062 507 2102 eius
532 2060 774 2113 probaretur.
800 2064 803 2066 ’
835 2060 895 2100 Ex
920 2073 1006 2113 qua,
1033 2073 1104 2098 oro
1130 2066 1183 2108 te,
1209 2061 1471 2099 auctoritate?

235 2226 272 2264 1)
297 2225 372 2266 Rig.
394 2223 666 2255 nativitatem
692 2231 858 2262 quoque
883 2222 1147 2262 phantasma.
1267 2223 1303 2261 2)
1329 2224 1413 2254 Luc.
1437 2224 1470 2262 1,

145 2274 187 2304 26
201 2281 274 2311 sqq.
371 2269 407 2312 3)
434 2271 541 2300 Rhen.
567 2270 618 2300 ed.
641 2271 665 2301 Ι.
686 2278 776 2299 cum
799 2269 949 2299 Ennia!
976 2269 1192 2300 creatoris
1218 2269 1307 2299 odit
1331 2278 1470 2299 moras

143 2322 210 2351 etc.
259 2318 321 2348 Ed.
342 2317 446 2348 Fran.
469 2319 504 2346 et
528 2315 711 2347 Gelenius:
744 2315 852 2351 Quid
878 2314 947 2345 illi
973 2324 1002 2344 e.
1027 2324 1120 2354 ang.
1141 2324 1195 2346 cr.
1222 2317 1263 2345 et
1288 2314 1471 2355 virginis

145 2365 291 2396 utero?
340 2364 588 2402 Conceptus
627 2361 869 2400 inducitur,
908 2361 1005 2399 quid
1044 2361 1115 2391 illi
1151 2370 1241 2391 cum
1277 2360 1473 2391 essentia

145 2410 386 2442 creatoris}
434 2410 506 2439 Nos
524 2406 666 2447 Rigaltii
690 2407 963 2438 emendationem
991 2407 1221 2445 probavimus.
1236 2424 1275 2429 —
1293 2408 1403 2446 1es.7,
1419 2408 1488 2437 14..

145 2457 183 2497 4)
198 2458 280 2489 Luc.
296 2459 328 2496 2,
343 2457 362 2486 1
377 2465 447 2493 sqq.
520 2455 555 2495 5)
572 2455 652 2485 Luc.
668 2455 700 2495 2,
714 2456 733 2483 9
747 2463 819 2492 sqq.
890 2453 927 2491 6)
941 2453 1063 2483 Matth.
1077 2454 1107 2492 2,
1122 2454 1139 2482 1
1156 2462 1226 2490 sqq.
1299 2454 1335 2492 7)
1349 2452 1472 2484 Matth.

148 2505 250 2539 2,17.
286 2505 406 2534 lex-em.
422 2503 476 2540 31,
493 2502 545 2533 15.
619 2501 656 2540 8)
682 2499 1112 2538 Cod.AgobardietRben.
1128 2498 1472 2539 ed.1.obtigatio-

148 2550 224 2580 nie.
330 2549 368 2591 9)
393 2548 532 2588 Rig.ne
557 2555 689 2578 senex
716 2546 956 2576 moriturus
987 2544 1144 2576 exinde
1171 2545 1472 2576 contristetur.

149 2612 195 2618 —
217 2596 300 2626 Luc.
316 2596 405 2635 2,24
419 2604 489 2633 sqq.
588 2591 648 2635 10)
676 2593 758 2624 Luc.
773 2594 804 2632 2,
820 2593 862 2623 36
877 2601 948 2630 sqq.
