1624 2826
168 193 264 231 222
404 192 529 224 ADV.
564 190 926 222 MARCIONEM
962 189 1139 221 LIBER
1168 189 1225 220 IV.

168 295 240 328 est.
303 285 382 325 Sed
412 285 588 324 Marcion
621 282 818 330 emendat,
859 283 967 335 quasi
1004 296 1081 320 non
1112 289 1152 320 et
1176 280 1371 333 separatio
1400 293 1494 347 opus

168 347 218 384 sit
254 340 495 383 machaerae.
558 341 679 392 Igitur
715 349 755 380 et
792 342 919 392 ignem
957 340 1172 379 eversionis
1210 337 1392 385 intendit,
1430 339 1495 390 qui

167 416 302 455 pacem
329 402 495 453 negavit.
542 399 659 447 Quale
686 399 887 451 proelium,
915 399 990 437 tale
1017 405 1057 437 et
1082 396 1313 436 incendium.
1363 395 1496 444 Qualis

167 460 386 506 machaera,
413 459 499 497 talis
526 465 564 496 et
589 459 749 505 flamma,
774 463 935 503 ,neutra
945 468 1162 508 congruens
1188 454 1356 493 domino.
1417 452 1496 493 De-

168 520 295 570 nique,
330 515 533 562 dividetur,
560 516 703 567 inquit,
736 522 848 567 pater
872 515 910 552 in
937 514 1053 552 filium
1080 521 1120 552 et
1145 513 1243 551 filius
1270 514 1306 551 in
1332 518 1494 564 patrem,

168 583 208 614 et
233 581 356 613 mater
380 575 417 611 in
445 574 558 611 filiam
584 580 623 611 et
649 574 760 611 filia
751 587 787 611 m
794 577 986 619 matrem,
1013 579 1054 610 et
1072 584 1188 611 nurus
1213 572 1251 609 in
1277 582 1430 609 socrum
1456 576 1497 609 et

168 646 302 671 socrus
328 633 367 670 in
393 645 537 670 nurum.
548 632 584 679 1)
626 630 708 669 Hoc
735 631 921 683 proelium
948 631 1051 668 inter
1075 636 1256 681 parentes
1281 629 1313 667 si
1338 629 1376 667 in
1403 628 1496 680 ipsis

166 690 295 728 verbis
321 689 410 727 tuba
438 690 579 727 cecinit
604 689 837 740 prophetae,
868 701 1022 735 vereor,
1055 701 1102 726 ne
1128 686 1303 725 Micheas
1316 687 1355 736 2)
1383 685 1496 729 Chri·-

168 754 227 786 sto
253 747 464 786 Marcionis
489 745 736 798 praedicarit.
770 746 819 784 Et
844 745 932 784 ideo
961 746 1183 797 hypocritas
1208 744 1496 796 pronuntiabat,

169 805 271 843 coeli
297 804 448 856 quidem
475 811 514 842 et
540 811 666 842 terrae
693 804 829 842 faciem
857 803 1078 854 probantes,
1113 809 1259 854 tempus
1283 814 1376 840 vero
1403 800 1497 840 illud

167 875 244 900 non
277 861 576 913 dignoscentes,
598 862 635 909 3)
676 874 749 912 quo
788 861 939 899 scilicet
970 859 1181 912 adimplens
1215 859 1359 906 omnia,
1399 871 1496 911 quae

168 933 285 971 super
308 921 412 971 ipsos
437 920 606 957 fuerunt
617 911 860 985 praedicata,
900 931 971 957 nec
998 918 1112 956 aliter
1137 916 1282 956 docens
1309 915 1498 955 debuerat

169 978 341 1027 agnosci.
405 977 584 1015 Ceterum
618 977 700 1027 quis
731 983 865 1028 posset
890 977 971 1014 eius
996 982 1171 1028 tempora
1198 987 1330 1022 nosse,
1376 975 1495 1022 cuius,

167 1047 245 1086 per⁴
264 1047 359 1086 quae
387 1034 587 1085 probaret,
616 1047 690 1071 non
716 1034 897 1072 habebat.
957 1033 1100 1072 Merito
1128 1033 1341 1085 exprobrat
1366 1033 1495 1079 etiam,

168 1091 266 1142 quod
294 1093 429 1130 iustum
456 1105 530 1129 non
557 1105 579 1129 a
604 1095 725 1129 semet
744 1093 835 1143 ipsis
861 1090 1139 1137 iudicarent.4)
1174 1091 1270 1136 Olim
1295 1089 1370 1129 hoc
1391 1103 1497 1128 man-

168 1147 234 1186 dat
270 1162 341 1199 per
365 1149 617 1187 Zachariam:
655 1149 794 1187 iustum
831 1148 1013 1187 iudicium
1047 1156 1085 1187 et
1122 1148 1363 1200 pacatorium
1395 1146 1496 1197 iudi-

169 1208 324 1255 cate35)
351 1219 421 1257 per
447 1206 698 1244 Hieremiam:
735 1208 853 1245 facite
880 1205 1060 1245 iudicium
1087 1213 1126 1245 et
1151 1205 1398 1254 iustitiam36)
1426 1217 1498 1258 per

167 1262 343 1301 Esaiam:
388 1263 554 1302 iudicate
593 1265 735 1315 pupillo
775 1272 814 1302 et
846 1264 1050 1303 iustificate
1086 1262 1262 1310 viduam,
1307 1263 1497 1315 imputans

127 1346 134 1355 .
168 1321 283 1358 etiam
308 1322 442 1359 vineae
459 1320 622 1368 Sorech,
651 1321 751 1373 quod
778 1336 853 1360 non
880 1321 1062 1360 iudicium
1082 1323 1242 1360 fecisset
1262 1319 1329 1359 sed
1351 1321 1496 1370 elamo-

168 1378 308 1427 remff)
372 1378 442 1425 Qui
464 1391 562 1428 ergo
590 1378 800 1426 docuerat,
840 1387 879 1426 ut
911 1380 1087 1418 facerent
1113 1393 1162 1418 ex
1187 1386 1424 1430 praecepto,
1464 1379 1496 1418 is

169 1434 362 1484 em’gebat,
389 1441 430 1472 ut
454 1436 631 1473 facerent
655 1443 694 1473 et
720 1449 768 1474 ex
793 1437 968 1474 arbitrio.
1003 1437 1075 1484 Qui
1101 1437 1358 1475 seminaverat
1381 1449 1495 1488 prae-

169 1499 345 1543 ceptum,
395 1492 459 1530 ille
498 1499 537 1530 et
573 1492 863 1531 ledundantiam
901 1495 983 1532 eius
1020 1493 1205 1544 urgebat.
1269 1493 1357 1533 Iam
1383 1506 1493 1540 vero,

168 1562 277 1600 quam
304 1548 525 1596 absurdum,
566 1557 605 1587 ut
621 1551 694 1588 ille
720 1550 920 1589 mandaret
950 1553 1047 1589 iuste
1074 1550 1266 1596 iudicare,
1281 1551 1356 1616 qui
1382 1549 1495 1594 deum

166 1605 332 1645 iudicem
359 1608 494 1645 iustum
522 1606 769 1646 destruebat?
815 1608 914 1647 Nam
941 1616 980 1647 et
1004 1607 1189 1655 iudicem,
1229 1607 1291 1658 qui
1317 1602 1431 1646 mittit
1456 1609 1495 1646 in

167 1677 385 1711 carcerem,
413 1678 484 1703 nec
512 1664 617 1703 ducit
641 1665 744 1712 inde,
777 1667 848 1704 nisi
874 1668 1000 1705 soluto
1027 1667 1142 1705 etiam
1169 1659 1374 1704 n5vissimo
1401 1678 1494 1717 qua-

166 1720 374 1772 drante,⁸)
414 1723 451 1760 in
483 1731 650 1774 persona
683 1725 871 1762 creatoris
903 1724 1198 1766 obtrectationis
1230 1723 1383 1761 nomine
1416 1721 1494 1762 dis—

164 1786 308 1828 serunt.
369 1777 431 1817 Ad
463 1779 563 1831 quod
589 1793 749 1819 necesse
780 1781 909 1824 habeo
941 1781 1078 1820 eodem
1106 1780 1228 1832 gradu
1261 1778 1492 1828 occurrere3

165 1837 465 1888 quotiescunque
506 1839 604 1875 enim
636 1840 824 1876 severitas
865 1839 1054 1877 creatoris
1087 1839 1310 1891 opponitur,
1349 1838 1493 1877 tot-iens

162 1893 263 1931 illius
290 1901 348 1932 est
373 1894 558 1942 Christus,
587 1896 744 1948 cuiper
769 1897 943 1935 timorem
971 1898 1078 1948 cogit
1103 1896 1340 1948 obsequium.

230 1959 232 1962 “
280 1955 361 1992 30..
399 1952 669 1999 Quaestionem
707 1967 845 1993 rursus
875 1943 923 1993 de
957 1955 1156 1993 curatione
1194 1953 1355 1993 sabbato
1386 1953 1492 1992 facta

165 2008 354 2059 quomodo
381 2008 584 2053 discussit?
609 2009 872 2063 Unusquisque
897 2019 1065 2051 vestrum
1091 2011 1261 2051 sabbatis
1281 2025 1358 2050 non
1377 2011 1493 2051 s'olvit

164 2067 309 2104 asinum
340 2074 407 2104 aut
435 2067 570 2106 bovem
601 2082 706 2107 suum
738 2083 761 2107 a
791 2071 971 2122 praesepi
1003 2077 1042 2108 et
1073 2068 1179 2109 ducit
1204 2069 1253 2108 ad
1277 2063 1433 2122 potum?
1451 2069 1489 2117 ⁰)

163 2122 269 2174 Ergo
297 2124 502 2163 secundum
530 2125 789 2166 conditionem
816 2128 932 2179 legis,
967 2135 1148 2180 operatus
1174 2127 1319 2179 legem,
1347 2126 1490 2166 confir-

162 2182 294 2228 mavit,
323 2195 397 2237 non
424 2182 614 2231 dissolvit,
647 2185 841 2224 iubentem
868 2186 1008 2224 nullum
1036 2199 1130 2238 opus
1157 2185 1261 2232 fieri,
1289 2186 1360 2224 nisi
1387 2182 1488 2237 quod

162 2238 275 2277 fieret
301 2241 651 2292 omnianimae,¹⁰)
680 2250 820 2294 quanto
834 2244 962 2295 potius
977 2244 1188 2282 humanae?
1213 2241 1489 2282 Parabolarum

164 2298 451 2347 congruentiam
477 2299 616 2351 ubique
642 2313 910 2351 recognoscor
935 2302 1108 2352 exigere.
1169 2292 1330 2340 Simile
1336 2307 1395 2340 est
1425 2312 1489 2338 re-

163 2365 274 2402 gnum
301 2353 382 2402 dei,
409 2357 541 2408 inquit,
569 2371 690 2409 grano
716 2359 883 2411 sinapis,
912 2359 1014 2411 quod
1039 2360 1195 2412 accepit
1219 2359 1334 2398 homo
1361 2364 1400 2397 et
1423 2369 1487 2396 se-

254 2501 291 2544 1)
317 2505 398 2535 Luc.
414 2507 468 2545 12,
485 2508 538 2538 52.
635 2509 670 2548 2)
696 2509 800 2540 Mich.
815 2512 845 2549 7,
863 2513 894 2541 6.
988 2509 1026 2554 3)
1051 2513 1133 2543 Luc.
1150 2512 1204 2549 12,
1223 2513 1277 2540 56.
1349 2510 1386 2542 4)
1406 2507 1486 2538 ibid.

162 2554 191 2575 v.
207 2548 259 2576 57
355 2548 391 2591 5)
420 2552 524 2582 Zach
545 2553 650 2594 8,16.
715 2559 718 2561 ’
746 2557 782 2595 6)
809 2558 873 2587 ier.
893 2558 946 2597 22,
968 2558 998 2588 3.
1094 2557 1130 2595 τ)
1157 2558 1222 2586 ιεε.
1251 2557 1281 2593 1,
1300 2555 1354 2586 17.
1377 2556 1408 2592 5,
1431 2555 1486 2584 16.

164 2591 200 2629 8)
225 2593 307 2625 luc.
323 2596 376 2635 12,
393 2598 445 2627 58.
462 2599 515 2628 59.
611 2599 648 2638 9)
679 2601 993 2642 1uc.13,1o—17.
1089 2602 1148 2641 10)
1173 2601 1285 2631 Exod.
1301 2602 1355 2642 12,
1372 2602 1414 2631 16
