1604 2800
675 129 750 160 DE
785 130 983 161 ANIMA.
1396 131 1498 170 129

170 218 250 260 Sed
276 232 346 258 nos
371 219 772 273 corporalesiquoque
798 221 851 260 illi
877 222 1119 261 inscribimus
1146 222 1279 271 lineas,
1310 237 1388 264 non
1412 233 1497 265 tan-

166 285 247 317 tum
277 290 327 316 ex
357 275 498 316 fiducia
528 278 812 329 corporalitatis
842 292 914 331 per
944 281 1268 329 aestimationem,
1299 294 1430 322 verum
1457 292 1498 323 et

167 348 220 374 ex
242 334 460 374 constantia
484 335 634 386 gratiae
658 348 730 388 per
753 337 1045 376 revelationem.
1082 336 1181 376 Nam
1202 339 1288 391 quia
1308 340 1498 391 spiritalia

168 392 400 431 charismata
433 393 695 442 agnoscimus,
732 401 820 445 post
851 393 1032 433 Ioannem
1070 408 1218 447 quoque
1255 397 1496 449 prophetiam

167 450 373 488 meruimus
398 455 439 488 et
463 450 658 501 consequi.
723 450 794 489 Est
825 450 940 490 hodie
972 465 1085 490 soror
1114 452 1215 504 apud
1246 465 1315 492 nos
1345 454 1496 493 revela·

166 506 313 544 tionum
344 505 574 545 charismata
603 507 758 554 sortita,
792 521 883 559 quas
908 510 947 546 in
971 509 1141 548 ecclesia
1171 512 1273 548 inter
1303 509 1496 550 dominica

166 563 369 602 sollemnia
396 575 468 615 per
499 565 666 602 exstasin
698 565 736 602 in
768 566 903 616 spiritu
934 567 1095 617 patitur3
1128 575 1379 606 conversatur
1409 581 1495 607 cum

165 620 329 672 angelis,
360 619 563 672 aliqnando
590 622 705 659 etiam
731 619 815 660 c'um
842 621 1015 669 domino,
1047 630 1088 662 et
1110 623 1216 662 videt
1240 631 1280 662 et
1303 623 1410 662 audit
1434 637 1496 664 sa-

166 683 382 724 cramenta,
414 683 454 715 et
478 677 713 729 quorundam
740 678 860 717 corda
884 678 1095 730 dignoscit,
1128 687 1169 718 et
1192 680 1403 718 medicinas
1427 679 1496 719 de-

164 733 422 774 siderantibus
447 734 644 772 submittit.
706 734 785 772 Iam
810 748 903 772 vero
929 742 1044 785 prout
1068 737 1283 786 scripturae
1314 737 1496 787 leguntur

164 798 231 830 aut
252 790 388 843 psalmi
421 797 611 828 canuntur
638 797 706 827 aut
736 790 992 828 allocutiones
1022 792 1271 841 proferuntur
1299 799 1367 830 aut
1395 793 1495 843 peti-

161 848 290 895 tiones
314 845 555 897 delegantur,
582 847 636 883 ita
662 845 751 883 inde
771 847 957 885 materiae
975 847 1187 886 visionibus
1204 848 1494 887 subministran-

161 910 238 943 tur.
310 902 425 942 Forte
451 903 584 941 nescio
617 901 707 954 quid
737 901 785 940 de
817 903 944 942 anima
975 902 1298 952 disserueramus,
1337 919 1421 944 cum
1448 919 1496 944 ea

161 973 277 1001 soror
305 961 345 999 in
380 960 516 1011 spiritu
553 966 669 998 esset.
742 958 835 997 Post
870 967 1067 998 transacta
1102 962 1302 1000 sollemnia
1340 961 1495 1000 dimissa

159 1017 290 1070 plebe,
316 1030 390 1068 quo
416 1029 485 1054 usu
510 1016 612 1054 solet
636 1015 746 1053 nobis
771 1018 992 1054 renuntiare
1019 1029 1116 1067 quae
1140 1016 1295 1064 viderit,
1322 1022 1425 1066 (nam
1451 1026 1492 1057 et

162 1073 454 1125 diligentissime
481 1071 719 1122 digeruntur,
745 1078 788 1109 ut
812 1073 926 1109 etiam
951 1073 1192 1123 probentur,)
1219 1075 1321 1112 inter
1345 1081 1491 1120 cetera,

162 1131 296 1181 inquit,
323 1136 478 1167 ostensa
498 1135 557 1166 est
576 1128 667 1165 mihi
692 1128 816 1165 anima
842 1129 1111 1179 corporaliter,
1138 1136 1178 1167 et
1202 1131 1356 1181 spiritus
1380 1129 1490 1168 vide·

161 1187 293 1232 batur,
325 1184 394 1224 sed
419 1198 495 1223 non
520 1185 643 1222 inanis
669 1190 709 1221 et
730 1197 875 1222 vacuae
908 1185 1113 1235 qualitatis,
1146 1186 1222 1224 imo
1254 1199 1350 1237 quae
1377 1187 1491 1225 etiam

161 1244 288 1282 teneri
322 1243 629 1294 repromitteret,
667 1247 803 1279 tenera
833 1248 874 1279 et
903 1240 1031 1279 lucida
1062 1249 1102 1280 et
1131 1243 1227 1280 ae'rii
1259 1243 1420 1290 coloris,
1452 1250 1493 1282 et

160 1301 286 1340 forma
315 1313 387 1352 per
416 1300 542 1337 omnia
578 1298 753 1336 humana.
826 1297 932 1336 Haec
965 1298 1062 1336 visio
1099 1305 1171 1337 est.
1243 1298 1347 1338 Deus
1382 1301 1492 1338 testis

162 1365 203 1398 et
225 1357 422 1409 apostolus
436 1357 472 1402 ¹)
506 1356 774 1394 charismatum
805 1355 844 1392 in
875 1355 1045 1393 ecelesia
1082 1355 1294 1394 futurorum
1326 1355 1489 1394 idoneus

161 1426 344 1467 sponsor;
370 1420 410 1451 tu
430 1413 503 1450 nisi
522 1425 586 1450 res
605 1412 688 1463 ipsa
707 1410 755 1450 de
775 1411 935 1462 singulis
952 1413 1202 1462 persuaserit,
1223 1425 1271 1451 ne
1292 1412 1491 1459 credas.2)

163 1471 330 1511 sienim
362 1482 502 1520 corpus
533 1469 678 1513 anima,
716 1469 797 1506 sine
836 1467 951 1505 dubio
989 1469 1090 1506 inter
1125 1469 1209 1515 illa,
1248 1482 1345 1520 quae
1375 1482 1492 1520 supra

160 1541 287 1568 sumus
309 1526 489 1580 professi.
535 1524 701 1563 Proinde
727 1531 768 1563 et
794 1525 937 1563 coloris
962 1525 1182 1576 proprietas
1207 1527 1309 1564 omni
1335 1528 1494 1578 corpori

160 1585 367 1632 adhaeret3
406 1595 517 1635 quem
554 1583 673 1633 igitur
708 1582 823 1619 alium
860 1583 1010 1620 animae
1046 1582 1267 1620 aestimabis
1305 1583 1491 1630 colorem,

161 1655 272 1696 quam
297 1642 443 1680 aerium
467 1652 514 1677 ac
540 1638 733 1677 lucidum?
756 1651 831 1675 non
852 1645 895 1675 ut
911 1641 981 1676 ae'r
998 1639 1050 1675 sit
1066 1639 1148 1688 ipsa
1168 1638 1379 1677 substantia
1393 1640 1490 1684 eius,

160 1699 327 1738 etsihoc
342 1694 599 1735 Aenesidemo
624 1695 742 1732 visum
768 1700 827 1732 est
850 1700 892 1732 et
903 1693 1145 1739 Anaximeni,
1170 1702 1262 1745 puto
1282 1694 1492 1734 secundum

162 1753 345 1807 quosdam
371 1759 411 1790 et
436 1751 650 1796 Heraclito,
677 1763 749 1787 nec
774 1756 817 1787 ut
839 1749 985 1796 lumen,
1017 1751 1090 1787 etsi
1115 1750 1190 1787 hoc
1214 1751 1361 1801 placuit
1382 1750 1490 1789 Pon-

159 1813 242 1850 tico
274 1806 486 1848 Heraclidi.
557 1801 655 1844 Nam
687 1812 728 1843 et
758 1806 949 1848 cerauniis
979 1807 1139 1856 gemmis
1168 1820 1244 1844 non
1276 1806 1365 1845 ideo
1388 1799 1485 1846 'sub-

161 1869 302 1907 stantia
315 1867 436 1917 ignita
449 1870 520 1909 est,
547 1861 646 1914 quod
662 1869 869 1901 coruscent
881 1862 1037 1900 rutilato
1051 1863 1205 1909 rubore,
1232 1876 1304 1903 nec
1328 1864 1489 1916 beryllis

162 1924 252 1964 ideo
266 1935 411 1976 aquosa
424 1921 584 1959 materia
597 1926 670 1965 est,
697 1918 797 1971 quod
816 1920 1002 1958 fluctuent
1015 1920 1143 1958 colato
1160 1922 1299 1960 nitore.
1339 1921 1491 1969 Quanta

162 1984 263 2021 enim
288 1988 330 2020 et
352 1980 429 2019 alia
454 1978 565 2017 color
587 1977 731 2022 sociat,
768 1983 905 2015 natura
941 1975 1150 2016 dissociat?
1198 1975 1276 2016 Sed
1310 1979 1489 2030 quoniam

163 2052 276 2078 omne
307 2045 421 2076 tenue
452 2042 566 2086 atque
596 2031 833 2085 perlucidum
863 2035 965 2072 ae‘ris
989 2035 1177 2072 aemulum
1202 2041 1280 2083 est,
1312 2035 1386 2075 hoc
1413 2037 1490 2074 erit

163 2097 301 2141 anima,
328 2108 401 2147 qna
425 2093 536 2130 flatus
560 2097 621 2129 est
644 2098 686 2129 et
708 2091 863 2142 spiritus
887 2090 1045 2136 tradux,
1076 2090 1261 2143 siqnidem
1286 2105 1380 2143 prae
1405 2094 1489 2143 ipsa

164 2153 361 2191 tenuitatis
391 2149 600 2188 subtilitate
625 2146 673 2186 de
699 2147 775 2186 fide
800 2149 1087 2199 corporalitatis
1115 2149 1368 2199 periclitatur.
1419 2146 1486 2186 Sic

164 2216 205 2248 et
235 2209 398 2259 effigiem
428 2205 476 2243 de
507 2217 620 2243 sensu
650 2205 723 2241 iam
753 2211 820 2242 tuo
857 2205 1037 2256 concipe,
1076 2218 1152 2243 non
1188 2205 1300 2242 aliam
1337 2204 1485 2242 animae

165 2266 352 2304 humanae
377 2260 633 2314 deputandam
658 2267 814 2312 praeter
837 2261 1048 2307 humanam,
1075 2269 1115 2298 et
1135 2260 1285 2311 quidem
1300 2261 1382 2298 eius
1397 2272 1485 2298 cor-

165 2324 290 2375 poris,
329 2319 431 2373 quod
461 2330 710 2370 unaquaeque
747 2318 992 2356 circumtulit.
1061 2317 1143 2355 Hoc
1168 2330 1239 2355 nos
1262 2329 1401 2368 sapere
1425 2317 1480 2355 in·

259 2456 601 2495 1)1c0r.12‚1sqq.
693 2452 733 2496 2)
753 2454 825 2494 Rig.
844 2455 929 2486 Hoc
949 2454 1077 2492 visio,
1102 2455 1143 2483 et
1167 2452 1381 2483 deun—tu
1405 2459 1483 2481 nee

167 2503 203 2534 ni
226 2512 292 2533 reu
317 2503 411 2541 ipua
435 2502 481 2532 de
507 2501 611 2542 ning.
635 2500 924 2540 persua-erit,
950 2499 1123 2531 creda-z

1116 2543 1195 2582 12*
