1624 2826
182 166 289 203 302
453 167 579 200 ADV.
614 166 980 200 MARCIONEM
1017 170 1194 201 LIBER
1228 171 1259 200 V

184 266 396 318 pleniorem
422 263 594 301 notitiam
621 261 869 314 requirendo·
908 261 1012 302 Illius
1039 270 1098 302 est
1123 276 1232 314 ergo,
1260 263 1376 302 etiam
1401 265 1513 316 igno-

184 330 314 361 rantes
352 320 463 360 deum
494 321 688 372 plectere,
727 333 837 372 quem
870 334 945 359 non
979 321 1096 360 liceat
1127 323 1323 372 ignorare.
1375 320 1513 374 Ipsum,

186 378 287 433 quod
313 381 383 426 ait,
422 392 445 417 a
470 379 569 417 facie
597 377 740 416 domini
766 385 805 416 et
830 391 852 416 a
878 379 1003 430 gloria
1028 379 1220 417 valentiae
1253 380 1355 426 eius,
1385 379 1515 418 verbis

186 452 275 477 usus
301 437 459 482 Esaiae,
500 449 548 475 ex
579 437 661 487 ipsa
694 449 829 474 caussa
861 436 1023 475 eundem
1057 438 1159 488 sapit
1190 435 1383 475 dominum
1421 449 1516 476 con-

187 501 428 547 surgentem,
462 501 503 532 ut
529 495 761 532 comminuat
787 496 988 543 terram.¹)
1048 495 1139 542 Quis
1166 501 1225 533 est
1249 501 1375 533 autem
1402 494 1516 532 homo

190 554 339 598 delicti,
379 552 476 590 filius
503 551 748 603 perditionis,
788 565 897 604 quem
924 553 1090 591 revelari
1116 553 1221 604 prius
1247 559 1403 604 oportet
1428 558 1517 591 ante

189 611 332 650 domini
357 609 571 656 adventum,
599 611 790 649 extollens
815 623 856 649 se
883 623 998 662 super
1023 623 1149 656 omne,
1177 609 1278 662 quod
1303 609 1398 648 deus
1423 608 1520 648 dici-

191 677 270 716 tur,
299 676 338 707 et
363 681 510 706 omnem
538 669 786 719 religionem,
815 669 1110 717 consessurus2)
1139 668 1176 706 in
1202 667 1345 720 templo
1371 666 1455 713 dei,
1482 673 1521 705 et

192 727 303 766 deum
329 739 369 764 se
396 727 631 763 iactaturus?
643 727 681 773 3)
732 724 950 763 Secundum
978 740 1046 764 nos
1080 724 1231 777 quidem
1258 725 1520 771 antichristus,

192 792 232 823 ut
259 783 400 823 docent
425 790 580 821 veteres
606 790 646 821 et
671 796 793 821 novae
821 783 1068 834 prophetiae,
1107 789 1149 820 ut
1175 782 1339 821 loannes
1365 789 1522 835 aposto-

193 844 263 889 lus,
291 843 354 894 qui
380 843 454 879 iam
480 841 728 879 antichristos
754 839 849 892 dicit
874 841 1112 891 processisse
1138 838 1380 887 inmundum,
1408 851 1522 893 prae-

195 898 629 938 cursoresssantichristi
665 899 838 949 spiritus,
878 905 1064 949 negantes
1103 897 1294 936 Christum
1334 898 1373 935 in
1405 909 1522 936 carne

193 958 344 996 venisse
371 963 411 994 et
442 956 636 993 solventes
662 955 786 993 Iesum
813 956 966 993 scilicet
992 956 1029 993 in
1057 953 1130 993 deo
1158 956 1399 1002 creatore.⁴)
1451 952 1524 993 Se·-

196 1013 359 1053 cundum
385 1026 477 1051 vero
504 1012 742 1050 Marcionem
769 1013 914 1058 nescio,
944 1013 1015 1050 nisi
1038 1012 1212 1050 Christus
1238 1013 1287 1050 sit
1313 1011 1523 1059 creatoris3

196 1071 362 1109 nondum
394 1073 493 1109 enim
520 1071 625 1108 venit
656 1069 755 1122 apud
794 1070 910 1108 illum.
964 1069 1140 1121 Quisquis
1173 1070 1281 1118 est5)
1316 1076 1443 1108 autem
1477 1082 1527 1107 ex

196 1128 362 1176 duobus,
403 1141 566 1179 quaero,
608 1141 677 1166 cur
713 1127 842 1166 veniat
878 1128 916 1165 in
955 1128 1055 1166 omni
1091 1128 1232 1165 virtute
1266 1133 1306 1166 et
1335 1127 1455 1179 signis
1488 1133 1528 1165 et

197 1188 358 1225 ostentis
397 1184 613 1224 mendacii?
674 1184 912 1237 Propterea,
952 1185 1098 1237 inquit,
1138 1183 1239 1237 quod
1277 1183 1527 1223 dilectionem

197 1245 370 1282 veritatis
403 1257 478 1282 non
510 1244 770 1295 susceperint,
809 1250 851 1281 ut
881 1243 975 1281 salvi
1008 1249 1156 1290 essent,
1195 1249 1235 1281 et
1264 1249 1427 1295 propter
1450 1242 1527 1280 hoe

200 1302 275 1338 erit
300 1302 356 1338 eis
383 1301 602 1338 instinctum
627 1301 827 1348 fallaciae,
862 1307 902 1339 ut
927 1299 1148 1340 iudicentur
1172 1313 1323 1347 omnes,
1363 1301 1424 1354 qui
1451 1313 1528 1338 non

203 1355 452 1393 crediderunt
476 1358 649 1403 veritati,
688 1357 756 1396 sed
790 1363 1071 1397 consenserant
1102 1358 1353 1411 iniquitati.⁶)
1406 1357 1529 1410 Igitur

203 1413 234 1449 si
260 1412 507 1449 antichristus
533 1419 592 1450 est
616 1413 823 1451 secundum
850 1428 920 1451 nos
945 1422 985 1452 et
1009 1415 1169 1463 deus,⁷)
1197 1415 1292 1455 deus
1317 1417 1394 1455 erit
1418 1427 1530 1454 crea-

204 1475 284 1513 tor,
324 1468 386 1518 qui
419 1480 503 1505 eum
535 1469 650 1506 mittit
680 1469 729 1506 ad
767 1470 1136 1520 impingendoseos
1169 1474 1207 1509 in
1233 1485 1428 1519 errorem,
1467 1474 1530 1525 qui

205 1538 281 1563 non
325 1523 575 1563 crediderunt
609 1527 788 1572 veritati,
834 1534 875 1564 ut
912 1528 1006 1564 salvi
1045 1528 1201 1575 fierent3
1247 1529 1418 1567 eiusdem
1456 1531 1532 1568 erit

203 1583 346 1621 veritas
379 1589 418 1620 et
443 1583 562 1628 salus,
603 1584 665 1634 qui
691 1597 740 1622 ex
766 1584 952 1622 submissu
978 1587 1124 1623 erroris
1150 1585 1368 1633 ulciscitur,
1407 1585 1445 1624 id
1473 1594 1532 1625 est

205 1641 407 1686 creatoris,
441 1641 503 1678 cui
529 1647 567 1678 et
594 1642 779 1691 competit
808 1642 914 1680 zelus
940 1642 1022 1693 ipse
1049 1655 1183 1681 errore
1211 1642 1408 1695 decipere,
1435 1657 1531 1696 quos

202 1698 366 1735 veritate
393 1710 468 1735 non
495 1698 609 1748 cepit.
674 1696 715 1735 Si
740 1711 834 1736 vero
862 1712 937 1736 non
964 1706 1022 1737 est
1047 1700 1297 1739 antichristus
1323 1699 1531 1740 secundum

203 1767 284 1800 nos,
312 1766 408 1804 ergo
435 1753 609 1792 Christus
636 1762 694 1793 est
721 1757 910 1793 creatoris
935 1755 1142 1795 seeundum
1168 1756 1420 1797 Marcionem.
1481 1757 1534 1797 Et

203 1811 313 1862 quale
352 1811 450 1858 erit,
500 1818 542 1849 ut
567 1810 614 1850 ad
653 1812 914 1851 ulciscendam
951 1815 1154 1853 veritatem
1194 1828 1298 1854 suam
1337 1815 1529 1855 Christum

204 1869 392 1906 creatoris
430 1868 661 1908 submittat?
722 1869 800 1908 Sed
844 1872 916 1909 etsi
962 1870 1010 1910 de
1049 1872 1276 1912 antichristo
1323 1875 1529 1920 consentit,

203 1925 363 1976 proinde
391 1924 570 1964 dixerim:
610 1928 720 1978 quale
747 1935 829 1975 est,
869 1935 908 1966 ut
933 1930 987 1968 illi
1018 1937 1196 1977 satanas,
1234 1931 1395 1982 angelus
1421 1944 1532 1971 crea-

203 1984 316 2029 toris,
355 1983 404 2021 sit
434 1985 693 2031 necessarius,
721 1992 761 2023 et
786 1985 987 2025 occidatur
1012 1988 1059 2026 ab
1086 2001 1154 2035 eo,
1181 1988 1326 2027 habens
1352 1989 1530 2028 fallaciae

205 2041 433 2091 operatione
458 2041 565 2092 fungi
596 2044 791 2080 creatori?
839 2044 880 2082 In
913 2058 1079 2092 summa,
1118 2046 1149 2084 si
1179 2045 1431 2086 indubitatum
1457 2053 1529 2094 est,

205 2099 287 2136 eius
325 2110 410 2136 esse
450 2104 489 2136 et
519 2100 695 2150 angelum
734 2108 773 2139 et
802 2104 1003 2141 veritatem
1042 2111 1082 2142 et
1119 2104 1306 2151 salutem,
1346 2105 1453 2143 cuius
1478 2112 1531 2143 ‘et

204 2157 262 2194 ira
287 2163 327 2193 et
351 2156 556 2194 aemulatio
584 2164 623 2195 et
647 2158 823 2197 fallaciae
850 2160 1030 2199 immissio
1045 2161 1228 2202 adversus
1243 2169 1531 2215 contemptores

204 2221 243 2251 et
268 2212 503 2261 desultores,
542 2215 655 2253 etiam
681 2215 864 2256 adversus
896 2220 1138 2269 ignorantes,
1172 2225 1237 2269 (ut
1262 2221 1336 2259 iam
1362 2228 1403 2259 et
1426 2219 1530 2259 Mar-

296 2342 331 2380 1)
359 2341 538 2382 1ea.2,19.
657 2344 692 2383 2)
718 2345 823 2377 Rhen.
851 2349 1185 2380 consecuturus.
1304 2346 1340 2389 3)
1367 2348 1388 2378 2
1407 2347 1528 2378 Thess.

205 2388 235 2426 2,
251 2389 281 2418 3.
295 2390 326 2417 4.
420 2389 458 2427 4)
485 2391 503 2419 1
518 2390 566 2420 Io.
579 2390 612 2430 4,
627 2391 646 2419 1
662 2400 733 2429 sqq.
829 2395 864 2430 5)
892 2395 942 2424 [ta
964 2395 1039 2428 cod.
1060 2395 1246 2426 Wouweri.
1262 2393 1369 2426 Rheu.
1394 2395 1429 2424 et
1451 2393 1529 2426 alii:

204 2434 351 2464 nescio
401 2444 449 2465 ne
487 2435 577 2466 Chr.
615 2436 672 2467 sit
718 2441 951 2472 creatoris.
1012 2441 1206 2472 Nondum
1254 2439 1371 2480 venit
1419 2440 1529 2478 apud

204 2479 342 2517 illum,
383 2481 503 2511 cuius
529 2482 621 2520 quis
654 2486 719 2514 est
748 2487 886 2516 autem
918 2496 970 2518 ex
995 2487 1170 2518 duobus.
1265 2486 1302 2526 6)
1329 2485 1528 2523 2Τ11εςε.2,

205 2526 352 2556 10—12.
470 2528 506 2567 7)
551 2531 601 2561 tta
627 2532 700 2563 cod.
729 2532 865 2563 Wonw.
892 2534 927 2563 et
952 2533 1045 2573 Rig.;
1086 2533 1194 2563 Rhen.
1229 2533 1264 2562 et
1302 2530 1380 2562 alii:
1415 2532 1528 2562 anti-

205 2571 397 2603 christus
420 2574 461 2603 et
479 2577 710 2608 secundum
738 2580 1003 2618 creatorem,
1033 2579 1132 2609 deus
1157 2578 1238 2609 erit
1264 2579 1439 2609 creator
1463 2581 1529 2609 etc.
