1624 2826
172 204 278 243 220
426 206 550 237 ADV.
586 207 948 239 MARCIONEM
981 210 1159 242 LIBER
1192 210 1247 240 1V.

174 300 257 338 est?
283 298 466 347 Quaerite
492 301 605 346 enim,
631 302 766 352 inquit,
794 314 953 352 regnum
981 300 1057 350 dei,
1085 309 1124 341 et
1149 302 1246 341 haec
1272 300 1381 340 vobis
1406 299 1510 340 adii--

175 358 389 407 cie-ntur,¹)
415 358 545 409 utique
572 358 618 395 ab
646 359 745 410 ipso.
807 358 951 406 Quodsi
978 360 1025 398 ab
1052 361 1155 412 ipso,
1182 360 1303 412 qualis
1329 366 1406 406 est,
1439 360 1505 411 qui

174 415 301 453 aliena
325 415 562 467 praestabit?
587 414 628 453 Si
654 429 677 454 a
704 423 896 464 creatore,
924 418 1031 456 cuius
1057 425 1096 456 et
1116 425 1214 465 sunt,
1243 418 1324 469 quis
1339 423 1411 464 est,
1439 417 1504 469 q'ui

173 473 301 511 aliena
337 473 559 524 promittat?
606 473 664 511 Ea
699 475 731 512 si
776 488 898 525 reguo
942 474 1134 514 accedunt
1171 474 1341 514 secundo
1380 473 1504 526 gradu

173 528 432 578 restituenda3
461 532 542 568 eius
568 538 626 569 est
651 531 841 570 secundus
867 531 1021 584 gradus,
1050 534 1157 571 cuius
1179 540 1219 571 et
1231 534 1393 585 primus;
1421 533 1504 575 eius

174 589 297 626 victus
323 594 437 639 atque
462 589 639 644 vestitus,
680 591 786 628 cuius
812 597 851 628 et
875 603 1047 641 regnum.
1111 590 1168 629 Ita
1194 597 1275 629 tota
1300 590 1503 642 promissio

176 646 366 683 creatoris
392 652 451 683 est
475 646 742 697 parabolarum
769 655 901 695 status,
929 647 1215 687 similitudinum
1235 648 1503 700 peraequatio,

175 704 206 739 si
233 715 305 740 ncc
331 703 369 740 in
395 703 508 741 alium
535 711 723 755 spectant,
753 719 862 756 quam
883 707 1030 757 cuipcr
1044 707 1169 745 omnia
1183 707 1292 758 paria
1305 706 1503 753 venerint3

175 772 301 797 sumus
333 761 459 807 servi,
499 760 690 799 dominum
729 763 829 800 enim
857 763 1038 801 habemus
1071 763 1196 802 deum.
1260 762 1503 814 Succingere

176 816 358 864 debemus
384 817 555 865 lumbos,
594 818 632 856 id
666 827 724 857 est
755 819 925 871 expediti
957 833 1042 859 esse
1069 821 1116 859 ab
1143 819 1424 872 impedimentis
1450 821 1507 859 la-

177 875 347 925 ciniosae
373 876 474 913 vitae
501 883 541 914 et
565 876 787 927 implicitae,
820 878 910 916 item
937 878 1114 916 lucernas
1139 878 1321 918 ardentes
1346 877 1504 924 habere,

175 930 215 969 id
253 938 312 970 est
348 939 495 971 mentes
527 947 550 971 a
581 933 656 972 fide
689 948 875 974 accensas
908 943 947 973 et
979 936 1160 987 operibus
1186 936 1371 975 ‘veritatis
1403 936 1507 974 relu-

177 995 336 1035 centes,
375 997 488 1041 atque
515 991 568 1028 ita
594 999 823 1043 exspectare
852 991 1061 1039 dominum,
1094 992 1133 1031 id
1160 1001 1219 1032 est
1245 994 1449 1032 Christum.
1469 995 1506 1044 ²)

175 1045 286 1084 Unde
313 1046 564 1086 redeuntem?
588 1050 619 1086 si
645 1062 667 1086 a
694 1051 846 1101 nuptiiS,
882 1051 1070 1089 creatoris
1096 1058 1167 1097 est,
1195 1052 1302 1089 cuius
1328 1051 1505 1103 nuptiae3

175 1105 208 1141 si
245 1117 321 1141 non
361 1106 567 1152 creatoris,
607 1119 679 1144 nec
718 1108 799 1159 ipse
838 1107 1014 1146 Marcion
1051 1109 1231 1147 invitatus
1269 1107 1328 1147 ad·
1355 1109 1508 1160 nuptias

174 1162 281 1206 isset,
309 1159 420 1199 deum
446 1176 552 1200 suum
579 1163 729 1201 intuens
756 1163 1033 1204 detestatorem
1060 1168 1289 1219 nuptiarum.
1350 1165 1509 1205 Defecit

174 1219 303 1269 itaque
329 1219 514 1270 parabola
539 1221 576 1258 in
602 1234 770 1272 persona
796 1221 952 1270 domini,
980 1224 1011 1261 si
1033 1237 1107 1261 non
1130 1230 1246 1271 esset,
1274 1224 1336 1262 cui
1350 1224 1507 1276 nuptiae

177 1281 410 1326 competunt.
473 1277 515 1315 In
547 1280 723 1330 sequenti
758 1290 907 1332 quoque
941 1278 1128 1332 parabola
1154 1283 1246 1320 satis
1273 1288 1403 1330 errat,
1443 1282 1508 1333 qui

173 1333 298 1370 furem
336 1334 464 1380 illum,
511 1337 618 1374 cuius
656 1337 788 1375 horam
823 1339 854 1376 si
893 1346 1003 1390 pater
1040 1340 1208 1379 familiae
1247 1341 1385 1388 sciret,
1430 1352 1508 1378 non

176 1390 322 1428 sineret
348 1390 487 1429 suffodi
513 1391 663 1431 domum
690 1396 866 1444 suan1,³)
906 1397 943 1433 in
971 1409 1173 1448 personam
1201 1396 1371 1449 disponit
1397 1410 1509 1436 crea-

175 1447 285 1484 toris.
348 1447 423 1485 Fur
448 1450 547 1487 enim
575 1458 730 1489 creator
762 1452 951 1502 quomodo
983 1453 1107 1492 videri
1140 1461 1295 1506 potest,
1333 1453 1508 1494 dominus

175 1505 295 1561 totius
332 1505 520 1543 hominis?
562 1506 686 1545 Nemo
725 1522 792 1546 sua
829 1510 978 1548 furatur
1015 1518 1081 1549 aut
1117 1511 1298 1558 suffodit,
1336 1511 1508 1551 sed‘ille

175 1562 322 1613 potius,
362 1564 424 1614 qui
450 1564 488 1601 in
514 1564 641 1603 aliena
667 1565 886 1614 descendit,
915 1575 954 1606 et
979 1568 1169 1607 hominem
1195 1583 1218 1607 a
1244 1569 1398 1617 domino
1425 1570 1507 1608 eius

177 1619 333 1657 alienat.
406 1619 529 1658 Porro
574 1635 658 1660 cum
702 1623 824 1662 furem
869 1625 979 1663 nobis
1017 1625 1210 1665 diabolum
1256 1627 1507 1678 demonstret,

178 1677 284 1714 cuius
310 1676 443 1720 horam
470 1680 584 1717 etiam
611 1681 648 1717 in
674 1681 904 1732 primordio,
938 1683 969 1721 si
996 1683 1110 1722 homo
1137 1686 1292 1732 scisset,
1320 1699 1508 1738 nunquam

176 1733 223 1770 ab
251 1746 298 1771 eo
324 1734 507 1773 suffossus
533 1745 648 1784 esset,
675 1746 884 1790 propterea
910 1740 1028 1788 iubet,
1055 1749 1097 1779 ut
1121 1744 1246 1794 parati
1267 1744 1394 1790 simus,
1422 1740 1510 1795 quia

177 1803 250 1841 qua
276 1804 351 1828 non
376 1799 550 1843 putamus
576 1794 684 1841 hora,
718 1796 816 1834 filius
842 1797 1006 1838 hominis
1032 1797 1270 1850 adveniet‚4)
1299 1814 1376 1839 non
1402 1801 1510 1853 quasi

175 1848 258 1898 ipse
285 1850 334 1886 sit
358 1849 430 1896 fur,
458 1850 526 1888 sed
551 1850 668 1890 iudex
693 1851 846 1892 scillcet
872 1868 1017 1908 corum,
1046 1858 1106 1908 qui
1129 1871 1267 1897 senon
1287 1859 1511 1915 paraverint

176 1917 250 1942 nec
278 1908 450 1945 caverint
473 1909 609 1947 furem.
671 1909 777 1963 Ergo
804 1913 836 1950 si
862 1912 944 1964 ipse
976 1915 1164 1954 estfflius
1189 1916 1371 1963 hominis,
1411 1915 1510 1955 iudi-

180 1973 263 1999 cem
289 1969 423 2010 teneo,
463 1972 502 2002 et
527 1967 565 2003 in
591 1966 717 2006 iudice
746 1977 964 2009 creatorem
992 1970 1180 2021 defendo,
1219 1975 1251 2013 si
1275 1986 1368 2012 vero
1397 1973 1509 2012 Chri·

179 2025 276 2055 stum
304 2022 491 2059 creatoris
517 2023 554 2060 in
581 2027 732 2064 nomine
760 2027 826 2069 filii
853 2028 1017 2068 hominis
1042 2030 1120 2069 hoc
1144 2031 1233 2070 loco
1261 2030 1442 2079 ostendit,
1469 2038 1511 2070 ut

180 2087 267 2112 eum
291 2076 413 2115 furem
440 2080 669 2129 portendat,
710 2086 772 2135 qui
806 2085 956 2137 quando
989 2095 1171 2127 venturus
1198 2090 1248 2127 sit
1273 2090 1507 2140 ignoremtl8‚

179 2131 299 2170 habes
326 2146 439 2185 supra
464 2138 663 2189 scriptum,
704 2143 892 2181 nemiuem
919 2145 976 2193 rei
1003 2158 1093 2184 suae
1118 2147 1242 2185 furem
1269 2160 1374 2194 esse,
1400 2148 1506 2186 salvo

181 2195 221 2226 et
245 2189 336 2238 illo,
376 2192 495 2243 quod,
522 2195 560 2233 in
593 2205 771 2248 quantum
797 2200 1005 2241 timendum
1032 2211 1254 2243 creatorem·
1279 2206 1441 2256 ingerit,
1469 2206 1508 2244 in

180 2252 324 2286 tantum
355 2249 410 2287 illi
442 2254 637 2302 negotium
667 2269 812 2307 agens,
860 2261 1049 2299 creatoris
1082 2265 1153 2300 es‘t.
1215 2262 1349 2315 Itaque
1388 2263 1511 2302 inter-

180 2307 332 2354 roganti
358 2306 493 2355 Petro,
514 2311 569 2366 ‘in
596 2312 687 2351 -illos
719 2327 768 2353 an
794 2322 834 2354 et
857 2317 896 2354 in
923 2331 1053 2357 omnes
1079 2316 1302 2371 parabolam
1328 2319 1515 2367 dixisset,

182 2358 231 2397 ad
262 2362 364 2413 ipsos
396 2372 435 2403 et
467 2365 515 2404 ad
550 2370 774 2418 universos,
815 2374 878 2424 qui
911 2376 1089 2416 ecclesiis
1116 2373 1330 2429 praefuturi
1363 2383 1506 2422 essent,

182 2421 362 2468 proponit
386 2430 558 2463 actorum
584 2427 887 2477 similitudinem,
928 2446 1106 2483 quorum,
1146 2436 1210 2486 qui
1235 2435 1335 2473 bene
1361 2440 1508 2472 tracta-

186 2500 468 2515 5——

248 2553 314 2607 ss)
351 2558 433 2590 Luc.
459 2563 512 2603 12,
539 2565 591 2595 31.
708 2567 744 2606 2)
779 2568 861 2600 Luc.
890 2571 944 2609 12,
973 2572 1026 2603 35.
1054 2573 1109 2603 36.
1217 2572 1252 2611 3)
1290 2572 1370 2605 ibid.
1397 2582 1429 2603 v.
1454 2573 1507 2603 39.

183 2596 220 2642 4)
247 2600 436 2636 ibitis-40.
709 2619 715 2623 -
888 2623 903 2635 ,=
