1604 2800
151 231 219 268 82
520 227 593 259 DE
630 225 822 257 CARNE
859 225 1111 256 CHRISTI.

153 326 240 364 tatis
281 322 512 361 exhaustus?
571 319 622 357 Et
657 319 689 356 si
727 318 942 357 resurrexit
979 317 1017 355 in
1055 316 1268 368 exemplum
1301 317 1384 369 spei
1415 330 1486 356 no-

152 390 276 427 strae,
317 392 386 418 cur
419 378 512 416 nihil
546 377 622 416 tale
649 375 697 414 de
723 376 836 414 nobis
861 375 1063 428 probatum
1091 376 1175 413 est?
1232 373 1376 413 Merito
1402 369 1488 414 eth-

152 440 229 478 nici
268 437 378 485 talia,
417 435 486 475 sed
523 436 661 475 merito
694 441 733 473 et
764 433 968 472 haeretici.
1030 430 1223 485 Numquid
1255 433 1355 471 enim
1387 433 1490 472 inter

154 498 242 536 illos
281 495 415 541 distat,
455 494 527 532 nisi
565 491 667 546 quod
705 492 851 531 ethnici
889 504 966 529 non
999 489 1196 530 credendo
1229 489 1413 538 credunt,
1438 497 1491 529 at

153 554 342 593 haeretici
371 550 568 591 credendo
595 563 671 589 non
699 549 887 589 credunt?
929 548 1083 600 Legunt
1108 548 1293 600 denique:
1321 549 1491 588 minora-

155 613 202 651 sti
229 625 312 651 eum
340 609 494 649 modico
523 610 620 648 citra
652 608 832 660 angelos,
850 609 887 657 1)
915 614 955 646 et
980 613 1126 658 negant
1151 606 1376 646 inferiorem
1402 606 1492 645 sub-

154 671 331 709 stantiam
360 667 522 714 Christi,
550 680 623 706 nec
650 666 843 705 hominem
869 679 924 712 se,
952 664 1021 704 sed
1045 677 1215 703 vermem
1241 665 1492 717 pronuntian-

154 729 222 774 tis,
262 727 324 778 qui
351 739 423 764 nec
450 726 610 763 formam
636 724 770 763 habuit
793 737 867 763 nec
893 724 1084 775 speciem,
1100 723 1141 775 2)
1165 720 1235 761 sed
1260 723 1385 762 forma
1410 723 1494 761 eius

156 784 350 835 ignobilis,
378 782 563 834 despecta
590 782 689 820 citra
715 794 847 819 omnes
874 782 1067 827 homines,
1094 780 1208 818 homo
1235 781 1274 819 in
1299 781 1428 833 plaga,
1455 786 1496 819 et
1520 801 1528 809 ·

158 843 284 880 sciens
335 841 439 878 ferre
483 838 853 886 imbecillitatem.³)
915 837 1146 888 Agnoscunt
1187 837 1380 876 hominem
1418 836 1494 877 deo

158 900 334 943 mixtum,
374 904 414 936 et
444 903 589 948 negant
620 896 824 934 hominem.
885 895 1079 933 Mortuum
1106 893 1288 941 credunt,
1327 902 1368 934 et
1393 893 1495 948 quod

159 963 218 994 est
243 962 430 994 mortuum
459 967 508 992 ex
531 954 796 1005 incorruptela
821 960 948 991 natum
976 966 1061 992 esse
1089 951 1347 1000 contendunt,
1387 953 1495 1004 quasi

161 1013 384 1064 corruptela
421 1010 524 1050 aliud
556 1013 606 1050 sit
636 1024 660 1049 a
691 1017 829 1049 morte.
893 1009 972 1048 Sed
1004 1017 1046 1048 et
1076 1017 1211 1048 nostra
1242 1022 1335 1048 caro
1367 1010 1494 1049 statim

158 1083 366 1122 resurgere
394 1068 573 1108 debebat.
635 1068 844 1120 Exspecta,
872 1066 1038 1106 nondum
1064 1067 1242 1106 inimicos
1267 1080 1358 1106 suos
1383 1066 1496 1106 Chri-

159 1135 240 1166 stus
266 1128 477 1180 oppressit,
504 1133 546 1164 ut
572 1139 654 1164 cum
681 1126 815 1165 amicis
841 1124 889 1164 de
917 1125 1082 1164 inimicis
1107 1125 1327 1179 triumphet.

278 1186 343 1227 16.
396 1184 557 1236 Insuper
587 1182 880 1235 argumentandi
914 1182 1071 1222 libidine
1110 1196 1160 1222 ex
1190 1183 1313 1222 forma
1350 1184 1498 1235 ingenii

160 1243 351 1282 haeretici
384 1242 511 1281 locum
544 1242 616 1280 sibi
650 1242 743 1280 fecit
773 1240 1001 1280 Alexander
1031 1241 1117 1289 ille,
1156 1241 1264 1294 quasi
1295 1254 1366 1280 nos
1396 1240 1499 1280 affir-

160 1314 324 1347 memus,
363 1299 513 1338 idcirco
548 1299 740 1338 Christum
771 1300 918 1338 terreni
953 1312 1090 1338 census
1122 1298 1293 1338 induisse
1326 1311 1496 1346 carnem,

161 1366 203 1396 ut
228 1365 437 1396 evacuaret
462 1359 500 1395 in
526 1364 649 1395 semet
673 1358 757 1409 ipso
785 1370 940 1395 carnem
967 1358 1132 1409 pcccati.
1196 1356 1308 1406 Quod
1341 1357 1415 1396 etsi
1441 1355 1500 1396 di-

165 1427 354 1461 ceremus,
382 1427 607 1465 quacunque
634 1415 784 1452 ratione
811 1416 1042 1453 muniremus
1062 1416 1292 1454 sententiam
1313 1421 1496 1462 nostram,

165 1470 252 1509 dum
277 1484 325 1509 ne
352 1478 459 1509 tauta
484 1472 668 1517 amentia,
696 1484 768 1522 qua
793 1472 958 1522 putavit,
993 1479 1170 1523 tanquam
1195 1474 1316 1524 ipsam
1344 1472 1499 1512 caruem

166 1528 311 1566 Christi
338 1529 538 1579 opinemur
562 1535 604 1565 ut
628 1529 909 1579 peccatricem,
950 1536 1175 1567 evacuatam
1200 1531 1239 1567 in
1270 1532 1374 1581 ipso,
1414 1543 1499 1569 cum

165 1586 269 1624 illam
295 1592 334 1624 et
361 1585 409 1623 ad
436 1584 634 1623 dexteram
660 1586 780 1637 patris
806 1586 843 1623 in
871 1586 991 1624 coelis
1024 1585 1249 1637 praesidere
1282 1588 1501 1626 memineri-

166 1656 266 1690 mus,
306 1649 347 1682 et
369 1649 568 1681 venturam
594 1641 683 1681 inde
709 1650 893 1694 suggestu
918 1650 1104 1695 paternae
1132 1644 1320 1683 claritatis
1345 1643 1499 1696 praedi-

167 1713 310 1739 cemus.
370 1699 484 1738 Adeo
511 1707 552 1738 ut
577 1707 801 1738 evacuatam
828 1714 904 1738 non
930 1714 1130 1752 possumus
1156 1699 1309 1748 dicere,
1341 1702 1394 1740 ita
1428 1714 1501 1741 nec

166 1759 448 1810 peccatricem,
488 1770 560 1796 nec
592 1765 836 1804 evacuatam,
875 1759 912 1796 in
940 1771 1012 1810 qua
1039 1757 1149 1796 dolus
1175 1772 1250 1797 non
1278 1759 1361 1798 fuit.
1423 1758 1502 1799 De-

166 1814 354 1854 fendimus
391 1822 537 1862 autem,
577 1828 652 1853 non
692 1829 846 1854 carnem
884 1817 1037 1868 peccati
1075 1823 1299 1855 evacuatam
1338 1829 1425 1856 esse
1462 1818 1501 1856 in

169 1873 343 1920 Christo,
371 1872 439 1912 sed
465 1879 668 1924 peccatum
695 1874 841 1920 carnis,
869 1887 944 1911 non
972 1875 1190 1922 materiam,
1217 1873 1285 1913 sed
1312 1874 1500 1921 naturam,

168 1943 240 1968 nec
268 1931 536 1977 substantiam,
570 1930 639 1969 sed
665 1931 834 1983 culpam,
862 1931 1070 1970 secundum
1097 1932 1263 1984 ap‘ostoli
1289 1933 1501 1971 auctorita-

169 1994 244 2024 tem
278 1986 461 2026 dicentis:
501 1989 701 2026 evacuavit
732 1996 934 2040 peccatum
966 1991 1004 2027 in
1031 1989 1168 2038 c‘arne3
1207 2003 1292 2028 nam
1325 1996 1366 2028 et
1390 1989 1500 2029 alibi:

170 2044 208 2081 in
234 2043 493 2090 similitudine,
520 2046 654 2097 inquit,
682 2048 809 2085 carnis
835 2049 1037 2099 peccati4)
1058 2048 1176 2086 fuisse
1191 2046 1398 2094 Christum,
1425 2059 1501 2085 non

171 2099 273 2151 quod
305 2101 588 2140 similitudinem
622 2105 748 2142 carnis
779 2106 999 2157 acceperit,
1039 2106 1145 2157 quasi
1176 2105 1381 2156 imaginem
1414 2117 1502 2144 cor-

170 2159 276 2210 poris
302 2165 342 2197 et
367 2172 442 2196 non
475 2160 695 2208 veritatem,
733 2162 801 2201 sed
833 2162 1116 2201 similitudinem
1149 2163 1383 2214 peccatricis
1415 2175 1502 2201 car-

170 2215 230 2253 nis
264 2216 345 2254 vult
382 2217 564 2268 intelligi3
615 2218 716 2270 quod
752 2220 835 2271 ipsa
873 2234 948 2259 non
987 2221 1188 2272 peccatrix
1227 2233 1320 2259 caro
1359 2219 1503 2259 Christi

171 2273 254 2311 eius
279 2273 350 2311 fuit
375 2287 463 2325 par,
491 2275 598 2313 cuius
625 2284 709 2314 crat
735 2285 936 2329 peccatum
962 2291 1127 2329 genere,
1155 2292 1231 2316 nou
1255 2277 1349 2316 vitio
1375 2275 1501 2324 Adae,

172 2329 324 2381 quando
351 2331 440 2370 hinc
466 2332 581 2370 etiam
609 2334 875 2379 confirmamus
901 2348 985 2374 eam
1010 2336 1128 2374 fuisse
1155 2347 1309 2374 carnem
1336 2336 1375 2374 in
1390 2334 1502 2373 Chri-

171 2393 250 2433 sto,
291 2390 397 2427 cuius
428 2396 563 2428 natura
596 2398 655 2428 est
685 2392 722 2429 in
755 2392 908 2431 homine
940 2394 1154 2445 peccatrix.
1215 2392 1266 2431 Et
1291 2393 1348 2431 sic
1373 2393 1411 2431 in
1436 2390 1502 2430 illa

173 2452 372 2493 peccatum
401 2453 644 2495 evacuatum,
679 2449 778 2500 quod
813 2451 850 2488 in
879 2451 1032 2489 Christo
1059 2451 1142 2489 sine
1167 2456 1332 2502 peccato
1357 2447 1502 2488 habea-

174 2507 252 2546 tur,
293 2515 388 2553 quae
427 2505 465 2542 in
496 2504 650 2544 homine
683 2507 763 2545 sine
796 2515 960 2559 peccato
997 2521 1074 2546 non
1111 2507 1336 2547 habebatur.
1403 2503 1501 2544 Nam

268 2630 304 2666 1)
331 2630 383 2661 rs,
400 2632 431 2667 8,
446 2634 477 2662 6.
573 2634 608 2672 2)
627 2635 680 2665 rs.
696 2636 750 2675 22,
766 2636 797 2667 τ.
895 2632 933 2677 a)
959 2636 1022 2666 ies.
1039 2635 1093 2674 53,
1109 2636 1139 2665 2.
1234 2631 1273 2677 4)
1300 2633 1491 2673 Rom.s,3.
