1624 2826
368 214 492 246 ADV.
527 213 889 245 MAncmNEM
925 214 1100 247 MBER
1130 215 1171 247 v.
1348 212 1442 250 ,τῦ

124 305 219 346 «leus
244 312 368 358 pater.
428 305 488 345 Ex
514 319 588 358 quo
620 307 747 345 omnia
761 307 798 355 1)
838 306 973 355 nobis,
1012 306 1082 346 nisi
1110 307 1216 346 cuius
1243 307 1394 345 omnia?
1412 307 1450 349 ²)

125 363 319 413 Quaenam
345 364 443 402 ista?
468 363 596 402 Habes
622 364 658 402 iu
685 366 919 416 praeteritis,
948 366 1073 403 onmia
1097 372 1226 403 vestra
1246 371 1344 411 sunt,
1372 365 1451 402 sive

123 421 282 468 Paulus,
319 422 399 460 sive
424 420 587 474 Apollo,
625 423 706 461 sive
733 422 903 474 Cephas,
941 424 1022 461 sive
1050 422 1226 469 muudus,
1254 423 1334 460 sive
1359 422 1451 467 vita,

124 480 204 518 sive
236 492 356 526 morS,
394 480 474 518 sive
506 481 746 531 praesentia,
785 481 865 519 sive
897 481 1083 532 futui-a.³)
1144 478 1254 518 Adeo
1288 480 1452 517 omnium

125 536 237 576 deum
275 544 491 576 creatorem
524 538 636 584 facit,
675 551 695 576 a
723 551 796 590 quo
830 545 869 576 et
902 538 1060 576 mundus
1092 545 1132 577 et
1161 539 1239 576 vita
1272 544 1312 575 et
1337 549 1451 582 mors,

126 607 223 647 quae
260 595 419 633 alterius
457 594 641 633 dei-esse
679 609 755 633 non
792 603 963 647 possunt.
1023 594 1084 634 Ab
1124 608 1171 634 eo
1199 597 1322 647 igitur
1353 601 1455 632 inter

126 653 252 691 omnia
289 659 328 690 et
359 652 545 690 Christus.
606 651 667 690 Ex
698 653 830 692 labore
863 667 931 691 suo
969 665 1271 704 unumquemque
1309 651 1455 690 (locens

123 711 255 749 vivere
281 711 531 762 oportere,⁴)
570 710 661 748 satis
687 711 862 762 exempla
888 712 1141 762 praemiserat
1171 710 1348 755 militum,
1387 721 1455 760 pa-

125 774 296 814 storum,
340 768 640 814 rusticorum35)
680 767 748 805 sed
791 767 918 805 divina
956 768 1010 805 illi
1054 767 1266 805 auctoritas
1305 765 1453 804 deerat.

125 823 271 875 Legem
303 824 423 875 igitur
447 824 606 875 opponit
637 825 826 862 creatoris
852 826 1033 875 ingratis,
1074 838 1183 876 quam
1211 823 1454 870 destruebat,

125 882 183 920 sui
209 882 310 920 enim
335 880 398 919 dei
426 881 564 919 nullam
593 881 706 919 talem
739 881 919 920 habebat.
983 881 1096 928 Bovi,
1135 882 1274 933 inquit,
1314 881 1455 919 terenti

126 952 170 977 os
195 952 271 977 non
297 938 506 989 obligabis,
533 945 573 977 et
598 938 749 977 adiicit:
790 938 966 992 numquid
993 938 1041 978 de
1067 939 1188 977 bubus
1213 939 1383 990 pertinet
1407 936 1456 976 ad

127 994 344 1035 dominum?
369 997 484 1034 etiam
508 995 630 1034 bubus
656 1003 817 1049 propter
842 997 1014 1035 homines
1040 997 1272 1048 benignum?
1297 1002 1458 1048 propter

127 1060 198 1092 nos
222 1054 323 1092 enim
348 1055 529 1105 scriptum
557 1061 628 1101 est,
655 1055 834 1106 inquit.⁶)
881 1055 985 1106 Ergo
1001 1062 1041 1093 et
1060 1055 1184 1106 legem
1205 1055 1455 1104 allegoricam

128 1110 335 1150 seeundum
363 1125 432 1150 uos
457 1111 647 1163 probavit,
675 1119 714 1149 et
739 1111 786 1150 de
814 1113 1017 1164 evangelio
1042 1113 1257 1151 viventibus
1285 1111 1456 1162 patroci—

129 1169 342 1219 nantem,‘¹)
369 1182 414 1207 ac
441 1176 600 1220 propter
624 1169 698 1207 hoc
726 1183 800 1207 non
827 1170 984 1207 alterius
1011 1183 1095 1208 esse
1111 1169 1456 1219 evangelizatores,

131 1238 240 1277 quam
273 1226 380 1263 cuius
411 1225 493 1271 lex,
533 1239 629 1276 quae
662 1227 862 1277 prospexit
893 1227 988 1273 iltis,
1031 1240 1114 1264 cum
1147 1225 1259 1263 dicit:
1299 1231 1458 1276 propter

130 1295 201 1321 nos
238 1283 336 1321 enim
375 1283 556 1334 scriptum
595 1289 666 1321 est.
741 1282 818 1321 Sed
858 1284 978 1322 noluit
1022 1285 1076 1321 uti
1114 1283 1211 1335 legis
1249 1288 1456 1334 potestate,

132 1341 218 1392 quia
244 1340 375 1378 maluit
401 1341 520 1390 gratis
546 1340 737 1378 laborare.
800 1340 883 1379 Iloc
915 1340 962 1379 ad
995 1341 1157 1392 gloriam
1183 1353 1286 1379 suam
1313 1339 1458 1384 retulit,

132 1410 240 1450 quam
267 1398 424 1448 negavit
449 1410 671 1449 quemquam
699 1405 993 1444 evacuaturum,
1014 1399 1053 1448 8)
1092 1412 1166 1436 non
1193 1396 1242 1435 ad
1268 1398 1366 1448 legis
1392 1395 1458 1434 de-

132 1455 396 1500 structionem,
429 1467 502 1505 qua
527 1455 640 1493 alium
668 1455 844 1506 probavit
868 1468 1034 1493 usurum.
1098 1454 1203 1494 Ecce
1230 1455 1330 1493 enim
1357 1460 1397 1492 et
1422 1454 1458 1491 in

131 1519 278 1565 petram
305 1510 467 1550 offendit
492 1524 631 1550 caecus
656 1512 852 1559 Marcion,
879 1512 927 1552 de
955 1526 1027 1564 qua
1052 1513 1237 1551 bibebant
1262 1513 1299 1550 in
1326 1512 1460 1550 solitu-

132 1569 220 1608 dine
246 1576 376 1622 patres
402 1570 535 1608 nostri.
599 1568 640 1607 Si
672 1571 770 1609 enim
798 1577 908 1622 petra
933 1571 998 1608 illa
1025 1570 1198 1608 Christus
1224 1570 1355 1620 fuit‚⁹)
1387 1569 1461 1606 uti-

133 1640 207 1680 que
233 1627 439 1674 creatoris,
479 1628 585 1665 cuius
612 1634 651 1666 et
681 1628 855 1680 populus.
918 1628 988 1666 Cui
1015 1629 1072 1666 rei
1100 1628 1259 1679 figuram
1286 1626 1460 1666 extranei

132 1685 692 1736 sacramenti·interpretatur?
738 1684 799 1724 An
826 1693 866 1724 ut
892 1685 966 1724 hoc
992 1687 1112 1738 ipsum
1139 1685 1325 1731 doceret,
1365 1684 1461 1734 figu-

130 1736 218 1780 iata
243 1743 361 1780 fuisse
387 1750 520 1781 vetera
546 1743 584 1780 in
611 1742 800 1781 Christum
834 1756 882 1781 ex
907 1744 983 1781 illis
1009 1741 1314 1781 recensendum?
1362 1740 1460 1778 Nam

135 1805 175 1837 et
199 1799 384 1849 reliquum
412 1800 552 1836 exitum
579 1800 707 1849 populi
723 1798 953 1837 decursurus
967 1800 1196 1850 praemittit:
1224 1799 1320 1836 haec
1336 1804 1462 1835 autem

136 1856 314 1906 exempla
339 1856 448 1893 nobis
474 1861 560 1892 sunt
586 1856 722 1892 facta.¹
739 1855 778 1906 ⁰)
816 1855 887 1894 Dic
914 1856 1024 1894 mihi:
1051 1869 1072 1893 a
1100 1862 1279 1894 creatore
1305 1855 1462 1893 alterius

137 1912 290 1965 quidem
321 1913 444 1964 ignoti
476 1911 538 1950 dei
565 1912 779 1950 hominibus
812 1913 988 1966 exempla
1019 1920 1106 1951 sunt
1131 1914 1253 1959 facta,
1293 1925 1340 1950 an
1366 1913 1463 1950 alius

137 1970 232 2010 deus
256 1970 304 2009 ab
331 1971 407 2009 alio
434 1976 625 2008 mutuatur
650 1970 843 2022 exempla,
871 1978 910 2009 et
935 1970 1086 2023 quidem
1113 1971 1288 2010 aemulo?
1312 1969 1370 2008 De
1396 1969 1462 2008 illo

138 2041 197 2067 me
225 2035 346 2067 terret
371 2028 461 2074 sibi,
494 2041 515 2065 a
538 2041 612 2078 quo
639 2026 748 2066 fidem
775 2041 896 2067 meam
923 2029 1130 2067 transfert?
1175 2027 1377 2066 Meliorem
1404 2039 1463 2065 me

138 2087 193 2125 illi
229 2085 472 2124 adversarius
504 2085 652 2123 faciet?
687 2084 763 2123 Iam
802 2086 834 2124 si
866 2085 1064 2138 deliquero
1097 2085 1251 2131 eadem,
1291 2098 1388 2137 quae
1426 2091 1466 2123 et

139 2144 314 2195 populus,
341 2142 527 2182 eademne
554 2155 732 2194 passurus
756 2145 911 2195 sum¹¹)
939 2158 985 2182 an
1014 2147 1113 2182 nou?
1159 2144 1304 2195 Atquin
1331 2143 1362 2181 si
1389 2156 1464 2180 non

140 2199 296 2247 eudem,
332 2214 430 2239 vane
457 2201 547 2238 mihi
575 2199 740 2239 timenda
765 2203 963 2254 proponit,
1003 2215 1098 2253 quae
1116 2215 1201 2240 non
1228 2214 1307 2253 sum
1332 2212 1466 2253 passu-

141 2271 218 2296 rus.
279 2258 476 2301 Passurus?
500 2263 628 2296 autem'
663 2271 685 2296 a
722 2271 796 2310 quo
827 2262 922 2306 ero?
969 2260 1000 2298 si
1037 2273 1057 2298 a
1097 2256 1466 2309 creatore,22›qualia

142 2316 318 2366 infligere
344 2316 461 2367 ipsius
486 2316 571 2354 est?
591 2321 633 2354 et
657 2316 767 2368 quale
793 2317 880 2364 erit,
906 2323 948 2355 ut
971 2323 1218 2369 peecatorem
1245 2310 1384 2353 aeniuli
1410 2312 1467 2351 ‘sui

237 2431 272 2469 1)
299 2430 342 2460 ib.
366 2439 396 2460 v.
421 2433 451 2461 6.
548 2431 584 2469 2)
610 2432 685 2461 Lat.
708 2433 742 2462 et
766 2432 820 2462 Fr.
846 2432 983 2464 lunius:
1015 2429 1121 2462 'deus
1142 2433 1283 2471 pater,
1310 2438 1360 2461 ex
1386 2438 1467 2466 quo

144 2475 295 2507 omnia.
343 2476 397 2507 Ex
430 2486 508 2515 quo
535 2478 673 2507 omnia
699 2478 838 2517 nobis,
858 2478 944 2508 nisi
970 2478 1092 2509 cuius
1119 2477 1284 2508 omniaz
1387 2476 1422 2514 3)
1447 2475 1466 2504 1

146 2523 223 2553 Cor.
238 2522 270 2562 3,
286 2523 328 2552 21
343 2532 391 2561 sq.
487 2524 524 2563 4)
552 2525 570 2553 1
591 2525 667 2554 Cor.
689 2524 720 2563 9,
745 2525 798 2554 13.
894 2523 932 2566 5)
958 2524 1001 2555 ib.
1022 2533 1051 2554 v.
1073 2525 1104 2553 7.
1199 2524 1236 2563 6)
1263 2522 1306 2552 ib.
1320 2530 1353 2552 v.
1367 2522 1469 2552 9.1ο.

146 2567 248 2599 Deut.
267 2570 322 2610 25,
341 2570 374 2600 4.
471 2571 508 2607 7)
537 2571 555 2599 1
572 2571 648 2601 Cor.
669 2572 701 2609 9,
725 2571 765 2600 13
777 2579 827 2608 sq.
877 2570 980 2600 Dent.
994 2571 1082 2610 18,1
1098 2578 1148 2608 sq.
1245 2567 1282 2611 8)
1310 2570 1328 2598 1
1344 2569 1421 2599 Cor.
1437 2570 1469 2608 9,

148 2615 190 2644 15
205 2623 276 2653 sqq.
371 2616 407 2656 9)
431 2617 449 2646 1
466 2618 542 2647 Cor.
560 2618 613 2655 10,
628 2617 660 2645 4.
755 2616 813 2656 10)
842 2615 885 2647 ib.
902 2626 932 2648 v.
947 2618 979 2648 6.
1081 2614 1140 2657 11)
1166 2615 1209 2646 ib.
1225 2624 1254 2647 v.
1271 2616 1290 2644 Ἰ
1306 2623 1378 2653 sqq.

1102 2659 1184 2702 18*
