1566 2808
141 195 214 233 56
409 197 536 231 ADv.
572 197 934 228 MARcmNEM
967 196 1145 227 ΜΒΕΒ
1180 196 1203 226 1.

145 304 229 330 cum
262 297 339 328 tam
370 289 532 328 modicis
564 297 630 327 aut.
661 290 802 327 iuvaris
834 296 898 327 aut
931 287 1118 334 laederis,
1157 294 1200 326 ut
1231 299 1303 325 nee
1329 286 1367 324 in
1391 299 1474 325 mo-

145 348 243 387 dicis
271 347 466 398 despicias
493 348 736 385 creatorem?
784 345 983 385 Postremo
1010 353 1048 384 te
1077 345 1143 383 tibi
1170 343 1389 390 circumfer,
1416 345 1475 385 in-

143 413 204 444 tus
231 418 276 443 ac
302 405 399 442 foris
426 403 633 442 considera
658 404 867 450 homiuem:
902 403 1070 454 placebit
1095 403 1164 441 tibi
1191 403 1251 441 vel
1277 401 1352 439 hoc
1379 414 1474 452 opus

144 462 207 500 dei
234 462 377 507 nostri,
406 461 507 512 quod
538 468 624 499 tuus
650 460 843 507 dominus,
877 462 940 499 ille
969 460 1061 499 deus
1086 461 1240 506 melior,
1268 457 1472 506 adamavit,

143 526 306 572 propter
338 532 448 570 quem
480 519 518 556 in
544 519 640 557 baec
667 519 894 570 paupertina
920 519 1111 557 elementa
1142 517 1190 556 de
1216 517 1331 556 tertio
1360 516 1472 554 coelo

144 575 386 615 descendere
414 576 616 622 laboravit,
645 578 752 614 cuius
779 589 926 623 caussa,
954 577 991 613 in
1018 576 1089 614 hae
1112 575 1258 614 >cellula
1283 573 1472 612 creatoris

142 635 276 681 etiam,
322 634 527 672 crucifixus
565 641 636 672 est.
699 632 776 673 Sed
816 634 880 671 ille
919 632 1069 684 quidem
1106 645 1225 684 usque
1262 643 1360 669 nune
1399 643 1472 679 nee

142 705 278 743 aquam
316 692 540 742 reprobavit
576 692 784 737 creatoris,
824 704 896 742 qua
928 704 1017 728 suos
1055 690 1193 735 abluit,
1232 701 1306 726 nee
1332 687 1471 734 oleum,

143 762 217 800 quo
245 762 334 787 suos
359 749 511 798 unguit,
550 760 621 786 nec
648 749 771 786 mellis
797 755 837 785 et
863 748 974 785 lactis
1000 748 1245 792 societatem,
1284 753 1472 797 qua‘suos

142 807 323 852 infantat,
351 819 423 843 nec
451 817 605 856 panem,
641 818 713 856 quo
741 806 861 856 ipsum
889 818 1030 856 eorpus
1057 818 1161 842 suum
1188 809 1470 854 repraesentat,

143 864 258 902 etiam
273 865 310 901 in
327 863 579 901 sacramentis
599 863 765 914 propriis
791 875 910 913 egens
931 861 1240 900 mendicitatibus
1267 856 1478 899 creatoris.¹

141 920 196 959 At
215 928 255 959 tu
275 934 390 972 super
414 921 635 971 magistrum
661 919 880 971 discipulus,
908 927 948 958 et
972 933 1104 958 servus
1130 931 1246 970 super
1265 917 1469 964 dominum,

141 978 339 1016 sublimius
358 979 424 1016 illo
445 979 559 1029 sapis,
587 977 788 1016 destruens
810 990 905 1030 quae
921 978 985 1016 ille
1001 976 1208 1015 desiderat.
1236 975 1338 1014 Volo
1353 975 1471 1027 inspi-

143 1048 248 1083 cere,
270 1037 301 1074 si
315 1048 364 1074 ex
379 1034 471 1082 fide,
499 1036 632 1073 saltem
647 1042 777 1073 utnon
793 1042 832 1073 et
845 1036 939 1086 ipse,
968 1047 1064 1086 quae
1080 1034 1264 1080 destruis,
1292 1039 1467 1084 appetas.

140 1092 227 1131 Adv
231 1094 373 1131 eisaris
394 1093 506 1131 coelo
528 1100 568 1131 et
582 1092 799 1130 libertatem
823 1093 953 1131 coeli
945 1107 982 1130 in
1002 1091 1302 1131 habitationibus
1323 1097 1468 1142 captas.

141 1149 320 1201 Despicis
350 1157 493 1188 terram
525 1150 637 1200 plane
670 1151 847 1188 inimicae
880 1151 953 1188 iam
986 1157 1075 1188 tuae
1102 1151 1230 1188 carnis
1255 1148 1467 1195 matricem,

142 1214 182 1245 et
219 1220 350 1245 omnes
389 1205 574 1244 medullas
611 1207 692 1244 eius
734 1208 852 1245 victui
897 1214 1118 1259 extorques
1192 1205 1392 1257 Reprobas
1430 1211 1471 1244 et

140 1278 266 1311 mare,
305 1263 373 1303 sed
406 1277 524 1315 usque
557 1262 604 1302 ad
639 1265 771 1316 copias
803 1266 903 1311 eius,
942 1278 1034 1316 quas
1073 1265 1314 1302 sanctiorem
1344 1262 1469 1302 cibum

142 1321 316 1373 deputas.
378 1321 517 1359 Rosam
550 1322 618 1359 tibi
644 1323 676 1360 si
704 1322 902 1370 obtulero,
934 1336 1010 1360 non
1035 1321 1210 1361 fastidies
1237 1328 1468 1370 creatorem.

141 1378 375 1430 Hypocrita,
403 1386 444 1416 ut
469 1376 774 1432 ἀποκαρτερήσει
797 1380 939 1430 probes
965 1387 1003 1418 te
1028 1380 1318 1426 Marcionitam,
1345 1378 1385 1417 id
1410 1385 1471 1418 est

140 1435 427 1487 repudiatorem
461 1437 651 1473 creatoris
666 1437 717 1484 ¹).
779 1436 877 1474 Nam
910 1437 1007 1474 haec
1039 1436 1139 1488 apud
1170 1450 1238 1475 vos
1271 1449 1341 1487 pro
1368 1448 1469 1474 mar-

138 1495 241 1544 tyrio
268 1493 444 1531 affectari
477 1492 690 1540 debuisset,
729 1494 760 1531 si
791 1494 900 1532 vobis
932 1493 1090 1532 mundus
1123 1493 1362 1545 displiceret.
1422 1492 1468 1532 In

140 1555 403 1602 quameunque
436 1551 635 1588 materiam
668 1550 894 1597 resolveris,
929 1551 1141 1589 substantia
1167 1552 1356 1595 creatoris
1384 1558 1468 1590 ute-

137 1609 202 1646 ris.
255 1608 404 1656 Quanta
431 1608 639 1649 obstinatio
667 1607 830 1647 duritiae
858 1610 965 1647 tuae!
1016 1609 1240 1661 Depretias,
1268 1610 1306 1647 in
1333 1608 1468 1660 quibus

137 1673 177 1703 et
200 1666 296 1704 vivis
322 1673 361 1704 et
386 1667 561 1705 moreris.

254 1727 319 1764 15.
341 1748 346 1753 -
369 1723 462 1761 Post
486 1723 582 1762 haee
607 1725 669 1762 vel
695 1731 783 1763 ante
811 1724 907 1763 haec
935 1739 1018 1763 cum
1046 1724 1208 1772 dixeris,
1235 1737 1320 1763 esse
1347 1730 1387 1762 et
1411 1723 1467 1762 illi

137 1779 398 1819 conditionem
437 1794 554 1818 suam.
579 1789 619 1819 et
650 1795 756 1819 suum
788 1782 964 1820 mundum
998 1790 1038 1820 et
1069 1796 1175 1820 suum
1209 1783 1377 1832 coelum,
1417 1779 1465 1820 de

135 1839 248 1876 coelo
276 1838 426 1890 quidem
453 1839 519 1876 illo
546 1839 662 1877 tertio
688 1838 920 1885 xidebimus,
950 1840 980 1877 si
1007 1847 1047 1878 et
1072 1839 1120 1879 ad
1145 1839 1372 1892 Apostolum
1398 1851 1466 1878 ve-

133 1902 252 1933 strum
278 1895 558 1934 discutiendum
578 1899 879 1948 pervenerimus
914 1897 1070 1936 Interim
1099 1909 1349 1949 quaecunque
1375 1896 1465 1936 sub·

133 1954 273 1991 stantia
299 1961 376 2000 est,
417 1967 501 1991 cum
527 1967 596 1991 suo
622 1955 752 2005 utiquc.
787 1954 861 1992 deo
894 1956 1117 2005 appaiuisse
1143 1954 1346 1994 debuerat.
1409 1953 1464 1992 At

132 2023 232 2048 nunc
265 2012 376 2062 quale
410 2017 486 2057 est,
527 2017 567 2048 ut
592 2010 766 2049 dominus
797 2025 897 2049 anno
923 2011 997 2049 ΧΠ
1023 2013 1169 2055 Tiberii
1196 2012 1374 2051 Caesaris
1399 2024 1462 2050 re-

130 2068 278 2106 velatus
305 2070 371 2115 sit,
411 2068 623 2107 substantia
653 2082 747 2108 vero
774 2068 822 2106 ad
847 2068 921 2107 XV
947 2070 1020 2107 iam
1049 2069 1185 2108 Severi
1215 2068 1461 2121 imperatoris
1489 2094 1496 2101 -

130 2126 235 2163 nulla
261 2127 414 2164 omnino
449 2134 648 2178 comperta
674 2127 740 2173 sit,
768 2139 864 2178 quae
891 2127 1041 2165 frivolis
1067 2128 1257 2166 creatoris
1282 2127 1460 2180 praecel÷

130 2183 213 2220 lens
243 2184 374 2235 utique
402 2184 524 2222 latere
551 2184 732 2231 desisset,
767 2198 842 2222 non
869 2184 1015 2223 latente
1041 2185 1115 2223 iam
1142 2184 1298 2223 domino
1325 2198 1393 2223 suo
1420 2191 1461 2224 et

128 2244 316 2279 auctore?
374 2241 425 2279 Et
461 2240 549 2280 ideo
588 2243 619 2281 si
657 2243 739 2294 ipsa
777 2255 851 2280 non
888 2243 1013 2294 potuit
1044 2243 1281 2281 manifestari
1312 2243 1351 2280 in
1382 2242 1458 2282 hoe

221 2414 257 2453 1)
283 2415 391 2445 Rhen.
414 2416 466 2447 ed.
486 2418 510 2447 1.
534 2418 796 2458 Hypocrita,
833 2420 948 2449 muta
980 2421 1208 2457 poreatere
1239 2417 1275 2449 si
1301 2417 1455 2456 probe·

125 2459 183 2497 te,
224 2459 261 2489 id
295 2463 361 2491 est
392 2463 714 2502 repudiatorem
747 2465 1046 2496 Marcionitam
1080 2464 1305 2496 creatoris.
1356 2462 1454 2497 Quae

125 2513 178 2534 vv.
199 2505 239 2534 ad
262 2507 335 2537 cod.
357 2508 555 2539 Gorziensis
581 2510 678 2540 fidem
694 2511 801 2540 Rhen.
814 2514 847 2540 et
867 2511 1015 2542 mutaiit
1041 2514 1075 2541 et
1100 2509 1324 2548 transposuit.
1374 2509 1452 2546 Ipsa

125 2558 207 2579 vero
234 2551 432 2590 depravatio
459 2558 663 2595 argumento
689 2559 756 2597 est,
788 2554 960 2601 ἀποκαότ.
987 2557 1121 2597 giaecis
1146 2556 1257 2586 literis
1284 2555 1450 2593 scriptum

126 2595 244 2626 fuisse.
296 2599 345 2629 Cf.
358 2600 500 2639 Apol‘og.
517 2612 544 2632 c.
560 2603 614 2632 46.
