1566 2808
336 201 461 232 ADv.
497 199 860 231 MARCIONEM
895 199 1072 230 LIBER
1109 199 1149 230 11.
1337 197 1412 234 θ’

76 289 272 331 dacorum
294 303 389 331 vero
414 292 699 344 reposcentium
732 304 871 344 operas
902 304 1007 337 suas,
1041 298 1082 330 et
1111 297 1238 329 tamen
1263 290 1331 328 has
1355 291 1413 328 iu-

85 348 192 388 stitia
203 349 243 398 ¹)
266 349 584 388 renuntiaverunt
607 349 680 387 sibi
705 348 903 401 Aegyptii.
949 347 1074 390 Hodie
1101 346 1285 387 adversus
1308 346 1413 386 Mar·

87 405 253 445 cionitas
274 406 436 458 amplius
466 406 639 457 allegant
664 406 846 453 Hebraei,
892 413 1080 458 negantes
1106 406 1413 458 compensationi

85 463 309 514 sattqesse,
341 465 577 515 quantumvis
602 463 695 502 illud
720 465 803 502 auri
829 471 868 503 et
893 465 1057 515 argenti,
1085 464 1117 501 si
1142 469 1412 501 sexcentorum

83 518 240 559 millium
278 533 423 572 operae
459 534 531 572 per
566 527 625 559 tot
661 534 782 560 annos
812 522 873 560 vel
899 522 1057 573 singulis
1082 521 1241 559 nummis
1267 519 1413 558 diurnis

83 577 346 616 aestimentur.
403 577 509 625 Quae
535 585 660 633 autem
687 592 776 630 pars
802 580 941 625 maior,
968 579 1223 630 repetentium
1247 590 1339 615 vasa
1365 590 1413 615 an

83 635 332 673 incolentium
358 635 467 673 villas
494 642 534 674 et
558 636 698 674 urbes?
735 636 908 683 Querela
927 649 1022 687 ergo
1048 630 1172 673 maior
1194 633 1412 685 Aegyptio-

82 704 184 739 mm,
222 704 272 730 an
308 693 433 743 gratia
467 691 758 731 Hebraeorum?
816 691 866 730 Ut
896 693 979 730 solo
1012 692 1235 730 iniuriarum
1264 689 1411 728 iudicio

82 747 498 800 HebraeiflAegyptios
529 755 863 800 repercuterent„
881 749 995 787 liberi
1027 749 1201 786 homines
1232 749 1271 785 in
1297 760 1411 798 erga-

81 805 218 844 statum
249 805 418 853 subacti,
455 812 498 843 ut
530 806 632 844 solas
658 807 834 858 scapulas
859 819 946 844 suas
972 806 1124 844 scribae
1151 818 1283 844 eorum
1310 804 1411 856 apud

79 861 263 902 subsellia
298 875 367 901 sua
404 861 655 902 ostenderent
684 864 926 914 flagellorum
960 863 1239 902 contumeliosa
1264 863 1410 900 atroci-

77 926 160 959 tate
191 920 402 959 laceratas:
430 933 507 958 non
539 921 673 972 paucis
706 921 879 959 lancibus
912 927 952 959 et
983 920 1158 972 scyphis,
1184 921 1409 971 pauciorum

77 977 210 1030 utique
249 976 405 1016 divitum
445 977 605 1029 ubique,
643 977 710 1016 sed
748 979 841 1016 totis
879 985 919 1016 et
955 979 1123 1030 ipsorum
1160 977 1408 1015 facultatibus

78 1040 121 1073 et
141 1034 382 1087 popularium
409 1035 573 1073 omnium
596 1036 868 1074 collationibus
889 1033 1202 1074 satisfaciendum
1218 1034 1408 1072 Hebraeis

77 1093 365 1144 pronuntiasses
378 1094 433 1142 2).
496 1092 619 1143 Igitur
649 1093 680 1130 si
704 1093 808 1131 bona
834 1093 1098 1131 Hebraeorum
1125 1105 1279 1137 caussa,
1305 1091 1408 1128 bona

77 1148 152 1187 iam
177 1155 218 1188 et
249 1162 402 1196 caussa,
441 1148 480 1187 id
513 1156 572 1187 est
597 1149 832 1195 mandatum,
871 1150 1080 1194 creato1is,
1121 1150 1183 1200 qui
1210 1155 1249 1186 et
1272 1147 1406 1198 Aegy-

77 1206 180 1257 ptios
204 1213 337 1257 gratos
361 1207 458 1244 fecit
483 1207 720 1252 nescientes,
759 1213 799 1244 et
824 1220 929 1244 suum
959 1206 1139 1258 populum
1166 1206 1204 1243 in
1229 1212 1405 1256 tempore

78 1261 339 1315 expeditionis
374 1270 538 1314 angusto
571 1263 700 1315 aliquo
732 1260 871 1302 solatio
904 1265 1047 1302 tacitae
1081 1262 1405 1313 compensationis

77 1321 275 1372 expunxit.
338 1319 457 1359 Plane
483 1321 605 1358 minus
631 1322 736 1371 exigi
762 1319 884 1359 iussit.
946 1320 1135 1358 Hebraeis
1161 1319 1262 1357 enim
1288 1319 1404 1356 etiam

77 1376 177 1416 fitius
200 1374 389 1429 Aegyptii
413 1379 620 1415 restituere
646 1376 873 1416 debuerant.
1323 1388 1329 1391 ”

154 1442 168 1452 ·
189 1437 259 1476 21.
310 1432 376 1472 Sic
402 1441 442 1472 et
470 1435 509 1472 in
542 1435 684 1473 ceteris
717 1436 1016 1473 contrarietates
1040 1440 1340 1485 praeceptorum
1367 1433 1404 1470 ei

75 1490 306 1543 exprobras,
342 1498 386 1530 ut
410 1491 541 1535 mobili
567 1499 607 1530 et
637 1491 824 1539 instabili,
865 1492 1089 1544 prohibenti
1114 1491 1284 1530 sabbatis
1310 1502 1404 1541 ope-

74 1548 154 1587 rari
173 1555 232 1588 'et
261 1548 460 1597 iubenti³)
489 1562 619 1587 arcam
658 1550 899 1588 circumferri
930 1562 1001 1601 per
1032 1548 1116 1587 dies
1141 1555 1252 1594 octo,
1279 1545 1319 1585 id
1344 1554 1404 1584 est

73 1606 191 1646 etiam
214 1606 389 1654 sabbato,
414 1607 460 1658 in·
480 1608 765 1659 expugnatione
792 1608 958 1645 civitatis
973 1606 1171 1645 Hiericho.
1203 1604 1290 1643 Nec
1315 1604 1403 1642 sab-

72 1662 155 1702 bati
179 1663 279 1702 enim
305 1664 464 1716 inspicis
489 1664 628 1715 legem,
651 1677 771 1716 opera
791 1664 966 1710 bumana,
993 1678 1069 1702 non
1095 1663 1243 1708 divina,
1269 1662 1403 1713 prohi-

74 1719 248 1767 bentem,
285 1720 491 1772 siquidem,
529 1734 617 1767 sex,
654 1722 793 1772 inquit,
833 1721 967 1760 diebus
1005 1733 1170 1771 operare
1209 1726 1249 1757 et
1279 1719 1402 1756 facies

74 1778 202 1816 omnia
234 1789 354 1829 opera
378 1783 461 1823 tua,
500 1779 661 1829 septima
693 1785 819 1816 autem
852 1777 914 1816 die
947 1778 1107 1815 sabbata
1136 1776 1293 1815 domino
1326 1774 1401 1813 deo

73 1841 159 1882 tuo,
198 1847 275 1872 non
311 1834 434 1872 facies
470 1835 509 1871 in
548 1846 595 1872 ea
631 1847 743 1873 omne
782 1836 942 1886 opus4),
983 1833 1085 1886 quod
1119 1835 1250 1885 utique
1282 1839 1398 1870 tuum.

73 1891 323 1944 Consequens
349 1892 447 1930 enim
474 1898 551 1938 est,
589 1898 631 1929 ut
655 1904 703 1930 ea
734 1904 854 1943 opera
884 1892 1045 1930 sabbato
1071 1891 1262 1936 auferret,
1302 1902 1399 1940 quae

71 1961 142 1988 sex
165 1948 301 1988 diebus
326 1962 440 2001 supra
470 1947 682 1995 indixerat,
720 1955 786 1987 tua
810 1949 982 1996 scilicet,
1023 1948 1060 1987 id
1088 1955 1148 1987 est
1170 1948 1336 1986 humana
1361 1953 1402 1984 et

6 2002 7 2005 ¹
72 2005 308 2059 quotidiana.
375 2006 522 2044 Arcam
554 2018 648 2045 vero
686 2007 937 2045 circumferre
974 2019 1099 2058 neque
1138 2004 1399 2058 quotidianum

72 2076 168 2117 opus
190 2063 317 2102 videri
341 2070 471 2116 potest
497 2076 620 2115 neque
646 2063 860 2110 humanum,
887 2063 956 2102 sed
982 2071 1022 2103 et
1045 2077 1173 2102 rarum
1199 2070 1241 2101 et
1264 2075 1398 2100 sacro-

71 2127 243 2160 sanctum
266 2128 321 2160 ,et
355 2134 405 2160 ex
442 2122 525 2172 ipso
563 2128 653 2159 tunc
695 2120 759 2160 dei
799 2129 1012 2174 praecepto
1049 2122 1180 2172 utique
1217 2119 1396 2159 divinum.

71 2176 183 2225 Quod
207 2185 247 2217 et
269 2179 353 2230 ipse
380 2177 468 2230 quid
489 2178 727 2229 significaret
745 2177 1015 2226 edissererem,
1042 2180 1080 2218 ni
1106 2179 1217 2216 nimis
1242 2178 1397 2226 longum

70 2241 192 2275 esset.
210 2234 353 2286 figuras
389 2242 698 2286 argumentorum
737 2237 901 2274 omnium
933 2237 1123 2275 creatoris
1161 2231 1402 2286 expandere,

71 2304 164 2344 quas
200 2292 362 2330 forsitan
394 2306 467 2331 nec
499 2286 678 2332 admittis.
741 2292 820 2332 Sed
845 2294 929 2346 plus
960 2301 1038 2340 est,
1077 2294 1107 2331 si
1135 2291 1182 2330 de
1209 2291 1396 2330 absolutis

109 2415 115 2420 “
163 2408 200 2447 1)
225 2386 337 2438 Latin.
362 2410 398 2438 et
423 2409 496 2448 Rig.
522 2410 562 2438 et
593 2408 760 2439 tandem
791 2410 914 2439 vanis
938 2409 1041 2439 istis
1066 2417 1152 2439 ren.
1270 2406 1309 2444 2)
1338 2405 1395 2437 Sic

69 2453 213 2492 lugula,
237 2454 344 2484 Rhen.
365 2455 400 2484 iu
421 2455 474 2485 ed.
490 2456 515 2486 1.
541 2454 752 2485 Hebraeis
777 2453 1128 2492 pronuntiasset3
1155 2453 1279 2493 postea
1302 2460 1395 2485 corr.
1435 2489 1442 2495 -

0 2512 5 2544 5
69 2499 289 2538 Heln-‚teus
324 2500 671 2538 pronuntiasset.
727 2499 913 2531 commu:
951 2501 1171 2531 Hebraeos
1203 2506 1395 2540 pronun-

68 2544 239 2629 3⁸32?
306 2545 340 2586 3)
366 2545 1158 2585 Edd.ceteri:prohibentis—iubentis.
1227 2542 1394 2588 4)Exo‹t.

0 2608 6 2627 ι
116 2611 126 2630 ,
215 2612 224 2621 ·

1048 2635 1106 2679 7*
