1566 2808
338 205 463 238 ADV.
498 204 862 236 MARCIONEM
897 204 1075 238 LIBER
1112 205 1138 234 1.
1329 201 1403 238 69

80 302 190 349 putas
216 296 414 336 liberatum
442 296 490 336 de
516 311 638 349 regno
665 298 764 343 eius,
793 297 899 336 cuius
924 303 962 334 te
994 308 1148 334 muscae
1174 293 1298 333 adhuc
1325 295 1405 333 cal-

82 355 196 392 cant?
266 352 311 392 Si
339 353 388 393 de
419 354 549 393 futuro
582 362 712 394 erutus
743 367 803 401 es,
843 367 912 392 cur
941 367 1017 391 non
1050 360 1090 391 et
1121 352 1167 391 de
1194 353 1403 404 praesenti,

80 418 123 450 ut
157 411 332 464 perfecte
375 412 504 459 sis¹)?
565 411 655 452 Alia
693 419 753 451 est
778 418 909 450 nostra
934 409 1104 449 conditio
1132 408 1232 462 apud
1270 417 1405 448 aucto-

81 482 182 516 rem,
207 467 308 521 apud
333 468 519 516 iudicem,
551 469 652 521 apud
679 470 863 508 offensum
888 469 1101 520 principem
1126 480 1297 518 generis.
1348 466 1406 504 Tu

81 525 340 565 tantummodo
361 526 501 565 bonum
528 526 638 566 deum
665 527 858 579 praefers,
886 539 961 563 non
987 533 1099 576 potes
1124 532 1250 563 autem
1277 523 1406 576 perfe-

82 582 314 629 cte·bonum
346 583 573 631 ostendere,
612 598 635 622 a
666 598 738 636 quo
772 598 847 622 non
879 584 1055 635 perfecte
1089 583 1278 621 liberaris.

196 644 266 688 25.
316 640 426 689 Quod
451 643 590 680 attinet
614 641 662 680 ad
687 642 870 680 bonitatis
897 641 1178 692 quaestionem,
1210 639 1268 677 his
1295 639 1406 676 lineis

82 697 306 738 deduximus
326 711 415 737 eam
441 700 592 737 minime
607 699 694 737 »deo
720 698 948 749 adaequari,
981 705 1023 735 ut
1047 709 1170 748 neque
1195 696 1405 746 ingenitam

80 768 205 807 neque
230 756 458 803 rationalem
484 769 608 807 neque
634 757 860 807 perfectam,
888 753 955 793 sed
983 761 1023 792 et
1046 753 1256 806 improbam
1284 760 1323 791 et
1349 755 1406 789 in-

79 813 216 851 iustam
242 819 282 851 et
305 814 388 864 ipso
414 810 488 851 iam
506 812 703 851 bonitatis
734 813 886 851 nomine
918 811 1129 863 indignam,
1151 809 1270 863 ·qu0d
1301 810 1406 848 scili—

81 877 146 910 cet
173 871 214 910 in
245 877 422 922 quantum
455 869 528 908 deo
561 877 768 922 congruat,
808 871 847 908 in
880 876 1024 908 tantum
1062 868 1173 908 deum
1206 882 1282 906 non
1321 880 1405 906 esse

81 928 304 975 conveniat,
343 929 405 980 qui
437 926 485 967 de
508 921 585 966 ‘tali
615 928 789 966 bonitate
816 928 930 966 etiam
956 927 1219 979 praeferatur,
1258 939 1330 964 nec
1357 924 1405 962 de

80 985 149 1025 tali
184 984 319 1032 modo,
355 998 487 1024 verum
524 992 564 1024 et
599 987 695 1024 sola.
758 985 836 1024 Iam
874 986 974 1023 enim
1006 992 1045 1023 et
1069 985 1144 1023 hoc
1171 983 1312 1022 discuti
1337 995 1407 1034 par

79 1050 158 1091 est,
195 1056 245 1081 an
270 1041 364 1082 deus
395 1042 443 1082 de
475 1043 558 1081 sola
586 1043 762 1082 bonitate
789 1042 1003 1086 censendus
1029 1043 1095 1089 sit,
1123 1042 1273 1092 negatis
1299 1047 1406 1079 cete-

79 1101 134 1139 ris
157 1099 452 1153 appendicibus,
491 1100 664 1139 sensibus
697 1107 737 1138 et
766 1100 987 1146 affectibus,
1026 1109 1120 1151 qu'os
1148 1099 1405 1137 Marcionitae

81 1156 232 1209 quidem
257 1171 279 1196 a
305 1156 378 1196 deo
404 1170 473 1195 suo
499 1157 658 1208 abigunt
683 1158 721 1195 in
748 1163 979 1202 creatorem,
1004 1169 1076 1193 nos
1100 1169 1193 1194 vero
1220 1162 1260 1193 ct
1284 1168 1406 1205 agno-

80 1215 221 1254 scimus
246 1216 284 1253 in
311 1221 489 1253 creatore
515 1221 557 1252 ut
582 1213 656 1252 deo
683 1213 832 1264 dignos.
861 1212 911 1251 Et
936 1226 985 1252 ex
1009 1213 1084 1251 hoc
1110 1225 1260 1264 quoque
1287 1225 1407 1262 nega-

79 1272 202 1310 bimus
228 1271 358 1318 deum,
385 1272 423 1309 in
451 1284 524 1323 quo
550 1285 627 1309 non
654 1272 798 1317 omnia,
826 1283 923 1322 quae
956 1269 1029 1308 deo
1056 1269 1171 1320 digna
1197 1271 1284 1316 sint,
1312 1273 1406 1307 c'on-

80 1336 195 1368 stent.
257 1327 300 1367 Si
325 1329 488 1380 aliquem
514 1327 562 1374 de
588 1328 748 1380 Epicuri
774 1328 908 1369 schola
933 1327 1268 1378 deumtaffectavit
1293 1326 1405 1364 Chri-

79 1388 128 1425 sti
165 1387 317 1424 nomine
355 1386 528 1432 titulare,
566 1392 608 1423 ut
644 1384 746 1437 quod
775 1385 929 1429 beatum
961 1392 1000 1423 et
1024 1384 1316 1435 incorruptibile
1343 1382 1403 1430 sit,

79 1456 214 1496 neque>
230 1443 304 1482 sibi
328 1455 452 1495 neque
478 1442 543 1482 alii
567 1442 763 1481 molestias
782 1449 972 1494 praestet3
997 1442 1097 1480 banc
1125 1443 1224 1480 enim
1250 1447 1406 1479 senten-

81 1502 170 1544 tiam
201 1501 395 1541 ruminans
417 1499 595 1539 Marcion
627 1500 791 1539 removit
821 1500 868 1538 ab
895 1500 961 1538 illo
987 1500 1218 1538 severitates
1244 1506 1283 1538 et
1307 1497 1406 1536 iudi-

81 1560 221 1598 ciarias
245 1560 367 1598 vires»
404 1565 471 1597 aut
500 1559 539 1596 in
570 1565 690 1597 totum
722 1557 954 1606 immobilem
987 1564 1028 1596 et
1052 1564 1266 1609 stupentem
1293 1552 1406 1595 deum

81 1617 306 1668 concepisse
328 1615 527 1662 debuerat,
549 1639 607 1644 —
632 1623 672 1655 et
698 1614 786 1668 quid
811 1616 867 1654 illi
894 1629 978 1654 cum
994 1615 1148 1654 Christo
1174 1615 1337 1659 molesto
1366 1621 1406 1652 et

80 1671 238 1714 ludaeis
262 1678 333 1726 p'er
364 1673 578 1712 doctrinam
610 1681 651 1712 et
674 1673 747 1712 sibi
772 1686 842 1726 per
866 1686 1016 1712 sensum
1030 1674 1096 1723 2)?
1119 1696 1176 1702 —
1201 1670 1266 1711 aut
1291 1679 1331 1710 et
1356 1670 1404 1709 de

81 1733 223 1771 ceteris
248 1731 412 1770 motibus
443 1744 529 1770 eum
561 1732 784 1782 agnovisse,
809 1754 868 1760 -—
891 1738 932 1769 et
957 1730 1046 1782 quid
1070 1731 1125 1769 illi
1153 1742 1235 1768 cum
1262 1729 1405 1780 Epicu-

80 1802 144 1835 ro,
183 1801 256 1827 nec
289 1788 364 1826 sibi
395 1786 467 1826 nec
501 1788 728 1826 Christianis
760 1788 1040 1838 necessarior,
1067 1787 1172 1825 Ecce
1205 1787 1303 1824 enim
1330 1786 1404 1823 hoc

79 1847 182 1898 ipso,
221 1843 323 1897 quod
347 1851 454 1883 retro
481 1845 649 1896 quietus,
689 1845 751 1896 qui
789 1857 860 1882 nec
893 1845 1067 1882 notitiam
1099 1845 1155 1882 sui
1187 1844 1315 1895 aliquo
1347 1844 1406 1881 in·

79 1904 192 1942 terim
223 1915 342 1954 opere
375 1903 586 1949 curaverit,
624 1909 712 1954 post
742 1909 886 1940 tantum
917 1903 1003 1940 aevi
1029 1894 1196 1940 senserit
1219 1901 1256 1938 in
1282 1901 1405 1939 homi·
1446 1923 1449 1927 <

79 1961 138 2000 nis
174 1960 354 2006 salutem,
399 1960 527 2014 utique
564 1972 636 2012 per
670 1956 925 2006 voluntatem,
970 1971 1098 2002 nonne
1137 1958 1405 1998 concussibilis

79 2026 189 2058 tunc»
206 2018 278 2056 suit
313 2030 436 2056 novae
471 2017 679 2064 voluntati,
717 2024 759 2055 ut
795 2024 835 2055 et
856 2016 1012 2056 ‘ceteris‘
1040 2016 1204 2055 motibus
1228 2015 1405 2055 videatur

80 2076 294 2117 obnoxius?
351 2075 459 2123 Quae
491 2082 618 2113 autem
648 2075 825 2129 voluntas
855 2075 938 2114 sine
971 2075 1311 2126 concupiscentiae
1337 2074 1404 2112 sti-

80 2134 180 2172 mulo
207 2134 291 2172 est?
351 2132 442 2181 Quis
466 2133 610 2180 volet„
629 2131 730 2185 quod
761 2146 836 2170 non
869 2133 1121 2184 concupiscet
1134 2132 1195 2182 3).?
1255 2129 1334 2170 Sed
1365 2138 1407 2170 et

82 2203 176 2229 cura
198 2189 364 2229 accedet
391 2190 593 2229 voluntati.
632 2189 747 2238 *Quis
763 2190 878 2228 'enim
908 2190 1015 2229 volet
1039 2188 1129 2242 quid
1154 2195 1195 2227 et
1220 2190 1405 2240 concupi-

80 2254 183 2294 scet,
215 2253 265 2298 et¹
286 2261 362 2286 non
388 2248 561 2286 curavit?
607 2246 730 2299 Igitur
756 2261 839 2286 cum
866 2254 906 2286 et
934 2248 1056 2286 voluit
1081 2254 1121 2285 et
1146 2246 1342 2297 concupiit
1366 2246 1405 2282 in

81 2305 243 2344 hominis
267 2305 444 2351 salutem,
482 2305 556 2344 iam
587 2312 628 2343 et
657 2305 739 2344 sibi*
763 2312 804 2343 et
827 2305 912 2343 aliis
939 2305 1133 2355 negotium
1160 2304 1272 2348 fecit,
1310 2301 1404 2353 Epi-

81 2375 175 2402 curo
205 2362 380 2408 nolente,
419 2362 639 2405 consiliario
670 2362 882 2402 Marcione.
942 2361 1039 2400 Nam
1073 2368 1112 2399 et
1142 2359 1403 2398 adversarium

173 2467 210 2506 1)
237 2467 288 2496 Ita
307 2465 490 2504 Gelenius,
525 2456 710 2502 edssFran„
737 2466 858 2503 Seml.;
886 2466 991 2497 Rhen.
1012 2464 1063 2495 ed.
1086 2466 1110 2495 Ι.
1135 2467 1179 2495 ut
1204 2465 1405 2504 perfecta.

80 2515 156 2544 ent.
181 2511 256 2552 Rig.
281 2513 327 2542 ut
353 2512 570 2551 perfecte.²
648 2511 684 2550 2)
712 2510 922 2542 Rhen.ed.1.
945 2520 1018 2550 per
1037 2512 1184 2541 lesum.
1256 2509 1293 2552 3)
1307 2511 1402 2541 Haec

80 2558 262 2636 ἔέἱεξὶίῐυίι
286 2557 367 2589 vol.
392 2574 436 2580 -—
463 2566 656 2598 concup„
683 2566 769 2595 quae
789 2556 914 2587 desunt
934 2557 970 2587 in
990 2556 1269 2597 coffiGorzienni,
1295 2555 1401 2588 Rhea.
