1566 2808
102 185 210 225 *58
403 185 530 220 Anv.
565 185 929 217 MARCIONEM
964 185 1142 217 mnssn
1177 186 1200 215 1.

140 293 260 326 mum,
293 279 366 317 nisi
391 279 546 331 spiritus
570 277 809 324 haereticus,
843 279 925 317 eius
949 290 1035 316 esse
1061 277 1287 323 invisibilia,
1322 277 1385 328 qui
1409 277 1469 314 ni-

142 338 197 376 hil
221 336 372 375 visibile
398 336 663 387 praemiserit,
703 348 814 386 quam
841 335 941 381 eius,
982 335 1045 386 qui
1076 335 1243 372 visibilia
1270 339 1470 385 operatus,

142 393 387 433 invisibilium
426 405 575 444 quoque
615 390 726 429 fidem
765 392 924 439 fecerit,
964 405 1047 430 cum
1085 393 1219 430 iustius
1257 391 1470 438 multosit,

143 450 332 502 aliquibus
370 449 614 501 exemplariis
652 447 841 495 adnuere,
882 462 990 500 quam
1029 449 1165 486 nullis?
1229 447 1471 495 Videbimus,

146 516 187 547 et
212 507 461 559 apostolus1)
491 507 552 545 cui
578 506 728 544 auctori
762 506 967 544 invisibilia
994 505 1164 557 deputet,
1193 519 1277 544 cum
1303 513 1343 544 et
1367 505 1474 544 illum

146 566 490 617 exploraverimus.
551 563 665 602 Nunc
698 564 797 601 enim
832 563 1093 605 communibus
1118 564 1319 614 plurimum
1352 563 1475 602 sensi·

144 623 215 661 bus
230 629 269 660 et
295 619 689 672 argumentationibus
716 622 824 659 iustis
851 627 1054 659 secuturae
1080 623 1355 672 scripturarum
1382 633 1477 672 quo-

147 693 220 732 que
247 678 492 718 advocationi
519 678 631 717 fidem
658 680 880 724 sternimus,
909 678 1180 720 confirmantes
1213 677 1477 717 diversitatem

146 737 246 775 hanc
272 736 477 775 visibilium
510 743 549 774 et
580 736 823 774 invisibilium
856 734 929 774 deo
944 737 981 784 2)
1011 736 1179 774 creatori
1206 734 1477 787 deputandam,

147 794 261 833 sicuti
287 800 369 831 tota
401 794 576 845 operatio
611 794 692 831 eius
725 806 774 831 ex
805 792 1090 831 diversitatibus
1117 799 1287 839 constat,
1315 806 1365 831 ex
1390 805 1479 831 cor-

146 851 344 904 poralibus
377 858 416 889 ct
442 850 763 902 incorporalibus,
807 863 857 889 ex
882 850 1107 888 animalibus
1133 857 1173 888 et
1198 850 1478 896 inanimalibus,

149 922 199 948 ex
224 908 422 947 vocalibus
450 915 489 946 et
513 909 644 955 mutis,
685 921 733 946 ex
759 908 962 946 mobilibus
989 915 1029 946 et
1054 908 1220 955 stativis,
1254 920 1304 946 ex
1329 908 1480 959 genita-

147 966 247 1006 libus
274 973 313 1005 et
338 966 544 1012 sterilibus,
573 979 622 1003 ex
647 965 765 1004 aridis
791 972 831 1004 et
855 964 1022 1004 succidis
1036 966 1089 1014 ³),
1117 978 1166 1004 ex
1186 964 1322 1003 calidis
1348 971 1388 1003 et
1411 965 1481 1003 fri-

149 1023 263 1074 gidis.
327 1022 393 1061 Sic
428 1030 468 1061 et
497 1023 688 1061 hominem
720 1024 839 1075 ipsum
873 1022 1076 1061 diversitas
1107 1023 1354 1073 temperavit,
1402 1029 1480 1060 tam

147 1081 187 1118 in
214 1093 380 1131 corpore
409 1094 518 1132 quam
544 1081 582 1118 111
609 1093 735 1118 sensu.
795 1079 886 1118 Alia
910 1080 1079 1118 membra
1106 1081 1240 1127 fortia,
1274 1080 1350 1118 alia
1375 1079 1482 1118 infir-

148 1150 228 1184 ma,
267 1138 343 1174 alia
368 1137 550 1183 honesta,
589 1138 663 1175 alia
690 1137 912 1184 inhonesta3
939 1138 1014 1175 alia
1041 1138 1213 1188 gemina,
1246 1137 1323 1175 alia
1346 1137 1479 1184 unica3

149 1194 224 1232 alia
265 1194 479 1245 comparia,
518 1194 593 1231 alia
626 1193 806 1245 disparia.
879 1193 1047 1233 Proinde
1085 1202 1125 1232 et
1161 1194 1199 1231 in
1231 1199 1345 1232 sensu
1381 1206 1481 1232 nunc

149 1251 318 1297 laetitia,
352 1264 451 1289 nunc
477 1251 673 1298 anxietas3
704 1264 802 1289 1111110
829 1264 954 1298 amor,
982 1265 1081 1289 nunc
1109 1250 1256 1299 odium3
1284 1264 1383 1290 1111110
1410 1252 1480 1298 ira,

149 1321 250 1346 nunc
278 1309 429 1346 lenitas.
482 1307 593 1355 Quod
618 1309 650 1346 si
676 1309 729 1346 ita
755 1315 826 1355 est,
853 1315 894 1346 ut
919 1309 1068 1347 aemula
1094 1310 1196 1347 inter
1220 1321 1261 1347 se
1289 1307 1482 1347 conditio·

149 1366 209 1402 nis
246 1365 475 1403 universitas
512 1366 586 1402 ista
624 1364 817 1403 modulata
856 1366 923 1412 sit,
962 1367 1034 1404 iam
1061 1367 1180 1416 igitur
1205 1373 1245 1404 et
1267 1366 1482 1405 visibilibus
1527 1387 1530 1388 ν

150 1421 360 1459 invisibilia
387 1421 579 1459 debentur
610 1429 650 1459 et
681 1435 755 1458 non
788 1423 902 1460 alteri
928 1423 1079 1461 auctori
1107 1422 1343 1474 deputanda,
1372 1436 1482 1475 quam

152 1479 216 1517 cui
241 1486 282 1516 et
306 1479 455 1516 aemula
481 1491 633 1524 eorum,
672 1479 792 1529 ipsum
825 1487 1042 1517 creatorem
1076 1479 1266 1518 diversum
1291 1482 1480 1528 notantia,

151 1535 358 1582 iubentem,
386 1548 482 1587 quae
508 1535 715 1586 prohibuit,
743 1542 783 1574 ct
807 1536 1085 1587 prohibentem,
1125 1550 1220 1590 quae
1246 1538 1366 1585 iussit,
1393 1550 1483 1590 per-

154 1593 360 1631 cutientem
388 1599 428 1631 et
453 1600 664 1631 sanantem.
721 1591 799 1630 Cur
823 1594 861 1630 in
887 1593 959 1632 hac
986 1594 1068 1632 sola
1095 1596 1227 1646 specie
1253 1596 1481 1634 uniformem

153 1662 238 1688 eum
265 1651 438 1701 capiunt,
465 1650 669 1688 visibilium
695 1649 933 1689 solummodo
961 1650 1221 1699 conditorem,
1255 1666 1365 1704 quem
1390 1666 1481 1706 pro—

151 1706 242 1745 inde
281 1706 514 1745 credendum
552 1709 602 1745 sit
638 1714 678 1745 et
718 1707 884 1746 visibilia
925 1715 966 1746 et
1001 1709 1208 1748 invisibilia
1246 1709 1480 1757 condidisse,

154 1763 472 1814 quemadmodum
498 1771 538 1802 et
561 1765 676 1802 vitam
703 1772 742 1802 et
767 1772 949 1811 mortem,
976 1772 1017 1803 et
1040 1767 1140 1804 mala
1165 1773 1206 1804 et
1229 1769 1390 1818 pacem?
1430 1767 1482 1806 Et

154 1821 306 1872 utique,
346 1822 378 1860 si
414 1821 480 1859 illa
517 1821 720 1860 invisibilia
759 1822 906 1860 maiora
937 1829 1024 1860 sunt
1052 1823 1266 1862 visibilibus
1291 1825 1481 1864 creaturis

153 1891 222 1915 suo
260 1878 347 1916 loco
387 1880 554 1929 magnis,
593 1880 648 1917 sic
683 1892 832 1931 quoque
866 1880 1046 1930 congruit
1082 1881 1164 1919 eius
1195 1893 1280 1919 esse
1317 1883 1479 1930 maiora,

155 1934 262 1973 cuius
288 1942 328 1973 et
352 1949 508 1986 magna,
536 1937 623 1987 quia
649 1949 720 1974 nec
748 1950 898 1987 magna,
925 1936 1063 1976 nedum
1089 1938 1236 1976 maiora
1260 1939 1298 1977 ei
1324 1952 1480 1992 compe-

153 1998 254 2038 tant,
283 1993 389 2030 cuius
415 2005 487 2031 nec
513 1991 665 2031 modica
691 2001 928 2045 comparent.

272 2052 337 2090 17.
388 2049 456 2087 His
488 2049 698 2102 compressi
730 2058 931 2102 erumpunt
962 2049 1115 2091 dicere:
1154 2052 1297 2093 sufficit
1325 2053 1499 2092 unicum·

153 2105 229 2144 hoe
268 2120 362 2158 opus
399 2106 475 2145 deo
507 2114 660 2154 nostro,
700 2107 801 2159 quod
835 2109 1025 2148 hominem
1059 2110 1237 2148 liberavit
1266 2123 1409 2149 summa
1439 2117 1482 2150 et

153 2165 363 2215 praecipua
387 2164 560 2203 bonitate
584 2178 664 2212 sua,
691 2172 731 2204 et
756 2166 930 2205 omnibus
955 2167 1115 2205 locustis
1127 2168 1164 2215 4)
1192 2166 1477 2219 anteponenda.

155 2219 184 2257 Ο
213 2219 325 2259 deum
357 2222 557 2260 maiorem!
598 2223 705 2261 cuius
735 2230 811 2261 tam
838 2237 1013 2275 magnum
1045 2227 1140 2276 opus
1166 2238 1240 2262 11011
1266 2226 1392 2277 potuit
1420 2227 1480 2265 in-

152 2278 295 2325 veniri,
334 2292 444 2330 quam
469 2280 507 2318 111
532 2280 685 2319 1101111110
717 2279 781 2319 dei
812 2282 981 2321 minoris.
1042 2281 1250 2321 Enimvero
1274 2284 1380 2335 prius
1404 2290 1476 2330 est,

246 2393 282 2432 1)
309 2395 444 2438 Colossi,
460 2396 493 2434 1,
510 2396 564 2426 16.
659 2396 695 2436 2)
722 2396 828 2430 Rhen.
850 2397 901 2428 ed.
923 2399 947 2429 1.
973 2406 994 2428 a
1021 2398 1097 2429 deo
1123 2399 1341 2438 creatore,
1368 2397 1475 2429 sedin

152 2440 323 2478 margine:
351 2441 440 2472 alius
454 2439 559 2485 (cod.)
575 2443 663 2480 deo,
690 2443 780 2480 quod
795 2453 872 2474 cum
888 2445 1087 2475 VVouwerio
1101 2443 1375 2483 praeferendum.
1401 2443 1476 2484 Rig-

154 2487 188 2514 et
214 2486 317 2518 Seml.
343 2487 456 2519 adeo.
553 2486 589 2531 3)
616 2489 724 2520 Rhen.
750 2489 802 2520 ed.
829 2492 853 2520 1.
882 2490 1024 2521 siccis.
1117 2491 1155 2530 4)
1179 2489 1236 2520 Fr.
1253 2489 1371 2520 Iunius
1386 2489 1476 2521 coni.

153 2531 343 2606 {ugilius
364 2533 583 2608 ἑηὲῧιιίὶἰε,
608 2536 782 2574 refertque
807 2536 958 2568 fabulam
983 2536 1038 2566 Aii
1058 2535 1196 2567 Locutii
1214 2544 1232 2566 e
1253 2534 1324 2567 Cic.
1342 2535 1384 2566 de
1398 2535 1476 2568 Div-

175 2598 185 2617 ‚
244 2597 252 2605 .
307 2587 349 2607 iv.
387 2602 395 2620 ,
455 2601 463 2611 .
