1624 2826
174 173 296 214 ,204
442 171 566 204 ADv.
602 169 964 201 MARCIONEM
1003 170 1182 204 LIBER
1218 170 1273 201 IV.

305 269 373 308 24.
423 262 573 314 Allegit
598 269 638 301 et
663 263 759 301 alios
785 264 1027 315 septuaginta
1060 263 1258 314 apostolos
1283 275 1399 315 super
1423 261 1520 302 duo-

188 324 372 370 decim.1)
437 322 519 369 Quo
547 321 646 359 enim
673 319 875 359 duodecim
902 319 1110 359 secundum
1143 319 1303 359 totidem
1330 320 1456 360 fontes
1481 322 1519 360 in

187 382 304 427 Elim,
344 381 376 418 si
402 392 478 417 non
504 385 544 417 ct
568 379 812 429 septuaginta
837 377 1045 417 seeundum
1071 377 1230 416 totidem
1257 377 1413 417 arbusta
1438 379 1521 431 pal-

188 440 358 477 marum?
376 438 414 485 2)
447 435 672 474 Antitheses
704 436 903 487 plurimum
938 448 1156 474 caussarum
1184 434 1386 474 diversitas
1411 436 1519 483 fecit,

188 509 264 534 non
290 501 535 547 potestatum.
599 492 678 532 Sed
711 495 774 545 qui
806 488 1067 533 diversitatem
1101 506 1319 532 caussarum
1351 507 1432 532 non
1458 506 1521 532 re-

188 554 339 605 spexit,
378 553 494 590 facile
528 563 611 589 eam
651 558 884 603 potestatum
923 552 1170 590 existimavit.
1232 550 1520 590 Profectionem

189 611 353 649 filiorum
392 609 546 648 Israelis
585 616 765 656 creator,
805 610 918 647 etiam
957 609 1032 647 illis
1070 609 1203 661 spoliis
1241 614 1445 648 aureorum
1483 616 1523 648 et

189 675 463 719 argenteorum
488 667 730 705 vasculorum
757 673 798 705 et
822 667 982 706 vestium
998 695 1008 713 ‚
1047 667 1311 718 praetereass)
1340 666 1521 706 oneribus

190 726 503 776 consparsionum
531 724 822 771 offarcinatam,
861 723 994 765 eduxit
1019 737 1067 763 ex
1091 723 1294 776 Aegypto:
1346 723 1522 764 Christus

189 790 317 821 autem
356 795 428 820 nec
466 782 612 832 virgam
632 783 669 828 4)
722 781 920 833 discipulis
971 783 1010 820 in
1047 782 1146 819 viam
1184 782 1289 820 ferre
1329 783 1522 833 praescri-

188 841 276 892 psit.
298 841 334 886 5)
398 838 458 877 11Ιί
490 839 590 876 enim
623 839 659 876 in
692 838 934 887 solitudinem
967 839 1303 890 promovebantur,
1331 839 1367 877 hi
1394 846 1522 877 autem

189 899 228 935 in
256 898 433 936 civitates
459 895 722 934 mittebantur.
772 895 993 950 ³Considera
1019 909 1238 935 caussarum
1265 895 1520 944 offerentiam,

189 962 229 993 et
254 955 449 1005 intelliges
481 967 592 991 unam
625 960 665 992 et
695 952 856 992 eandem
889 960 1144 1005 potestatem,
1185 967 1280 1005 quae
1313 953 1520 993 secundum

189 1013 388 1064 penuriam
416 1018 456 1050 et
482 1012 631 1062 copiam
658 1010 946 1062 expeditionem
961 1025 1115 1049 suorum
1131 1010 1330 1063 disposuit,
1356 1010 1520 1063 proinde

190 1082 261 1121 per
287 1070 463 1107 civitates
489 1067 767 1106 abundaturam
795 1067 1099 1114 circumcidens,
1139 1070 1238 1106 sieut
1268 1076 1308 1109 et
1328 1070 1521 1120 egituram

189 1139 261 1178 per
285 1125 530 1164 solitudinem
564 1132 769 1163 struxerat.
831 1124 955 1163 Etiam
991 1126 1243 1165 calciamenta
1274 1133 1430 1178 portare
1455 1139 1522 1166 ve-

190 1185 263 1222 tuit
288 1183 387 1221 illos.
452 1182 536 1234 lpse
563 1183 674 1221 enim
692 1190 816 1231 erat,
856 1183 923 1221 sub
958 1197 1030 1235 quo
1058 1185 1194 1222 nec-in
1220 1183 1427 1223 solitudine
1453 1197 1524 1236 per

191 1248 250 1279 tot
281 1241 594 1292 annospopulus
626 1241 880 1279 calciamenh
911 1239 1136 1279 detriverat.
1198 1240 1426 1288 Neminem,
1465 1243 1523 1280 in-

191 1300 295 1350 quit,
334 1299 372 1336 in
403 1299 466 1337 via
491 1298 764 1337 salutaveritis.
830 1298 859 1336 O
889 1298 1080 1337 Christum
1114 1298 1394 1338 destructorem
1426 1313 1523 1353 pro-

191 1357 417 1407 phetarum,
457 1369 479 1394 a
506 1356 640 1407 quibus
677 1356 752 1394 hoc
792 1369 942 1408 quoque
982 1357 1135 1408 aceepit
1168 1356 1395 1411 HelisaeuS,
1438 1370 1523 1396 cum

193 1411 344 1458 Giezin,
371 1425 528 1463 puerum
555 1427 674 1460 suum,
709 1414 880 1452 mitteret
904 1415 942 1452 in
973 1415 1072 1452 viam
1098 1413 1146 1453 ad
1173 1415 1288 1453 filium
1317 1413 1523 1454 Sunamiti-

192 1469 250 1508 dis
277 1469 581 1508 resuscitandum
608 1469 655 1507 de
682 1477 824 1518 morte3
855 1478 959 1522 puto,
986 1473 1041 1509 sic
1057 1472 1093 1509 ei
1114 1473 1332 1523 praecepit:
1359 1473 1522 1523 accinge

193 1526 341 1566 lumbos
364 1533 475 1573 tuos,
515 1533 555 1564 et
580 1539 684 1564 sume
711 1526 889 1565 bacillum
917 1541 1037 1565 meum
1067 1529 1109 1565 in
1135 1542 1308 1575 manum,
1347 1535 1386 1567 et
1410 1528 1521 1574 vade,

193 1596 456 1636 quemcunque
484 1584 713 1621 conveneris
740 1585 778 1622 in
802 1585 883 1630 via,
911 1598 958 1623 ne
980 1584 1234 1623 benedixeris
1258 1598 1356 1632 eum,
1384 1584 1422 1624 id
1448 1594 1520 1632 est,

194 1655 241 1680 ne
268 1642 513 1686 salutaveris,
546 1648 586 1679 et
612 1642 674 1692 qui
700 1647 737 1679 te
763 1641 1026 1688 benedixerit,
1055 1655 1102 1683 ne
1129 1642 1376 1694 responderis
1402 1645 1457 1691 ei,
1485 1643 1522 1682 id

194 1706 272 1745 est,
312 1712 359 1737 ne
387 1697 734 1745 resalutaveriS.⁶)··
785 1697 891 1746 Quae
918 1707 977 1737 est
1003 1701 1101 1738 enim
1129 1701 1231 1738 inter
1254 1702 1336 1739 vias
1362 1699 1524 1742 benedi-

195 1757 293 1802 ctio,
321 1756 392 1794 nisi
419 1769 468 1795 ex
490 1768 660 1794 occursu
686 1762 815 1793 mutua
841 1756 1047 1794 salutatio?
1108 1756 1173 1795 Sic
1201 1764 1241 1796 et
1265 1756 1459 1797 dominus:
1486 1760 1523 1798 in

194 1827 307 1867 quam
331 1814 557 1852 introissent
571 1810 744 1859 domum,¹
762 1813 1167 1869 paeemeidicereff)
1192 1816 1368 1867 exemplo
1387 1814 1523 1855 eodem

194 1878 265 1910 est.
325 1870 523 1910 Mandavit
555 1871 654 1909 enim
687 1878 727 1909 et
757 1871 832 1909 hoc
866 1871 1066 1910 Helisaeus
1081 1898 1103 1919 ,·
1131 1886 1214 1911 eum
1234 1873 1444 1913 introisset
1475 1873 1523 1912 ad

196 1927 422 1975 Sunamitin,
450 1927 602 1967 diceret
626 1929 682 1966 ei:
710 1942 785 1980 pax
810 1929 892 1966 viro
919 1936 997 1976 tuo,
1025 1941 1099 1982 pax
1120 1930 1262 1977 -filio.‚⁸)
1290 1929 1397 1983 Hae-e
1413 1938 1526 1969 erunt

194 1987 321 2038 potius
354 1992 510 2024 nostrae
541 1984 784 2032 Antitheses,
825 1999 920 2037 quae
955 1994 1197 2039 comparant,
1237 2000 1312 2025 non
1339 2000 1436 2039 quae
1463 2000 1525 2026 se-

195 2049 333 2096 parant
360 2042 565 2081 Christum.
627 2043 772 2094 Dignus
798 2051 924 2083 autem
953 2046 1151 2096 operarius
1178 2043 1358 2083 mercede
1385 2045 1521 2094 sua39)

197 2102 279 2153 quis
306 2101 426 2151 magis
452 2101 729 2152 pronuntiarit,
778 2114 887 2152 quam
926 2101 1019 2140 deus
1058 2101 1198 2141 iudex?
1247 2103 1334 2153 quia
1372 2102 1523 2153 etrhoc

195 2160 318 2211 ipsum
343 2157 516 2197 iudicare
543 2165 615 2205 est,
644 2157 797 2209 dignum
813 2159 944 2198 facere
959 2159 1140 2198 mercede
1155 2161 1393 2212 operarium3
1421 2160 1524 2199 nulla

196 2217 401 2256 retributio
440 2230 515 2254 non
554 2229 603 2255 ex
642 2214 878 2255 iudicatione
913 2218 1098 2256 constitit.
1160 2217 1238 2256 tam
1271 2231 1370 2258 nunc
1395 2217 1524 2257 ethic

198 2276 261 2314 lex
298 2276 549 2325 consiguatur
580 2274 796 2320 creatoris,
836 2275 951 2313 etiam
981 2275 1101 2314 boves
1141 2282 1347 2327 operantes
1386 2275 1523 2328 dignos

198 2334 398 2384 operarios
425 2331 605 2372 mercede
631 2330 852 2372 iudicantis.
905 2332 1014 2381 Bovi,
1042 2333 1181 2386 inquit,
1207 2334 1351 2373 terenti
1377 2347 1420 2372 os
1444 2345 1521 2380 non

290 2484 327 2523 1)
354 2485 439 2516 Luc,
453 2485 505 2525 10,
521 2484 539 2513 1
555 2493 625 2522 sqq.
720 2482 754 2523 2)
779 2485 891 2517 Exod.
906 2487 958 2527 15,
974 2487 1027 2516 27.
1054 2486 1155 2518 Num.
1170 2486 1225 2525 33,
1242 2487 1274 2516 9.
1368 2481 1401 2523 3)
1415 2483 1526 2514 Edut.

199 2539 335 2560 omues:
364 2533 551 2569 praeter.
642 2528 679 2570 4)
708 2529 770 2562 Ed.
785 2532 886 2563 Fran.
899 2542 917 2570 p
928 2542 1051 2563 eram.
1149 2529 1184 2572 5)
1204 2533 1294 2563 Luc.
1309 2527 1364 2569 10,
1381 2532 1412 2560 u.
1484 2527 1522 2567 6)

200 2576 219 2603 2
236 2576 314 2615 neg.
329 2577 360 2615 4,
378 2577 431 2607 29.
527 2575 565 2618 τ)
591 2577 674 2608 Luc.
686 2579 739 2617 10,
757 2580 786 2608 5.
882 2577 920 2621 e)
937 2579 956 2607 2
968 2579 1046 2618 aeg.
1061 2579 1093 2619 4,
1108 2578 1161 2607 26.
1246 2577 1284 2615 9)
1313 2577 1395 2606 Luc.
1418 2577 1473 2615 10,
1489 2573 1522 2606 7.
