<?xml version="1.0" encoding="UTF-8"?>
<!DOCTYPE html PUBLIC "-//W3C//DTD XHTML 1.0 Transitional//EN"
    "http://www.w3.org/TR/xhtml1/DTD/xhtml1-transitional.dtd">
<html xmlns="http://www.w3.org/1999/xhtml" xml:lang="en" lang="en">
 <head>
  <title>
</title>
<meta http-equiv="Content-Type" content="text/html;charset=utf-8" />
  <meta name='ocr-system' content='tesseract 3.04.00' />
  <meta name='ocr-capabilities' content='ocr_page ocr_carea ocr_par ocr_line ocrx_word'/>
</head>
<body>
  <div class='ocr_page' id='page_1' title='image "./operatert34tertuoft_0544.png"; bbox 0 0 1604 2800; ppageno 0'>
   <div class='ocr_carea' id='block_1_1' title="bbox 153 174 971 216">
    <p class='ocr_par' dir='ltr' id='par_1_1' title="bbox 153 174 971 216">
     <span class='ocr_line' id='line_1_1' title="bbox 153 174 971 216; baseline -0.012 0"><span class='ocrx_word' id='word_1_1' title='bbox 153 178 251 216; x_wconf 64' lang='lat'><strong>812</strong></span> <span class='ocrx_word' id='word_1_2' title='bbox 666 174 739 206; x_wconf 83' lang='lat' dir='ltr'><strong>DE</strong></span> <span class='ocrx_word' id='word_1_3' title='bbox 773 175 971 207; x_wconf 76' lang='grc' dir='ltr'><strong>ΑΝΙΜΑ.</strong></span> 
     </span>
    </p>
   </div>
   <div class='ocr_carea' id='block_1_2' title="bbox 150 267 1486 2156">
    <p class='ocr_par' dir='ltr' id='par_1_2' title="bbox 150 267 1486 1970">
     <span class='ocr_line' id='line_1_2' title="bbox 152 267 1480 322; baseline -0.002 -12"><span class='ocrx_word' id='word_1_4' title='bbox 152 271 313 311; x_wconf 87' lang='lat' dir='ltr'><strong>eaedem</strong></span> <span class='ocrx_word' id='word_1_5' title='bbox 343 280 496 322; x_wconf 84' lang='lat' dir='ltr'>semper</span> <span class='ocrx_word' id='word_1_6' title='bbox 525 267 836 315; x_wconf 77' lang='lat' dir='ltr'><strong>revolverentur,</strong></span> <span class='ocrx_word' id='word_1_7' title='bbox 868 267 961 307; x_wconf 90' lang='lat' dir='ltr'><strong>licet</strong></span> <span class='ocrx_word' id='word_1_8' title='bbox 991 280 1067 306; x_wconf 90' lang='lat' dir='ltr'><strong>non</strong></span> <span class='ocrx_word' id='word_1_9' title='bbox 1100 279 1304 320; x_wconf 89' lang='lat' dir='ltr'><strong>corporum</strong></span> <span class='ocrx_word' id='word_1_10' title='bbox 1329 279 1480 321; x_wconf 85' lang='lat' dir='ltr'><strong>quoqne</strong></span> 
     </span>
     <span class='ocr_line' id='line_1_3' title="bbox 152 324 1480 376; baseline -0.002 -9"><span class='ocrx_word' id='word_1_11' title='bbox 152 331 295 367; x_wconf 82' lang='lat' dir='ltr'><strong>formas</strong></span> <span class='ocrx_word' id='word_1_12' title='bbox 320 325 488 374; x_wconf 88' lang='lat' dir='ltr'><strong>easdem,</strong></span> <span class='ocrx_word' id='word_1_13' title='bbox 515 332 643 364; x_wconf 87' lang='lat' dir='ltr'><strong>tamen</strong></span> <span class='ocrx_word' id='word_1_14' title='bbox 667 326 728 364; x_wconf 91' lang='lat' dir='ltr'><strong>vel</strong></span> <span class='ocrx_word' id='word_1_15' title='bbox 755 326 995 376; x_wconf 83' lang='lat' dir='ltr'><strong>ingeniorum</strong></span> <span class='ocrx_word' id='word_1_16' title='bbox 1021 332 1062 364; x_wconf 90' lang='lat' dir='ltr'><strong>et</strong></span> <span class='ocrx_word' id='word_1_17' title='bbox 1085 324 1294 364; x_wconf 89' lang='lat' dir='ltr'><strong>studiorum</strong></span> <span class='ocrx_word' id='word_1_18' title='bbox 1320 331 1362 364; x_wconf 90' lang='lat' dir='ltr'><strong>et</strong></span> <span class='ocrx_word' id='word_1_19' title='bbox 1384 325 1480 365; x_wconf 76' lang='lat' dir='ltr'><strong>affe-</strong></span> 
     </span>
     <span class='ocr_line' id='line_1_4' title="bbox 152 381 1482 436; baseline -0.002 -12"><span class='ocrx_word' id='word_1_20' title='bbox 152 387 320 425; x_wconf 89' lang='lat' dir='ltr'><strong>ctionum</strong></span> <span class='ocrx_word' id='word_1_21' title='bbox 340 385 521 436; x_wconf 91' lang='lat' dir='ltr'><strong>pristinas</strong></span> <span class='ocrx_word' id='word_1_22' title='bbox 541 383 799 436; x_wconf 81' lang='lat' dir='ltr'><strong>proprietates</strong></span> <span class='ocrx_word' id='word_1_23' title='bbox 819 395 948 422; x_wconf 89' lang='lat' dir='ltr'><strong>secum</strong></span> <span class='ocrx_word' id='word_1_24' title='bbox 962 383 1112 422; x_wconf 89' lang='lat' dir='ltr'><strong>referre</strong></span> <span class='ocrx_word' id='word_1_25' title='bbox 1133 381 1334 430; x_wconf 89' lang='lat' dir='ltr'><strong>deberent,</strong></span> <span class='ocrx_word' id='word_1_26' title='bbox 1362 395 1482 435; x_wconf 89' lang='lat' dir='ltr'><strong>quon-</strong></span> 
     </span>
     <span class='ocr_line' id='line_1_5' title="bbox 150 440 1482 492; baseline -0.003 -10"><span class='ocrx_word' id='word_1_27' title='bbox 150 445 226 482; x_wconf 89' lang='lat' dir='ltr'><strong>iam</strong></span> <span class='ocrx_word' id='word_1_28' title='bbox 264 450 410 482; x_wconf 86' lang='lat' dir='ltr'><strong>temere</strong></span> <span class='ocrx_word' id='word_1_29' title='bbox 453 440 614 480; x_wconf 89' lang='lat' dir='ltr'><strong>eaedem</strong></span> <span class='ocrx_word' id='word_1_30' title='bbox 656 440 909 488; x_wconf 80' lang='lat' dir='ltr'><strong>haberentur,</strong></span> <span class='ocrx_word' id='word_1_31' title='bbox 955 447 1132 480; x_wconf 80' lang='lat' dir='ltr'><strong>carentes</strong></span> <span class='ocrx_word' id='word_1_32' title='bbox 1168 441 1234 488; x_wconf 88' lang='lat' dir='ltr'><strong>iis,</strong></span> <span class='ocrx_word' id='word_1_33' title='bbox 1283 452 1354 492; x_wconf 88' lang='lat' dir='ltr'><strong>per</strong></span> <span class='ocrx_word' id='word_1_34' title='bbox 1385 452 1482 492; x_wconf 89' lang='lat' dir='ltr'><strong>quae</strong></span> 
     </span>
     <span class='ocr_line' id='line_1_6' title="bbox 150 496 1484 552; baseline -0.002 -13"><span class='ocrx_word' id='word_1_35' title='bbox 150 499 311 540; x_wconf 90' lang='lat' dir='ltr'><strong>eaedem</strong></span> <span class='ocrx_word' id='word_1_36' title='bbox 343 499 612 552; x_wconf 78' lang='lat' dir='ltr'><strong>probarentur.</strong></span> <span class='ocrx_word' id='word_1_37' title='bbox 629 499 664 548; x_wconf 90' lang='lat'><strong>¹)</strong></span> <span class='ocrx_word' id='word_1_38' title='bbox 730 497 838 537; x_wconf 91' lang='lat' dir='ltr'><strong>Unde</strong></span> <span class='ocrx_word' id='word_1_39' title='bbox 869 500 983 546; x_wconf 91' lang='lat' dir='ltr'><strong>scias,</strong></span> <span class='ocrx_word' id='word_1_40' title='bbox 1010 498 1146 550; x_wconf 82' lang='lat' dir='ltr'><strong>inquis,</strong></span> <span class='ocrx_word' id='word_1_41' title='bbox 1178 511 1227 536; x_wconf 88' lang='lat' dir='ltr'><strong>an</strong></span> <span class='ocrx_word' id='word_1_42' title='bbox 1251 497 1307 536; x_wconf 88' lang='lat' dir='ltr'><strong>ita</strong></span> <span class='ocrx_word' id='word_1_43' title='bbox 1331 496 1484 550; x_wconf 82' lang='lat' dir='ltr'><strong>quidem</strong></span> 
     </span>
     <span class='ocr_line' id='line_1_7' title="bbox 151 555 1483 605; baseline -0.003 -8"><span class='ocrx_word' id='word_1_44' title='bbox 151 559 218 596; x_wconf 81' lang='lat' dir='ltr'><strong>liat</strong></span> <span class='ocrx_word' id='word_1_45' title='bbox 243 558 415 605; x_wconf 83' lang='lat' dir='ltr'><strong>occulte,</strong></span> <span class='ocrx_word' id='word_1_46' title='bbox 447 556 516 596; x_wconf 91' lang='lat' dir='ltr'><strong>sed</strong></span> <span class='ocrx_word' id='word_1_47' title='bbox 543 555 714 595; x_wconf 86' lang='lat' dir='ltr'><strong>conditio</strong></span> <span class='ocrx_word' id='word_1_48' title='bbox 740 556 906 595; x_wconf 90' lang='lat' dir='ltr'><strong>milliarii</strong></span> <span class='ocrx_word' id='word_1_49' title='bbox 933 557 1017 595; x_wconf 90' lang='lat' dir='ltr'><strong>aevi</strong></span> <span class='ocrx_word' id='word_1_50' title='bbox 1043 556 1236 594; x_wconf 87' lang='lat' dir='ltr'><strong>interimat</strong></span> <span class='ocrx_word' id='word_1_51' title='bbox 1261 555 1483 594; x_wconf 76' lang='lat' dir='ltr'><strong>facultatem</strong></span> 
     </span>
     <span class='ocr_line' id='line_1_8' title="bbox 150 611 1483 667; baseline -0.002 -13"><span class='ocrx_word' id='word_1_52' title='bbox 150 614 399 662; x_wconf 90' lang='lat' dir='ltr'><strong>recensendi,</strong></span> <span class='ocrx_word' id='word_1_53' title='bbox 438 628 513 667; x_wconf 83' lang='lat' dir='ltr'><strong>qua</strong></span> <span class='ocrx_word' id='word_1_54' title='bbox 548 616 727 665; x_wconf 85' lang='lat' dir='ltr'><strong>ignorata</strong></span> <span class='ocrx_word' id='word_1_55' title='bbox 758 621 799 652; x_wconf 90' lang='lat' dir='ltr'><strong>et</strong></span> <span class='ocrx_word' id='word_1_56' title='bbox 829 613 882 652; x_wconf 89' lang='lat' dir='ltr'><strong>ibi</strong></span> <span class='ocrx_word' id='word_1_57' title='bbox 908 620 1164 652; x_wconf 87' lang='lat' dir='ltr'><strong>revertuntur.</strong></span> <span class='ocrx_word' id='word_1_58' title='bbox 1225 611 1368 665; x_wconf 83' lang='lat' dir='ltr'><strong>Atquin</strong></span> <span class='ocrx_word' id='word_1_59' title='bbox 1400 613 1483 651; x_wconf 87' lang='lat' dir='ltr'><strong>scio</strong></span> 
     </span>
     <span class='ocr_line' id='line_1_9' title="bbox 151 670 1482 724; baseline -0.002 -13"><span class='ocrx_word' id='word_1_60' title='bbox 151 687 228 711; x_wconf 90' lang='lat' dir='ltr'><strong>non</strong></span> <span class='ocrx_word' id='word_1_61' title='bbox 249 675 300 711; x_wconf 90' lang='lat' dir='ltr'><strong>ita</strong></span> <span class='ocrx_word' id='word_1_62' title='bbox 322 673 418 720; x_wconf 85' lang='lat' dir='ltr'><strong>lieri,</strong></span> <span class='ocrx_word' id='word_1_63' title='bbox 446 686 558 724; x_wconf 88' lang='lat' dir='ltr'><strong>quum</strong></span> <span class='ocrx_word' id='word_1_64' title='bbox 572 671 844 724; x_wconf 84' lang='lat' dir='ltr'><strong>Pythagoram,</strong></span> <span class='ocrx_word' id='word_1_65' title='bbox 872 670 1118 723; x_wconf 83' lang='lat' dir='ltr'><strong>Euphorbum</strong></span> <span class='ocrx_word' id='word_1_66' title='bbox 1144 670 1234 709; x_wconf 88' lang='lat' dir='ltr'><strong>mihi</strong></span> <span class='ocrx_word' id='word_1_67' title='bbox 1259 670 1482 723; x_wconf 83' lang='lat' dir='ltr'><strong>opponis.²)</strong></span> 
     </span>
     <span class='ocr_line' id='line_1_10' title="bbox 150 727 1485 782; baseline -0.003 -13"><span class='ocrx_word' id='word_1_68' title='bbox 150 730 257 769; x_wconf 90' lang='lat' dir='ltr'><strong>Ecce</strong></span> <span class='ocrx_word' id='word_1_69' title='bbox 288 731 389 769; x_wconf 91' lang='lat' dir='ltr'><strong>enim</strong></span> <span class='ocrx_word' id='word_1_70' title='bbox 414 729 662 782; x_wconf 87' lang='lat' dir='ltr'><strong>Euphorbum</strong></span> <span class='ocrx_word' id='word_1_71' title='bbox 693 730 895 768; x_wconf 82' lang='lat' dir='ltr'><strong>militarem</strong></span> <span class='ocrx_word' id='word_1_72' title='bbox 921 736 961 768; x_wconf 90' lang='lat' dir='ltr'><strong>et</strong></span> <span class='ocrx_word' id='word_1_73' title='bbox 990 729 1168 768; x_wconf 89' lang='lat' dir='ltr'><strong>bellicam</strong></span> <span class='ocrx_word' id='word_1_74' title='bbox 1198 729 1360 767; x_wconf 87' lang='lat' dir='ltr'><strong>animam</strong></span> <span class='ocrx_word' id='word_1_75' title='bbox 1393 727 1485 766; x_wconf 85' lang='lat' dir='ltr'><strong>satis</strong></span> 
     </span>
     <span class='ocr_line' id='line_1_11' title="bbox 152 784 1485 839; baseline -0.002 -13"><span class='ocrx_word' id='word_1_76' title='bbox 152 795 304 827; x_wconf 84' lang='lat' dir='ltr'><strong>constat</strong></span> <span class='ocrx_word' id='word_1_77' title='bbox 327 788 389 826; x_wconf 91' lang='lat' dir='ltr'><strong>vel</strong></span> <span class='ocrx_word' id='word_1_78' title='bbox 415 786 462 826; x_wconf 91' lang='lat' dir='ltr'><strong>de</strong></span> <span class='ocrx_word' id='word_1_79' title='bbox 488 788 570 839; x_wconf 88' lang='lat' dir='ltr'><strong>ipsa</strong></span> <span class='ocrx_word' id='word_1_80' title='bbox 596 787 721 837; x_wconf 85' lang='lat' dir='ltr'><strong>gloria</strong></span> <span class='ocrx_word' id='word_1_81' title='bbox 739 787 965 838; x_wconf 84' lang='lat' dir='ltr'><strong>clypeorum</strong></span> <span class='ocrx_word' id='word_1_82' title='bbox 987 793 1314 833; x_wconf 85' lang='lat' dir='ltr'><strong>consecratorum,</strong></span> <span class='ocrx_word' id='word_1_83' title='bbox 1341 784 1485 837; x_wconf 84' lang='lat' dir='ltr'><strong>Pytha-</strong></span> 
     </span>
     <span class='ocr_line' id='line_1_12' title="bbox 152 841 1484 896; baseline -0.002 -13"><span class='ocrx_word' id='word_1_84' title='bbox 152 859 286 896; x_wconf 83' lang='lat' dir='ltr'><strong>goram</strong></span> <span class='ocrx_word' id='word_1_85' title='bbox 310 858 403 883; x_wconf 86' lang='lat' dir='ltr'><strong>vero</strong></span> <span class='ocrx_word' id='word_1_86' title='bbox 430 851 506 882; x_wconf 89' lang='lat' dir='ltr'><strong>tam</strong></span> <span class='ocrx_word' id='word_1_87' title='bbox 532 843 697 882; x_wconf 83' lang='lat' dir='ltr'><strong>residem</strong></span> <span class='ocrx_word' id='word_1_88' title='bbox 724 851 765 882; x_wconf 91' lang='lat' dir='ltr'><strong>et</strong></span> <span class='ocrx_word' id='word_1_89' title='bbox 789 844 996 891; x_wconf 85' lang='lat' dir='ltr'><strong>imbellem,</strong></span> <span class='ocrx_word' id='word_1_90' title='bbox 1024 851 1066 882; x_wconf 91' lang='lat' dir='ltr'><strong>ut</strong></span> <span class='ocrx_word' id='word_1_91' title='bbox 1084 844 1234 895; x_wconf 89' lang='lat' dir='ltr'><strong>proelia</strong></span> <span class='ocrx_word' id='word_1_92' title='bbox 1253 850 1344 882; x_wconf 89' lang='lat' dir='ltr'><strong>tunc</strong></span> <span class='ocrx_word' id='word_1_93' title='bbox 1361 841 1484 881; x_wconf 79' lang='lat' dir='ltr'><strong>Grae-</strong></span> 
     </span>
     <span class='ocr_line' id='line_1_13' title="bbox 152 901 1485 953; baseline -0.002 -12"><span class='ocrx_word' id='word_1_94' title='bbox 152 904 237 941; x_wconf 86' lang='lat' dir='ltr'><strong>ciae</strong></span> <span class='ocrx_word' id='word_1_95' title='bbox 268 903 411 949; x_wconf 88' lang='lat' dir='ltr'><strong>vitans,</strong></span> <span class='ocrx_word' id='word_1_96' title='bbox 443 901 577 940; x_wconf 85' lang='lat' dir='ltr'><strong>Italiae</strong></span> <span class='ocrx_word' id='word_1_97' title='bbox 610 901 787 939; x_wconf 87' lang='lat' dir='ltr'><strong>maluerit</strong></span> <span class='ocrx_word' id='word_1_98' title='bbox 818 902 984 953; x_wconf 89' lang='lat' dir='ltr'><strong>quietem</strong></span> <span class='ocrx_word' id='word_1_99' title='bbox 1016 901 1255 952; x_wconf 84' lang='lat' dir='ltr'><strong>geometriae</strong></span> <span class='ocrx_word' id='word_1_100' title='bbox 1287 906 1327 938; x_wconf 91' lang='lat' dir='ltr'><strong>et</strong></span> <span class='ocrx_word' id='word_1_101' title='bbox 1357 906 1485 938; x_wconf 84' lang='lat' dir='ltr'><strong>astro-</strong></span> 
     </span>
     <span class='ocr_line' id='line_1_14' title="bbox 153 956 1484 1011; baseline -0.002 -13"><span class='ocrx_word' id='word_1_102' title='bbox 153 960 281 1011; x_wconf 87' lang='lat' dir='ltr'><strong>logiae</strong></span> <span class='ocrx_word' id='word_1_103' title='bbox 296 967 336 998; x_wconf 94' lang='lat' dir='ltr'><strong>et</strong></span> <span class='ocrx_word' id='word_1_104' title='bbox 350 960 517 998; x_wconf 83' lang='lat' dir='ltr'><strong>musicae</strong></span> <span class='ocrx_word' id='word_1_105' title='bbox 536 958 710 1005; x_wconf 86' lang='lat' dir='ltr'><strong>devotus,</strong></span> <span class='ocrx_word' id='word_1_106' title='bbox 737 959 884 997; x_wconf 89' lang='lat' dir='ltr'><strong>alienus</strong></span> <span class='ocrx_word' id='word_1_107' title='bbox 910 957 1035 996; x_wconf 88' lang='lat' dir='ltr'><strong>studio</strong></span> <span class='ocrx_word' id='word_1_108' title='bbox 1057 965 1096 996; x_wconf 89' lang='lat' dir='ltr'><strong>et</strong></span> <span class='ocrx_word' id='word_1_109' title='bbox 1116 958 1257 996; x_wconf 81' lang='lat' dir='ltr'><strong>affectu</strong></span> <span class='ocrx_word' id='word_1_110' title='bbox 1271 956 1484 1008; x_wconf 80' lang='lat' dir='ltr'><strong>Euphorbi.</strong></span> 
     </span>
     <span class='ocr_line' id='line_1_15' title="bbox 154 1013 1486 1069; baseline -0.003 -13"><span class='ocrx_word' id='word_1_111' title='bbox 154 1016 233 1056; x_wconf 84' lang='lat' dir='ltr'><strong>Sed</strong></span> <span class='ocrx_word' id='word_1_112' title='bbox 259 1025 299 1056; x_wconf 90' lang='lat' dir='ltr'><strong>et</strong></span> <span class='ocrx_word' id='word_1_113' title='bbox 323 1017 492 1069; x_wconf 76' lang='lat' dir='ltr'><strong>Pyrrhus</strong></span> <span class='ocrx_word' id='word_1_114' title='bbox 523 1017 587 1055; x_wconf 90' lang='lat' dir='ltr'><strong>ille</strong></span> <span class='ocrx_word' id='word_1_115' title='bbox 625 1014 803 1055; x_wconf 84' lang='lat' dir='ltr'><strong>fallendis</strong></span> <span class='ocrx_word' id='word_1_116' title='bbox 840 1015 1008 1068; x_wconf 86' lang='lat' dir='ltr'><strong>piscibus</strong></span> <span class='ocrx_word' id='word_1_117' title='bbox 1045 1014 1205 1066; x_wconf 83' lang='lat' dir='ltr'><strong>agebat,</strong></span> <span class='ocrx_word' id='word_1_118' title='bbox 1244 1013 1486 1066; x_wconf 86' lang='lat' dir='ltr'><strong>Pythagoras</strong></span> 
     </span>
     <span class='ocr_line' id='line_1_16' title="bbox 153 1070 1484 1120; baseline -0.003 -7"><span class='ocrx_word' id='word_1_119' title='bbox 153 1079 291 1113; x_wconf 87' lang='lat' dir='ltr'><strong>‘contra</strong></span> <span class='ocrx_word' id='word_1_120' title='bbox 321 1088 393 1113; x_wconf 90' lang='lat' dir='ltr'><strong>nec</strong></span> <span class='ocrx_word' id='word_1_121' title='bbox 425 1073 585 1113; x_wconf 87' lang='lat' dir='ltr'><strong>edendis</strong></span> <span class='ocrx_word' id='word_1_122' title='bbox 610 1081 651 1112; x_wconf 88' lang='lat' dir='ltr'><strong>ut</strong></span> <span class='ocrx_word' id='word_1_123' title='bbox 676 1073 900 1112; x_wconf 87' lang='lat' dir='ltr'><strong>animalibus</strong></span> <span class='ocrx_word' id='word_1_124' title='bbox 930 1073 1137 1112; x_wconf 88' lang='lat' dir='ltr'><strong>abstinens.</strong></span> <span class='ocrx_word' id='word_1_125' title='bbox 1204 1070 1432 1110; x_wconf 86' lang='lat' dir='ltr'><strong>Aethalides</strong></span> <span class='ocrx_word' id='word_1_126' title='bbox 1445 1072 1484 1120; x_wconf 79' lang='lat'><strong>³)</strong></span> 
     </span>
     <span class='ocr_line' id='line_1_17' title="bbox 153 1128 1486 1183; baseline -0.002 -13"><span class='ocrx_word' id='word_1_127' title='bbox 153 1139 279 1171; x_wconf 85' lang='lat' dir='ltr'><strong>autem</strong></span> <span class='ocrx_word' id='word_1_128' title='bbox 306 1140 346 1171; x_wconf 92' lang='lat' dir='ltr'><strong>et</strong></span> <span class='ocrx_word' id='word_1_129' title='bbox 371 1131 626 1170; x_wconf 82' lang='lat' dir='ltr'><strong>Hermotimus</strong></span> <span class='ocrx_word' id='word_1_130' title='bbox 652 1131 777 1170; x_wconf 86' lang='lat' dir='ltr'><strong>fabam</strong></span> <span class='ocrx_word' id='word_1_131' title='bbox 804 1143 954 1183; x_wconf 92' lang='lat' dir='ltr'><strong>quoque</strong></span> <span class='ocrx_word' id='word_1_132' title='bbox 980 1131 1018 1168; x_wconf 92' lang='lat' dir='ltr'><strong>in</strong></span> <span class='ocrx_word' id='word_1_133' title='bbox 1045 1130 1192 1182; x_wconf 85' lang='lat' dir='ltr'><strong>pabulis</strong></span> <span class='ocrx_word' id='word_1_134' title='bbox 1225 1128 1486 1168; x_wconf 88' lang='lat' dir='ltr'><strong>communibus</strong></span> 
     </span>
     <span class='ocr_line' id='line_1_18' title="bbox 154 1186 1486 1242; baseline -0.003 -14"><span class='ocrx_word' id='word_1_135' title='bbox 154 1191 339 1237; x_wconf 89' lang='lat' dir='ltr'><strong>irruerat,</strong></span> <span class='ocrx_word' id='word_1_136' title='bbox 371 1189 614 1242; x_wconf 88' lang='lat' dir='ltr'><strong>Pythagoras</strong></span> <span class='ocrx_word' id='word_1_137' title='bbox 645 1202 740 1227; x_wconf 84' lang='lat' dir='ltr'><strong>vero</strong></span> <span class='ocrx_word' id='word_1_138' title='bbox 766 1201 813 1227; x_wconf 90' lang='lat' dir='ltr'><strong>ne</strong></span> <span class='ocrx_word' id='word_1_139' title='bbox 839 1201 910 1240; x_wconf 91' lang='lat' dir='ltr'><strong>per</strong></span> <span class='ocrx_word' id='word_1_140' title='bbox 934 1188 1075 1226; x_wconf 85' lang='lat' dir='ltr'><strong>fabalia</strong></span> <span class='ocrx_word' id='word_1_141' title='bbox 1102 1186 1253 1239; x_wconf 89' lang='lat' dir='ltr'><strong>quidem</strong></span> <span class='ocrx_word' id='word_1_142' title='bbox 1285 1193 1486 1226; x_wconf 87' lang='lat' dir='ltr'><strong>transeun-</strong></span> 
     </span>
     <span class='ocr_line' id='line_1_19' title="bbox 154 1243 1483 1299; baseline -0.002 -14"><span class='ocrx_word' id='word_1_143' title='bbox 154 1246 241 1285; x_wconf 89' lang='lat' dir='ltr'><strong>dum</strong></span> <span class='ocrx_word' id='word_1_144' title='bbox 267 1246 464 1299; x_wconf 86' lang='lat' dir='ltr'><strong>discipulis</strong></span> <span class='ocrx_word' id='word_1_145' title='bbox 489 1248 566 1286; x_wconf 92' lang='lat' dir='ltr'><strong>suis</strong></span> <span class='ocrx_word' id='word_1_146' title='bbox 593 1246 763 1285; x_wconf 85' lang='lat' dir='ltr'><strong>tradidit.</strong></span> <span class='ocrx_word' id='word_1_147' title='bbox 803 1245 1003 1294; x_wconf 75' lang='lat' dir='ltr'><strong>Quomodo</strong></span> <span class='ocrx_word' id='word_1_148' title='bbox 1025 1258 1120 1296; x_wconf 87' lang='lat' dir='ltr'><strong>ergo</strong></span> <span class='ocrx_word' id='word_1_149' title='bbox 1147 1243 1307 1284; x_wconf 86' lang='lat' dir='ltr'><strong>eaedem</strong></span> <span class='ocrx_word' id='word_1_150' title='bbox 1332 1244 1483 1283; x_wconf 85' lang='lat' dir='ltr'><strong>animae</strong></span> 
     </span>
     <span class='ocr_line' id='line_1_20' title="bbox 155 1301 1486 1356; baseline -0.002 -14"><span class='ocrx_word' id='word_1_151' title='bbox 155 1311 447 1355; x_wconf 84' lang='lat' dir='ltr'><strong>recuperantur,</strong></span> <span class='ocrx_word' id='word_1_152' title='bbox 475 1317 571 1356; x_wconf 90' lang='lat' dir='ltr'><strong>quae</strong></span> <span class='ocrx_word' id='word_1_153' title='bbox 598 1317 669 1343; x_wconf 89' lang='lat' dir='ltr'><strong>nec</strong></span> <span class='ocrx_word' id='word_1_154' title='bbox 696 1304 861 1355; x_wconf 86' lang='lat' dir='ltr'><strong>ingeniis</strong></span> <span class='ocrx_word' id='word_1_155' title='bbox 886 1316 959 1342; x_wconf 90' lang='lat' dir='ltr'><strong>nec</strong></span> <span class='ocrx_word' id='word_1_156' title='bbox 985 1303 1167 1341; x_wconf 85' lang='lat' dir='ltr'><strong>institutis</strong></span> <span class='ocrx_word' id='word_1_157' title='bbox 1186 1303 1260 1340; x_wconf 87' lang='lat' dir='ltr'><strong>iam</strong></span> <span class='ocrx_word' id='word_1_158' title='bbox 1280 1314 1352 1340; x_wconf 90' lang='lat' dir='ltr'><strong>nec</strong></span> <span class='ocrx_word' id='word_1_159' title='bbox 1372 1301 1486 1340; x_wconf 88' lang='lat' dir='ltr'><strong>victi-</strong></span> 
     </span>
     <span class='ocr_line' id='line_1_21' title="bbox 154 1358 1484 1411; baseline -0.001 -13"><span class='ocrx_word' id='word_1_160' title='bbox 154 1360 224 1398; x_wconf 85' lang='lat' dir='ltr'><strong>bus</strong></span> <span class='ocrx_word' id='word_1_161' title='bbox 250 1360 409 1399; x_wconf 87' lang='lat' dir='ltr'><strong>eaedem</strong></span> <span class='ocrx_word' id='word_1_162' title='bbox 436 1361 722 1411; x_wconf 77' lang='lat' dir='ltr'><strong>probabuntur?</strong></span> <span class='ocrx_word' id='word_1_163' title='bbox 747 1361 824 1399; x_wconf 89' lang='lat' dir='ltr'><strong>lam</strong></span> <span class='ocrx_word' id='word_1_164' title='bbox 846 1374 945 1399; x_wconf 89' lang='lat' dir='ltr'><strong>nunc</strong></span> <span class='ocrx_word' id='word_1_165' title='bbox 967 1359 1014 1398; x_wconf 91' lang='lat' dir='ltr'><strong>de</strong></span> <span class='ocrx_word' id='word_1_166' title='bbox 1036 1367 1142 1398; x_wconf 86' lang='lat' dir='ltr'><strong>tanto</strong></span> <span class='ocrx_word' id='word_1_167' title='bbox 1160 1358 1349 1398; x_wconf 84' lang='lat' dir='ltr'><strong>Graeciae</strong></span> <span class='ocrx_word' id='word_1_168' title='bbox 1364 1371 1484 1397; x_wconf 81' lang='lat' dir='ltr'><strong>censu</strong></span> 
     </span>
     <span class='ocr_line' id='line_1_22' title="bbox 156 1414 1484 1469; baseline -0.001 -14"><span class='ocrx_word' id='word_1_169' title='bbox 156 1424 319 1468; x_wconf 84' lang='lat' dir='ltr'><strong>quatuor</strong></span> <span class='ocrx_word' id='word_1_170' title='bbox 350 1418 456 1455; x_wconf 88' lang='lat' dir='ltr'><strong>solae</strong></span> <span class='ocrx_word' id='word_1_171' title='bbox 488 1419 637 1455; x_wconf 86' lang='lat' dir='ltr'><strong>animae</strong></span> <span class='ocrx_word' id='word_1_172' title='bbox 669 1425 934 1455; x_wconf 87' lang='lat' dir='ltr'><strong>recensentur.</strong></span> <span class='ocrx_word' id='word_1_173' title='bbox 997 1416 1076 1455; x_wconf 88' lang='lat' dir='ltr'><strong>Sed</strong></span> <span class='ocrx_word' id='word_1_174' title='bbox 1102 1424 1141 1455; x_wconf 89' lang='lat' dir='ltr'><strong>et</strong></span> <span class='ocrx_word' id='word_1_175' title='bbox 1167 1415 1255 1469; x_wconf 89' lang='lat' dir='ltr'><strong>quid</strong></span> <span class='ocrx_word' id='word_1_176' title='bbox 1280 1417 1409 1468; x_wconf 86' lang='lat' dir='ltr'><strong>ulique</strong></span> <span class='ocrx_word' id='word_1_177' title='bbox 1435 1414 1484 1455; x_wconf 89' lang='lat' dir='ltr'><strong>de</strong></span> 
     </span>
     <span class='ocr_line' id='line_1_23' title="bbox 156 1472 1484 1524; baseline 0.001 -13"><span class='ocrx_word' id='word_1_178' title='bbox 156 1474 240 1511; x_wconf 92' lang='lat' dir='ltr'><strong>solo</strong></span> <span class='ocrx_word' id='word_1_179' title='bbox 263 1472 452 1511; x_wconf 82' lang='lat' dir='ltr'><strong>Graeciae</strong></span> <span class='ocrx_word' id='word_1_180' title='bbox 480 1487 610 1519; x_wconf 85' lang='lat' dir='ltr'><strong>censu,</strong></span> <span class='ocrx_word' id='word_1_181' title='bbox 637 1480 678 1511; x_wconf 88' lang='lat' dir='ltr'><strong>ut</strong></span> <span class='ocrx_word' id='word_1_182' title='bbox 703 1486 779 1510; x_wconf 90' lang='lat' dir='ltr'><strong>non</strong></span> <span class='ocrx_word' id='word_1_183' title='bbox 805 1487 852 1511; x_wconf 84' lang='lat' dir='ltr'><strong>cx</strong></span> <span class='ocrx_word' id='word_1_184' title='bbox 880 1475 981 1511; x_wconf 90' lang='lat' dir='ltr'><strong>omni</strong></span> <span class='ocrx_word' id='word_1_185' title='bbox 1007 1481 1136 1524; x_wconf 87' lang='lat' dir='ltr'><strong>gente,</strong></span> <span class='ocrx_word' id='word_1_186' title='bbox 1162 1487 1213 1512; x_wconf 88' lang='lat' dir='ltr'><strong>ex</strong></span> <span class='ocrx_word' id='word_1_187' title='bbox 1232 1475 1334 1512; x_wconf 89' lang='lat' dir='ltr'><strong>omni</strong></span> <span class='ocrx_word' id='word_1_188' title='bbox 1356 1479 1484 1513; x_wconf 81' lang='lat' dir='ltr'><strong>aetate</strong></span> 
     </span>
     <span class='ocr_line' id='line_1_24' title="bbox 154 1528 1486 1583; baseline 0.002 -14"><span class='ocrx_word' id='word_1_189' title='bbox 154 1544 201 1569; x_wconf 80' lang='lat' dir='ltr'><strong>ac</strong></span> <span class='ocrx_word' id='word_1_190' title='bbox 227 1529 427 1581; x_wconf 83' lang='lat' dir='ltr'><strong>dignitate,</strong></span> <span class='ocrx_word' id='word_1_191' title='bbox 454 1542 504 1568; x_wconf 80' lang='lat' dir='ltr'><strong>ex</strong></span> <span class='ocrx_word' id='word_1_192' title='bbox 528 1530 630 1567; x_wconf 89' lang='lat' dir='ltr'><strong>omni</strong></span> <span class='ocrx_word' id='word_1_193' title='bbox 656 1529 819 1580; x_wconf 90' lang='lat' dir='ltr'><strong>denique</strong></span> <span class='ocrx_word' id='word_1_194' title='bbox 845 1542 952 1576; x_wconf 80' lang='lat' dir='ltr'><strong>sexu,</strong></span> <span class='ocrx_word' id='word_1_195' title='bbox 985 1537 1025 1567; x_wconf 90' lang='lat' dir='ltr'><strong>et</strong></span> <span class='ocrx_word' id='word_1_196' title='bbox 1048 1528 1337 1583; x_wconf 81' lang='grc' dir='ltr'><strong><em>μετεμψύχωσις</em></strong></span> <span class='ocrx_word' id='word_1_197' title='bbox 1361 1538 1402 1570; x_wconf 88' lang='lat' dir='ltr'><strong>et</strong></span> <span class='ocrx_word' id='word_1_198' title='bbox 1424 1545 1486 1583; x_wconf 85' lang='grc' dir='ltr'><strong>με·</strong></span> 
     </span>
     <span class='ocr_line' id='line_1_25' title="bbox 153 1583 1484 1639; baseline -0.002 -12"><span class='ocrx_word' id='word_1_199' title='bbox 153 1583 442 1639; x_wconf 76' lang='grc' dir='ltr'><strong><em>τενσωμάτωσις</em></strong></span> <span class='ocrx_word' id='word_1_200' title='bbox 468 1586 638 1639; x_wconf 89' lang='lat' dir='ltr'><strong>quotidie</strong></span> <span class='ocrx_word' id='word_1_201' title='bbox 665 1587 849 1632; x_wconf 83' lang='lat' dir='ltr'><strong>existant,</strong></span> <span class='ocrx_word' id='word_1_202' title='bbox 883 1599 952 1625; x_wconf 86' lang='lat' dir='ltr'><strong>cur</strong></span> <span class='ocrx_word' id='word_1_203' title='bbox 977 1586 1078 1624; x_wconf 90' lang='lat' dir='ltr'><strong>solus</strong></span> <span class='ocrx_word' id='word_1_204' title='bbox 1105 1586 1344 1637; x_wconf 83' lang='lat' dir='ltr'><strong>Pythagoras</strong></span> <span class='ocrx_word' id='word_1_205' title='bbox 1369 1587 1484 1625; x_wconf 86' lang='lat' dir='ltr'><strong>alium</strong></span> 
     </span>
     <span class='ocr_line' id='line_1_26' title="bbox 154 1643 1485 1696; baseline -0.001 -13"><span class='ocrx_word' id='word_1_206' title='bbox 154 1651 268 1696; x_wconf 83' lang='lat' dir='ltr'><strong>atquc</strong></span> <span class='ocrx_word' id='word_1_207' title='bbox 295 1645 407 1682; x_wconf 87' lang='lat' dir='ltr'><strong>alium</strong></span> <span class='ocrx_word' id='word_1_208' title='bbox 432 1657 475 1682; x_wconf 89' lang='lat' dir='ltr'><strong>se</strong></span> <span class='ocrx_word' id='word_1_209' title='bbox 501 1651 772 1695; x_wconf 84' lang='lat' dir='ltr'><strong>recognoscat,</strong></span> <span class='ocrx_word' id='word_1_210' title='bbox 805 1657 881 1681; x_wconf 89' lang='lat' dir='ltr'><strong>non</strong></span> <span class='ocrx_word' id='word_1_211' title='bbox 907 1650 946 1681; x_wconf 84' lang='lat' dir='ltr'><strong>et</strong></span> <span class='ocrx_word' id='word_1_212' title='bbox 971 1645 1073 1694; x_wconf 84' lang='lat' dir='ltr'><strong>ego?</strong></span> <span class='ocrx_word' id='word_1_213' title='bbox 1096 1650 1162 1681; x_wconf 87' lang='lat' dir='ltr'><strong>aut</strong></span> <span class='ocrx_word' id='word_1_214' title='bbox 1187 1643 1219 1681; x_wconf 92' lang='lat' dir='ltr'><strong>si</strong></span> <span class='ocrx_word' id='word_1_215' title='bbox 1243 1643 1485 1695; x_wconf 89' lang='lat' dir='ltr'><strong>privilegium</strong></span> 
     </span>
     <span class='ocr_line' id='line_1_27' title="bbox 152 1698 1485 1754; baseline -0.001 -14"><span class='ocrx_word' id='word_1_216' title='bbox 152 1702 466 1754; x_wconf 87' lang='lat' dir='ltr'><strong>philosophorum</strong></span> <span class='ocrx_word' id='word_1_217' title='bbox 491 1709 564 1749; x_wconf 87' lang='lat' dir='ltr'><strong>est,</strong></span> <span class='ocrx_word' id='word_1_218' title='bbox 591 1708 631 1739; x_wconf 88' lang='lat' dir='ltr'><strong>et</strong></span> <span class='ocrx_word' id='word_1_219' title='bbox 655 1702 784 1752; x_wconf 89' lang='lat' dir='ltr'><strong>utique</strong></span> <span class='ocrx_word' id='word_1_220' title='bbox 813 1699 1063 1747; x_wconf 88' lang='lat' dir='ltr'><strong>Graecorum,</strong></span> <span class='ocrx_word' id='word_1_221' title='bbox 1091 1701 1199 1752; x_wconf 91' lang='lat' dir='ltr'><strong>quasi</strong></span> <span class='ocrx_word' id='word_1_222' title='bbox 1225 1713 1299 1738; x_wconf 91' lang='lat' dir='ltr'><strong>non</strong></span> <span class='ocrx_word' id='word_1_223' title='bbox 1325 1707 1365 1739; x_wconf 90' lang='lat' dir='ltr'><strong>et</strong></span> <span class='ocrx_word' id='word_1_224' title='bbox 1385 1698 1485 1752; x_wconf 87' lang='lat' dir='ltr'><strong>Sey-</strong></span> 
     </span>
     <span class='ocr_line' id='line_1_28' title="bbox 152 1757 1485 1811; baseline -0.001 -15"><span class='ocrx_word' id='word_1_225' title='bbox 152 1759 241 1798; x_wconf 82' lang='lat' dir='ltr'><strong>thae</strong></span> <span class='ocrx_word' id='word_1_226' title='bbox 268 1766 307 1798; x_wconf 89' lang='lat' dir='ltr'><strong>et</strong></span> <span class='ocrx_word' id='word_1_227' title='bbox 332 1758 415 1797; x_wconf 86' lang='lat' dir='ltr'><strong>Indi</strong></span> <span class='ocrx_word' id='word_1_228' title='bbox 442 1758 777 1811; x_wconf 83' lang='lat' dir='ltr'><strong>philosophentur,</strong></span> <span class='ocrx_word' id='word_1_229' title='bbox 810 1771 880 1797; x_wconf 92' lang='lat' dir='ltr'><strong>cur</strong></span> <span class='ocrx_word' id='word_1_230' title='bbox 903 1758 1090 1796; x_wconf 86' lang='lat' dir='ltr'><strong>neminem</strong></span> <span class='ocrx_word' id='word_1_231' title='bbox 1118 1764 1158 1795; x_wconf 89' lang='lat' dir='ltr'><strong>et</strong></span> <span class='ocrx_word' id='word_1_232' title='bbox 1182 1764 1288 1796; x_wconf 91' lang='lat' dir='ltr'><strong>retro</strong></span> <span class='ocrx_word' id='word_1_233' title='bbox 1315 1757 1485 1796; x_wconf 90' lang='lat' dir='ltr'><strong>meminit</strong></span> 
     </span>
     <span class='ocr_line' id='line_1_29' title="bbox 152 1815 1484 1869; baseline -0.002 -14"><span class='ocrx_word' id='word_1_234' title='bbox 152 1816 354 1869; x_wconf 78' lang='lat' dir='ltr'><strong>EpicuruS,</strong></span> <span class='ocrx_word' id='word_1_235' title='bbox 381 1818 569 1855; x_wconf 87' lang='lat' dir='ltr'><strong>neminem</strong></span> <span class='ocrx_word' id='word_1_236' title='bbox 585 1816 834 1868; x_wconf 88' lang='lat' dir='ltr'><strong>Chrysippus,</strong></span> <span class='ocrx_word' id='word_1_237' title='bbox 861 1816 1048 1854; x_wconf 87' lang='lat' dir='ltr'><strong>neminem</strong></span> <span class='ocrx_word' id='word_1_238' title='bbox 1070 1815 1192 1862; x_wconf 90' lang='lat' dir='ltr'><strong>Zeno,</strong></span> <span class='ocrx_word' id='word_1_239' title='bbox 1219 1827 1267 1854; x_wconf 89' lang='lat' dir='ltr'><strong>ne</strong></span> <span class='ocrx_word' id='word_1_240' title='bbox 1293 1815 1375 1867; x_wconf 86' lang='lat' dir='ltr'><strong>ipse</strong></span> <span class='ocrx_word' id='word_1_241' title='bbox 1401 1815 1484 1867; x_wconf 91' lang='lat' dir='ltr'><strong>qui-</strong></span> 
     </span>
     <span class='ocr_line' id='line_1_30' title="bbox 153 1871 1483 1927; baseline -0.001 -16"><span class='ocrx_word' id='word_1_242' title='bbox 153 1874 238 1912; x_wconf 85' lang='lat' dir='ltr'><strong>dem</strong></span> <span class='ocrx_word' id='word_1_243' title='bbox 264 1873 386 1922; x_wconf 86' lang='lat' dir='ltr'><strong>Plato,</strong></span> <span class='ocrx_word' id='word_1_244' title='bbox 413 1887 523 1927; x_wconf 88' lang='lat' dir='ltr'><strong>quem</strong></span> <span class='ocrx_word' id='word_1_245' title='bbox 550 1874 712 1913; x_wconf 83' lang='lat' dir='ltr'><strong>forsitan</strong></span> <span class='ocrx_word' id='word_1_246' title='bbox 737 1873 945 1912; x_wconf 87' lang='lat' dir='ltr'><strong>Nestorem</strong></span> <span class='ocrx_word' id='word_1_247' title='bbox 970 1871 1268 1912; x_wconf 87' lang='lat' dir='ltr'><strong>credidissemus</strong></span> <span class='ocrx_word' id='word_1_248' title='bbox 1295 1872 1342 1910; x_wconf 94' lang='lat' dir='ltr'><strong>ob</strong></span> <span class='ocrx_word' id='word_1_249' title='bbox 1369 1873 1483 1911; x_wconf 86' lang='lat' dir='ltr'><strong>mella</strong></span> 
     </span>
     <span class='ocr_line' id='line_1_31' title="bbox 152 1930 381 1970; baseline 0.009 -2"><span class='ocrx_word' id='word_1_250' title='bbox 152 1930 381 1970; x_wconf 75' lang='lat' dir='ltr'><strong>facundiae?</strong></span> 
     </span>
    </p>

    <p class='ocr_par' dir='ltr' id='par_1_3' title="bbox 151 1985 1479 2156">
     <span class='ocr_line' id='line_1_32' title="bbox 267 1985 1479 2041; baseline -0.003 -12"><span class='ocrx_word' id='word_1_251' title='bbox 267 1992 336 2030; x_wconf 86' lang='lat'><strong>32.</strong></span> <span class='ocrx_word' id='word_1_252' title='bbox 352 1990 388 2040; x_wconf 78' lang='lat'><strong>4)</strong></span> <span class='ocrx_word' id='word_1_253' title='bbox 449 1988 529 2028; x_wconf 89' lang='lat' dir='ltr'><strong>Sed</strong></span> <span class='ocrx_word' id='word_1_254' title='bbox 555 1989 654 2028; x_wconf 90' lang='lat' dir='ltr'><strong>enim</strong></span> <span class='ocrx_word' id='word_1_255' title='bbox 681 1987 955 2041; x_wconf 88' lang='lat' dir='ltr'><strong>Empedocles,</strong></span> <span class='ocrx_word' id='word_1_256' title='bbox 989 1989 1052 2040; x_wconf 86' lang='lat' dir='ltr'><strong>qui</strong></span> <span class='ocrx_word' id='word_1_257' title='bbox 1077 2000 1118 2027; x_wconf 93' lang='lat' dir='ltr'><strong>se</strong></span> <span class='ocrx_word' id='word_1_258' title='bbox 1145 1986 1255 2026; x_wconf 91' lang='lat' dir='ltr'><strong>deum</strong></span> <span class='ocrx_word' id='word_1_259' title='bbox 1282 1985 1479 2034; x_wconf 83' lang='lat' dir='ltr'><strong>delirarat,</strong></span> 
     </span>
     <span class='ocr_line' id='line_1_33' title="bbox 151 2043 1479 2098; baseline -0.001 -16"><span class='ocrx_word' id='word_1_260' title='bbox 151 2044 319 2092; x_wconf 86' lang='lat' dir='ltr'><strong>idcirco,</strong></span> <span class='ocrx_word' id='word_1_261' title='bbox 352 2048 508 2098; x_wconf 91' lang='lat' dir='ltr'><strong>opinor,</strong></span> <span class='ocrx_word' id='word_1_262' title='bbox 541 2045 770 2097; x_wconf 89' lang='lat' dir='ltr'><strong>dedignatus</strong></span> <span class='ocrx_word' id='word_1_263' title='bbox 801 2046 964 2098; x_wconf 90' lang='lat' dir='ltr'><strong>aliquem</strong></span> <span class='ocrx_word' id='word_1_264' title='bbox 995 2058 1037 2084; x_wconf 91' lang='lat' dir='ltr'><strong>se</strong></span> <span class='ocrx_word' id='word_1_265' title='bbox 1069 2045 1228 2084; x_wconf 90' lang='lat' dir='ltr'><strong>heroum</strong></span> <span class='ocrx_word' id='word_1_266' title='bbox 1259 2043 1479 2083; x_wconf 87' lang='lat' dir='ltr'><strong>recordari:</strong></span> 
     </span>
     <span class='ocr_line' id='line_1_34' title="bbox 152 2103 1479 2156; baseline -0.001 -16"><span class='ocrx_word' id='word_1_267' title='bbox 152 2103 325 2141; x_wconf 87' lang='lat' dir='ltr'><strong>thamnus</strong></span> <span class='ocrx_word' id='word_1_268' title='bbox 350 2110 390 2142; x_wconf 88' lang='lat' dir='ltr'><strong>et</strong></span> <span class='ocrx_word' id='word_1_269' title='bbox 413 2105 530 2156; x_wconf 91' lang='lat' dir='ltr'><strong>piscis</strong></span> <span class='ocrx_word' id='word_1_270' title='bbox 554 2104 621 2151; x_wconf 85' lang='lat' dir='ltr'><strong>fui,</strong></span> <span class='ocrx_word' id='word_1_271' title='bbox 649 2105 782 2156; x_wconf 90' lang='lat' dir='ltr'><strong>inquit.</strong></span> <span class='ocrx_word' id='word_1_272' title='bbox 798 2105 836 2150; x_wconf 82' lang='grc'><strong>5)</strong></span> <span class='ocrx_word' id='word_1_273' title='bbox 879 2103 958 2142; x_wconf 93' lang='lat' dir='ltr'><strong>Cur</strong></span> <span class='ocrx_word' id='word_1_274' title='bbox 977 2116 1052 2141; x_wconf 91' lang='lat' dir='ltr'><strong>non</strong></span> <span class='ocrx_word' id='word_1_275' title='bbox 1075 2103 1194 2154; x_wconf 81' lang='lat' dir='ltr'><strong>magis</strong></span> <span class='ocrx_word' id='word_1_276' title='bbox 1214 2108 1254 2140; x_wconf 90' lang='lat' dir='ltr'><strong>et</strong></span> <span class='ocrx_word' id='word_1_277' title='bbox 1276 2114 1378 2154; x_wconf 85' lang='lat' dir='ltr'><strong>pepo</strong></span> <span class='ocrx_word' id='word_1_278' title='bbox 1404 2107 1479 2140; x_wconf 87' lang='lat' dir='ltr'><strong>tam</strong></span> 
     </span>
    </p>
   </div>
   <div class='ocr_carea' id='block_1_3' title="bbox 150 2205 1480 2615">
    <p class='ocr_par' dir='ltr' id='par_1_4' title="bbox 150 2205 1480 2615">
     <span class='ocr_line' id='line_1_35' title="bbox 243 2205 1479 2249; baseline -0.002 -12"><span class='ocrx_word' id='word_1_279' title='bbox 243 2207 279 2247; x_wconf 91' lang='lat'><strong>1)</strong></span> <span class='ocrx_word' id='word_1_280' title='bbox 293 2208 436 2239; x_wconf 75' lang='lat' dir='ltr'><strong>Praeter</strong></span> <span class='ocrx_word' id='word_1_281' title='bbox 455 2207 529 2249; x_wconf 84' lang='lat' dir='ltr'><strong>Rig.</strong></span> <span class='ocrx_word' id='word_1_282' title='bbox 544 2208 618 2238; x_wconf 84' lang='lat' dir='ltr'><strong>edd.</strong></span> <span class='ocrx_word' id='word_1_283' title='bbox 643 2217 777 2240; x_wconf 83' lang='lat' dir='ltr'><strong>omnes:</strong></span> <span class='ocrx_word' id='word_1_284' title='bbox 801 2207 910 2239; x_wconf 71' lang='lat' dir='ltr'><strong>licet</strong></span> <span class='ocrx_word' id='word_1_285' title='bbox 933 2217 1015 2239; x_wconf 86' lang='lat' dir='ltr'><strong>non</strong></span> <span class='ocrx_word' id='word_1_286' title='bbox 1038 2216 1149 2246; x_wconf 82' lang='lat' dir='ltr'><strong>corp.</strong></span> <span class='ocrx_word' id='word_1_287' title='bbox 1170 2215 1232 2244; x_wconf 84' lang='lat' dir='ltr'><strong>qu.</strong></span> <span class='ocrx_word' id='word_1_288' title='bbox 1252 2206 1276 2237; x_wconf 65' lang='grc' dir='ltr'><strong>ἱ.</strong></span> <span class='ocrx_word' id='word_1_289' title='bbox 1295 2205 1479 2245; x_wconf 74' lang='lat' dir='ltr'><strong>eandem,</strong></span> 
     </span>
     <span class='ocr_line' id='line_1_36' title="bbox 150 2250 1478 2292; baseline -0.002 -9"><span class='ocrx_word' id='word_1_290' title='bbox 150 2253 256 2284; x_wconf 80' lang='lat' dir='ltr'><strong>ticet</strong></span> <span class='ocrx_word' id='word_1_291' title='bbox 281 2250 362 2284; x_wconf 89' lang='lat' dir='ltr'><strong>non</strong></span> <span class='ocrx_word' id='word_1_292' title='bbox 388 2255 614 2292; x_wconf 76' lang='lat' dir='ltr'><strong>flaturum3</strong></span> <span class='ocrx_word' id='word_1_293' title='bbox 640 2256 780 2285; x_wconf 81' lang='lat' dir='ltr'><strong>tamen</strong></span> <span class='ocrx_word' id='word_1_294' title='bbox 804 2263 970 2292; x_wconf 89' lang='lat' dir='ltr'><strong>quoque</strong></span> <span class='ocrx_word' id='word_1_295' title='bbox 995 2254 1134 2284; x_wconf 70' lang='lat' dir='ltr'><strong>forte·</strong></span> <span class='ocrx_word' id='word_1_296' title='bbox 1160 2260 1300 2283; x_wconf 73' lang='lat' dir='ltr'><strong>casam</strong></span> <span class='ocrx_word' id='word_1_297' title='bbox 1325 2251 1392 2282; x_wconf 86' lang='lat' dir='ltr'><strong>vel</strong></span> <span class='ocrx_word' id='word_1_298' title='bbox 1410 2250 1478 2281; x_wconf 88' lang='lat' dir='ltr'><strong>in-</strong></span> 
     </span>
     <span class='ocr_line' id='line_1_37' title="bbox 151 2296 1480 2338; baseline -0.002 -10"><span class='ocrx_word' id='word_1_299' title='bbox 151 2299 369 2338; x_wconf 84' lang='lat' dir='ltr'><strong>geniorum</strong></span> <span class='ocrx_word' id='word_1_300' title='bbox 402 2301 443 2330; x_wconf 87' lang='lat' dir='ltr'><strong>et</strong></span> <span class='ocrx_word' id='word_1_301' title='bbox 473 2300 581 2331; x_wconf 69' lang='lat' dir='ltr'><strong>stud.</strong></span> <span class='ocrx_word' id='word_1_302' title='bbox 609 2302 650 2330; x_wconf 89' lang='lat' dir='ltr'><strong>et</strong></span> <span class='ocrx_word' id='word_1_303' title='bbox 675 2299 969 2330; x_wconf 80' lang='lat' dir='ltr'><strong>adiectionum</strong></span> <span class='ocrx_word' id='word_1_304' title='bbox 999 2316 1042 2322; x_wconf 92' lang='lat'>—</span> <span class='ocrx_word' id='word_1_305' title='bbox 1074 2299 1276 2329; x_wconf 75' lang='lat' dir='ltr'><strong>carente·</strong></span> <span class='ocrx_word' id='word_1_306' title='bbox 1305 2296 1375 2327; x_wconf 77' lang='lat' dir='ltr'><strong>hin</strong></span> <span class='ocrx_word' id='word_1_307' title='bbox 1406 2305 1480 2335; x_wconf 84' lang='lat' dir='ltr'><strong>per</strong></span> 
     </span>
     <span class='ocr_line' id='line_1_38' title="bbox 152 2342 1478 2385; baseline 0 -12"><span class='ocrx_word' id='word_1_308' title='bbox 152 2353 257 2381; x_wconf 81' lang='lat' dir='ltr'><strong>quae</strong></span> <span class='ocrx_word' id='word_1_309' title='bbox 283 2345 426 2375; x_wconf 82' lang='lat' dir='ltr'><strong>eadem</strong></span> <span class='ocrx_word' id='word_1_310' title='bbox 452 2347 751 2384; x_wconf 73' lang='lat' dir='ltr'><strong>probarentur.</strong></span> <span class='ocrx_word' id='word_1_311' title='bbox 792 2383 794 2385; x_wconf 17' lang='lat' dir='ltr'>v</span> <span class='ocrx_word' id='word_1_312' title='bbox 846 2346 883 2383; x_wconf 85' lang='lat'><strong>2)</strong></span> <span class='ocrx_word' id='word_1_313' title='bbox 908 2345 1089 2376; x_wconf 81' lang='lat' dir='ltr'><strong>Adduntur</strong></span> <span class='ocrx_word' id='word_1_314' title='bbox 1106 2346 1142 2374; x_wconf 88' lang='lat' dir='ltr'><strong>in</strong></span> <span class='ocrx_word' id='word_1_315' title='bbox 1161 2342 1371 2374; x_wconf 86' lang='lat' dir='ltr'><strong>edd.Gel.et</strong></span> <span class='ocrx_word' id='word_1_316' title='bbox 1384 2342 1478 2373; x_wconf 80' lang='lat' dir='ltr'><strong>Pam.</strong></span> 
     </span>
     <span class='ocr_line' id='line_1_39' title="bbox 152 2389 1478 2432; baseline -0.001 -14"><span class='ocrx_word' id='word_1_317' title='bbox 152 2397 225 2422; x_wconf 79' lang='lat' dir='ltr'><strong>vv.:</strong></span> <span class='ocrx_word' id='word_1_318' title='bbox 257 2389 366 2419; x_wconf 87' lang='lat' dir='ltr'><strong>Ecce</strong></span> <span class='ocrx_word' id='word_1_319' title='bbox 397 2391 506 2421; x_wconf 84' lang='lat' dir='ltr'><strong>enim</strong></span> <span class='ocrx_word' id='word_1_320' title='bbox 530 2391 796 2431; x_wconf 86' lang='lat' dir='ltr'><strong>Euphorbum</strong></span> <span class='ocrx_word' id='word_1_321' title='bbox 827 2391 928 2422; x_wconf 80' lang='lat' dir='ltr'><strong>mihi</strong></span> <span class='ocrx_word' id='word_1_322' title='bbox 962 2390 1157 2432; x_wconf 79' lang='lat' dir='ltr'><strong>opponis.</strong></span> <span class='ocrx_word' id='word_1_323' title='bbox 1212 2389 1311 2424; x_wconf 75' lang='lat' dir='ltr'><strong>Quae</strong></span> <span class='ocrx_word' id='word_1_324' title='bbox 1334 2390 1478 2427; x_wconf 59' lang='lat' dir='ltr'><strong>proruu-</strong></span> 
     </span>
     <span class='ocr_line' id='line_1_40' title="bbox 153 2433 1475 2479; baseline 0 -16"><span class='ocrx_word' id='word_1_325' title='bbox 153 2443 367 2472; x_wconf 81' lang='lat' dir='ltr'><strong>supervacua</strong></span> <span class='ocrx_word' id='word_1_326' title='bbox 391 2439 485 2467; x_wconf 79' lang='lat' dir='ltr'><strong>recte</strong></span> <span class='ocrx_word' id='word_1_327' title='bbox 511 2437 669 2468; x_wconf 82' lang='lat' dir='ltr'><strong>delerunt</strong></span> <span class='ocrx_word' id='word_1_328' title='bbox 692 2437 810 2467; x_wconf 72' lang='lat' dir='ltr'><strong>Iunius</strong></span> <span class='ocrx_word' id='word_1_329' title='bbox 836 2439 870 2467; x_wconf 81' lang='lat' dir='ltr'><strong>et</strong></span> <span class='ocrx_word' id='word_1_330' title='bbox 894 2437 969 2476; x_wconf 84' lang='lat' dir='ltr'><strong>Rig.</strong></span> <span class='ocrx_word' id='word_1_331' title='bbox 1065 2434 1101 2479; x_wconf 81' lang='grc'><strong>3)</strong></span> <span class='ocrx_word' id='word_1_332' title='bbox 1116 2435 1206 2467; x_wconf 67' lang='lat' dir='ltr'><strong>Get:</strong></span> <span class='ocrx_word' id='word_1_333' title='bbox 1230 2433 1475 2474; x_wconf 73' lang='lat' dir='ltr'><strong>Ephaliden.</strong></span> 
     </span>
     <span class='ocr_line' id='line_1_41' title="bbox 153 2478 1472 2521; baseline 0 -13"><span class='ocrx_word' id='word_1_334' title='bbox 153 2479 190 2516; x_wconf 81' lang='lat'><strong>4)</strong></span> <span class='ocrx_word' id='word_1_335' title='bbox 205 2480 349 2517; x_wconf 83' lang='lat' dir='ltr'><strong>cap.32.</strong></span> <span class='ocrx_word' id='word_1_336' title='bbox 359 2483 392 2511; x_wconf 88' lang='lat' dir='ltr'><strong>et</strong></span> <span class='ocrx_word' id='word_1_337' title='bbox 406 2482 459 2514; x_wconf 80' lang='lat'><strong>33.</strong></span> <span class='ocrx_word' id='word_1_338' title='bbox 469 2483 504 2512; x_wconf 90' lang='lat' dir='ltr'><strong>in</strong></span> <span class='ocrx_word' id='word_1_339' title='bbox 516 2483 624 2514; x_wconf 85' lang='lat' dir='ltr'><strong>Rhen.</strong></span> <span class='ocrx_word' id='word_1_340' title='bbox 639 2483 754 2514; x_wconf 80' lang='lat' dir='ltr'><strong>etGel.</strong></span> <span class='ocrx_word' id='word_1_341' title='bbox 768 2483 842 2513; x_wconf 85' lang='lat' dir='ltr'><strong>edd.</strong></span> <span class='ocrx_word' id='word_1_342' title='bbox 855 2483 1023 2521; x_wconf 76' lang='lat' dir='ltr'><strong>inscripta</strong></span> <span class='ocrx_word' id='word_1_343' title='bbox 1036 2483 1135 2513; x_wconf 70' lang='lat' dir='ltr'><strong>nuntz</strong></span> <span class='ocrx_word' id='word_1_344' title='bbox 1159 2480 1370 2511; x_wconf 79' lang='lat' dir='ltr'><strong>Adventu</strong></span> <span class='ocrx_word' id='word_1_345' title='bbox 1395 2478 1447 2517; x_wconf 78' lang='lat' dir='ltr'><strong>Py</strong></span> <span class='ocrx_word' id='word_1_346' title='bbox 1458 2495 1472 2501; x_wconf 95' lang='lat'>-</span> 
     </span>
     <span class='ocr_line' id='line_1_42' title="bbox 151 2523 1478 2568; baseline -0.002 -13"><span class='ocrx_word' id='word_1_347' title='bbox 151 2524 360 2563; x_wconf 77' lang='lat' dir='ltr'><strong>thagorae</strong></span> <span class='ocrx_word' id='word_1_348' title='bbox 380 2528 704 2568; x_wconf 82' lang='lat' dir='ltr'><strong>etEmpedoclis</strong></span> <span class='ocrx_word' id='word_1_349' title='bbox 729 2528 954 2568; x_wconf 70' lang='lat' dir='ltr'><strong>opiniones</strong></span> <span class='ocrx_word' id='word_1_350' title='bbox 980 2528 1028 2558; x_wconf 85' lang='lat' dir='ltr'><strong>de</strong></span> <span class='ocrx_word' id='word_1_351' title='bbox 1054 2523 1416 2566; x_wconf 68' lang='lat' dir='ltr'><strong>metempsychoni</strong></span> <span class='ocrx_word' id='word_1_352' title='bbox 1434 2523 1478 2554; x_wconf 78' lang='lat' dir='ltr'><strong>et</strong></span> 
     </span>
     <span class='ocr_line' id='line_1_43' title="bbox 153 2571 997 2615; baseline 0.004 -15"><span class='ocrx_word' id='word_1_353' title='bbox 153 2571 513 2606; x_wconf 79' lang='lat' dir='ltr'><strong>metensomatosi.</strong></span> <span class='ocrx_word' id='word_1_354' title='bbox 609 2574 641 2614; x_wconf 87' lang='lat'><strong>5)</strong></span> <span class='ocrx_word' id='word_1_355' title='bbox 656 2574 997 2615; x_wconf 74' lang='lat' dir='ltr'><strong>Diog.1.aert.8‚77.</strong></span> 
     </span>
    </p>
   </div>
  </div>
 </body>
</html>
