1604 2800
334 144 407 175 DE
438 141 952 175 RESURRECTIONE
986 143 1212 174 CARNIS.
1331 141 1438 178 149

105 238 184 277 alio
217 244 392 288 tempore
426 248 536 288 quam
567 235 606 273 in
637 232 805 274 adventu
838 233 1000 282 domini,
1041 236 1103 288 qui
1136 235 1254 274 clavis
1287 243 1346 275 est
1375 249 1440 275 re·

104 294 368 334 surrectionis.

218 355 287 393 48.
351 348 430 389 Sed
456 363 568 397 caro,
601 350 744 402 inquis,
777 356 818 388 et
843 350 997 401 sanguis
1024 363 1182 401 regnum
1210 349 1273 389 dei
1299 350 1438 390 haere-

105 410 225 448 ditate
250 407 451 462 possidere
479 421 554 446 non
579 414 751 460 possunt.
773 408 808 456 1)
874 406 1025 446 Scimus
1056 408 1131 446 hoc
1164 421 1314 460 quoque
1341 409 1438 448 scri-

103 474 222 520 ptum,
250 465 325 505 sed*
345 464 393 504 de
419 464 609 504 industria
635 465 846 504 distulimus
871 465 1080 518 hueusque,
1107 472 1148 504 ut
1173 465 1275 518 quod
1301 464 1438 504 adver-

104 525 196 564 sarii
221 525 259 562 in
285 524 407 576 prima
432 524 558 562 statim
585 525 670 562 acie
698 523 911 570 obstruunt,
937 524 976 561 in
1001 524 1133 561 ultima
1158 524 1438 575 congressione

103 589 449 635 prosterneremus,
478 580 651 620 omnibus
666 581 952 634 quaestionibus
967 582 1073 632 quasi
1087 581 1238 620 auxiliis
1254 582 1335 620 eius
1349 587 1438 619 ante

103 639 282 679 deiectis.
351 637 430 678 Sed
462 645 502 677 et
531 652 630 677 nunc
663 645 847 690 expetent
882 637 1160 690 praecedentia
1190 639 1438 690 recognosci,

101 704 146 736 ut
171 704 210 736 et
234 696 324 735 huic
350 697 478 735 sensui
504 709 571 734 sua
598 698 710 747 origo
736 695 991 747 praeiudicet.
1054 695 1212 748 Opinor,
1240 696 1439 751 apostolus

104 754 293 806 disposita
318 753 368 791 ad
395 752 618 791 Corinthios
651 754 753 790 omni
785 751 1034 791 distinctione
1060 754 1355 791 ecclesiasticae
1382 752 1440 790 di-

103 811 291 863 sciplinae
323 823 506 848 summam
541 817 580 848 et
610 811 669 848 sui
700 810 893 860 evangelii
924 816 964 848 et
994 808 1086 848 fidei
1117 810 1268 849 illorum
1300 811 1338 848 in
1370 808 1441 848 do-

102 869 267 909 minicae
294 867 429 906 mortis
456 874 496 905 et
521 867 821 905 resurrectionis
848 865 1146 906 demandatione
1179 867 1440 914 concluserat,

103 934 145 965 ut
169 932 210 965 et
234 931 389 964 nostrae
416 925 499 977 spei
525 925 698 976 regulam
724 923 813 962 inde
841 923 1067 972 deduceret,
1100 923 1199 963 unde
1227 932 1439 964 constaret.

103 984 238 1036 Itaque
263 983 438 1022 subiicit:
466 983 498 1021 si
524 989 650 1021 autem
678 981 851 1020 Christus
876 981 1136 1033 praedicatur,
1165 981 1266 1034 quod
1291 996 1314 1021 a
1338 995 1442 1020 mor-

103 1042 178 1081 tuis
211 1041 488 1087 resurrexerit,
524 1038 715 1091 quomodo
748 1037 898 1090 quidam
932 1037 1065 1077 dicunt
1088 1039 1127 1077 in
1151 1039 1279 1086 vobis,
1311 1052 1442 1078 resur-

95 1100 320 1142 rectionem
346 1103 584 1136 mortuorum
611 1110 687 1133 non
713 1098 826 1134 esse?
856 1108 953 1147 quae
979 1096 1012 1133 si
1039 1109 1114 1134 non
1141 1103 1212 1143 est,
1240 1109 1313 1135 nec
1329 1096 1441 1134 Chri—

105 1162 184 1194 stus
221 1155 447 1193 resurrexit.
529 1152 572 1191 Si
600 1152 774 1190 Christus
806 1166 883 1190 non
914 1154 1193 1199 resurrexerit,
1231 1154 1355 1191 inanis
1381 1160 1443 1191 est

105 1210 347 1266 praedicatio
375 1211 581 1259 nostra32)
614 1210 853 1248 inveniemur
878 1211 977 1248 enim
1004 1210 1090 1248 falsi
1117 1217 1237 1249 testes
1262 1209 1344 1258 dei,
1379 1212 1443 1262 qui

107 1269 368 1310 testimonium
395 1266 618 1314 dixerimus,
646 1266 748 1319 quod
774 1268 1065 1306 resuscitaverit
1091 1267 1295 1316 Christum,
1330 1280 1442 1320 quem

105 1341 183 1366 non
209 1326 468 1366 resuscitavit.
529 1324 629 1363 Nam
656 1326 688 1363 si
713 1325 853 1363 mortui
879 1338 955 1362 non
981 1332 1201 1376 resurgunt,
1228 1338 1301 1364 nec
1329 1325 1442 1363 Chri-

107 1391 187 1424 stus
212 1383 439 1423 resurrexit.
504 1381 546 1420 Si
575 1382 750 1420 Christus
776 1395 852 1420 non
878 1383 1105 1429 resurrexit,
1136 1395 1236 1420 vana
1261 1389 1321 1420 est
1347 1381 1443 1420 fides

108 1448 247 1488 vestra,
275 1442 363 1493 quia
390 1438 515 1478 adhuc
542 1441 580 1477 in
607 1438 759 1478 delictis
784 1439 923 1478 vestris
949 1440 1055 1486 estis,
1082 1446 1122 1478 et
1142 1440 1205 1490 qui
1226 1440 1265 1477 in
1286 1438 1442 1477 Christo

107 1498 363 1544 dormierunt,
398 1498 611 1549 perierunt.
628 1497 665 1544 3)
727 1496 804 1535 Per
828 1497 926 1535 haec
954 1497 1013 1535 cui
1042 1510 1112 1535 nos
1137 1497 1195 1535 rei
1222 1495 1442 1535 credendae

107 1555 259 1596 videtur
283 1557 512 1594 exstruere?
547 1553 858 1602 Resurrectioni,
891 1555 1028 1606 inquis,
1061 1561 1311 1601 mortuorum,
1344 1567 1443 1606 quae

104 1613 340 1666 negabatur3
393 1619 500 1651 certe
543 1625 612 1651 suo
657 1612 834 1663 exemplo
879 1610 1095 1649 dominicae
1144 1612 1443 1650 resurrectionis

108 1671 242 1711 volens
274 1683 359 1708 eam
392 1668 516 1707 credi.
593 1668 730 1715 Certe,
771 1669 910 1719 inquis.
986 1667 1211 1720 Exemplum
1242 1681 1360 1720 porro
1394 1681 1445 1706 ex

107 1727 334 1766 diversitate
360 1739 408 1763 an
435 1737 484 1763 ex
507 1725 702 1776 parilitate
729 1725 996 1775 componitur?
1034 1722 1191 1776 Utique,
1223 1726 1361 1776 inquis,
1394 1737 1445 1763 ex

108 1784 322 1837 parilitate·
383 1781 585 1829 Quomodo
617 1787 745 1819 autem
772 1780 945 1819 Christus
976 1782 1215 1820 resurrexit?
1245 1782 1283 1819 in
1310 1794 1442 1837 carne,

109 1855 158 1880 nn
183 1841 287 1879 non?
317 1839 399 1877 sine
426 1837 562 1885 dubio,
595 1838 628 1875 si
656 1844 864 1885 mortuum,
899 1838 931 1876 si
957 1839 1145 1890 sepultum
1171 1837 1280 1877 audis
1305 1851 1444 1878 secun-

111 1897 198 1937 dum
224 1898 454 1949 scripturas,
488 1909 564 1933 non
596 1895 691 1933 alias
724 1908 834 1947 quam
866 1895 904 1933 in
938 1908 1076 1944 carne3
1115 1909 1237 1947 aeque
1275 1896 1445 1935 resusci-

110 1962 229 1995 tatum
266 1956 305 1994 in
343 1966 460 2006 carne
500 1951 696 1991 concedis.
769 1952 895 2004 Ipsum
933 1954 1051 2001 enim,
1091 1952 1192 2005 quod
1230 1952 1375 1992 cecidit
1404 1955 1444 1992 in

109 2020 248 2058 morte,
276 2009 377 2064 quod
402 2011 523 2049 iacuit
547 2011 586 2048 in
611 2010 819 2062 sepultura,
847 2010 921 2049 hoc
947 2017 988 2049 et
1011 2011 1238 2058 resurrexit,
1264 2025 1340 2050 non
1366 2018 1444 2050 tam

111 2069 286 2110 Christus
312 2070 350 2107 in
377 2080 507 2119 carne,
535 2080 646 2119 quam
672 2080 764 2106 caro
790 2068 830 2106 in
856 2067 1026 2107 Christo.
1097 2068 1219 2120 Igitur
1243 2070 1276 2107 si
1300 2068 1349 2108 ad
1376 2081 1444 2108 ex-

111 2127 276 2179 emplum
309 2125 451 2164 Christi
483 2137 746 2175 resurgemus,
784 2125 848 2177 qui
884 2127 1098 2165 resurrexit
1127 2127 1166 2164 in
1199 2139 1334 2173 carne,
1368 2127 1442 2164 iam

113 2197 189 2223 non
220 2182 270 2222 ad
300 2183 514 2234 exemplum
548 2182 690 2221 Christi
722 2195 985 2234 resurgemus,
1023 2185 1055 2222 si
1088 2197 1164 2222 non
1195 2185 1233 2222 in
1260 2196 1376 2222 carne
1404 2189 1445 2221 et

114 2242 185 2295 ipsi
217 2252 480 2291 resurgemus,
514 2240 601 2292 quia
632 2252 702 2292 per
732 2239 942 2288 hominem,
974 2242 1115 2293 inquit,
1148 2254 1271 2287 mors,
1303 2247 1343 2278 et
1373 2252 1443 2292 per

113 2299 306 2339 hominem
322 2298 625 2345 resurrecti0,4)
654 2304 694 2335 ut
707 2304 909 2349 separaret
922 2298 1073 2350 quidem
1087 2304 1281 2344 auctores,
1308 2297 1443 2335 mortis

114 2355 251 2403 Adam,
280 2354 472 2394 Christum
497 2355 810 2402 resurrectionis,
837 2355 1009 2395 eiusdem
1035 2362 1160 2394 autem
1189 2355 1443 2394 constitueret

209 2492 248 2536 1)
275 2494 385 2524 1Cor.
412 2494 467 2532 15,
496 2494 548 2524 50.
652 2493 687 2532 2)
715 2492 790 2525 Gel.
822 2494 856 2523 et
888 2493 938 2523 ed.
970 2493 1073 2524 Fran.
1106 2495 1276 2531 nostra,
1309 2502 1442 2524 vacua

116 2541 181 2571 est
205 2540 314 2571 fide·
343 2542 496 2571 vestra.
593 2535 630 2581 3)
658 2540 770 2569 1Cor.
800 2540 853 2579 15,
881 2540 1037 2569 12—18.
1133 2539 1169 2579 4)
1192 2540 1366 2583 1Cor.15,
1389 2541 1441 2571 21.
