1604 2800
151 212 217 249 24
516 208 586 238 DE
623 206 825 238 CARNE
862 207 1118 239 CHRISTI.

153 319 230 344 non
257 300 466 342 seeundum
493 312 647 338 carnem
676 297 930 346 coelestes.¹)
994 297 1035 337 Si
1062 312 1157 350 ergo
1185 299 1247 351 qui
1275 299 1366 338 liunt
1392 311 1483 338 eoe-

153 365 290 408 lestes,
318 359 439 412 qualis
465 364 524 396 est
550 357 741 402 Christus,
768 363 960 395 terrenam
989 358 1117 395 earnis
1143 357 1392 396 substantiam
1417 370 1486 408 ge-

154 426 275 466 stant,
312 418 402 456 hinc
442 427 591 468 quoque
624 413 894 462 confirmatur,
934 415 1055 466 ipsum
1088 415 1203 454 etiam
1231 414 1423 453 Christum
1449 415 1487 452 in

156 490 273 516 carue
312 484 467 514 terrena
504 473 620 510 fuisse
661 471 889 519 coelestem,
928 474 1028 511 sicut
1058 480 1162 520 sunt,
1202 473 1265 525 qui
1297 473 1334 512 ei
1371 470 1483 511 adae·

157 541 332 587 quantur.

273 594 312 633 9.
362 586 653 628 Praetendimus
678 586 823 635 adbuc,
850 589 956 636 nihil,
985 587 1086 641 quod
1113 601 1162 627 ex
1186 588 1264 627 alio
1290 593 1492 640 acceptum

156 652 224 696 sit,
262 655 303 686 ut
329 646 432 686 aliud
458 648 526 693 sit,
565 658 676 697 quam
702 644 760 691 id,
800 645 848 686 de
875 661 949 700 quo
976 649 1027 686 sit
1050 653 1272 699 acceptum,
1310 647 1364 684 ita
1389 643 1492 683 aliud

158 720 263 753 esse,
301 713 343 743 ut
373 718 449 743 non
475 709 681 754 suggerat,
701 704 740 751 2)
767 704 868 744 unde
894 707 945 744 sit
969 711 1184 757 acce-ptum.
1247 703 1378 742 Omnis
1414 714 1493 740 ma-

158 765 260 803 teria
285 763 366 800 sine
393 761 614 800 testimonio
643 761 803 810 originis
829 776 920 802 suae
947 777 1022 801 non
1056 769 1134 809 est,
1173 762 1246 801 etsi
1278 760 1496 800 demutetur

159 823 198 859 in
225 833 361 858 novam
387 818 682 870 proprietatem.
745 816 870 869 Ipsum
898 827 1005 859 certe
1034 833 1174 871 corpus
1200 819 1275 858 hoc
1309 824 1494 864 nostrum,

162 876 262 930 quod
289 875 336 914 de
363 876 452 913 limo
480 874 675 925 figulatum
702 880 779 921 est,
819 878 934 916 etiarn
961 876 1008 915 ad
1035 877 1183 915 fabulas
1209 877 1404 914 nationum
1429 886 1496 913 ve-

161 937 255 974 ritas
304 933 532 978 transmisit,
581 931 778 983 utriusque
823 935 1010 986 originem
1055 934 1236 973 elementi
1276 932 1496 978 confitetur,

164 1004 281 1032 carne
309 998 465 1037 terram,
493 989 680 1040 sanguine
706 1002 861 1041 aquam3
889 1005 973 1030 nam
1001 992 1095 1030 lieet
1119 992 1194 1030 alia
1219 992 1268 1029 sit
1293 989 1496 1042 speciesss)

165 1050 376 1102 qualitatis,
415 1048 490 1086 hoc
523 1053 599 1093 est,
639 1046 740 1098 quod
772 1062 822 1088 ex
852 1050 928 1088 alio
955 1048 1057 1088 aliud
1087 1049 1138 1087 lit.
1201 1048 1383 1086 Ceterum
1409 1045 1500 1100 quid

165 1115 224 1147 est
249 1106 424 1157 sanguis,
464 1117 575 1156 quam
601 1104 742 1145 rubens
768 1107 929 1146 humor?
966 1106 1053 1159 quid
1095 1119 1206 1151 caro,
1245 1118 1356 1158 quam
1392 1111 1500 1143 terra

166 1176 355 1203 conversa
392 1164 431 1201 in
468 1162 609 1212 figuras
647 1167 760 1204 suas?
821 1164 1035 1204 Considera
1072 1164 1242 1215 singulas
1280 1162 1499 1215 qualitates,

167 1221 358 1260 musculos
385 1227 424 1258 ut
449 1219 596 1271 glebas,
624 1233 712 1261 ossa
738 1230 779 1261 ut
803 1236 909 1270 saxa,
937 1223 1050 1261 etiam
1079 1222 1222 1261 circum
1244 1220 1406 1273 papillas
1421 1218 1502 1259 cal-

168 1280 275 1318 culos
313 1276 513 1330 quosdam·
599 1276 744 1329 Aspice
783 1294 988 1320 nervorum
1026 1287 1185 1319 tenaces
1224 1290 1422 1318 connexus
1458 1283 1502 1316 ut

170 1335 349 1376 traduces
380 1335 573 1382 radicum,
612 1342 652 1373 et
676 1352 857 1378 venarum
884 1352 1058 1377 ramosos
1085 1337 1279 1376 discursus
1305 1342 1347 1375 nt
1370 1334 1502 1375 amba-

170 1408 239 1446 ges
269 1394 457 1439 rivorum,
497 1399 538 1430 et
569 1392 769 1447 lanugines
795 1404 836 1434 ut
861 1410 1030 1443 muscOS,
1071 1403 1110 1435 et
1136 1408 1283 1434 comam
1311 1401 1351 1433 ut
1376 1393 1504 1446 cespi-

170 1460 266 1498 tem,
305 1457 345 1490 θῖ
374 1451 479 1501 iPSOS
511 1448 762 1491 medullarum
799 1455 838 1491 in
875 1453 1007 1492 abdito
1040 1453 1245 1492 thesauros
1276 1459 1318 1491 ut
1347 1450 1504 1491 metalla

173 1509 313 1549 carnis.
376 1507 482 1546 Haec
516 1507 642 1545 onmia
679 1517 859 1549 terrenae
894 1511 1054 1561 originis
1085 1511 1194 1561 signa
1220 1511 1323 1548 etin
1350 1509 1504 1548 Christo

172 1569 345 1613 fuerunt3
384 1565 482 1604 haec
520 1572 624 1616 sunt,
664 1581 761 1620 quae
798 1569 902 1607 illum
941 1567 1004 1606 dei
1042 1567 1157 1606 filium
1190 1568 1389 1614 celavere,
1428 1579 1504 1604 non

174 1626 270 1664 alias
301 1620 563 1662 tantummodo
597 1627 787 1665 bominem
825 1627 1100 1672 existimatum,
1140 1637 1250 1677 quam
1288 1637 1338 1663 ex
1373 1623 1506 1662 huma-

175 1684 214 1721 ni
232 1684 268 1732 ⁴¹)
295 1681 506 1720 substantia
543 1685 732 1736 corporis.
794 1683 874 1722 Aut
910 1682 1014 1723 edite
1053 1681 1196 1734 aliquid
1233 1682 1272 1720 in
1309 1681 1376 1720 illo
1415 1693 1508 1720 coe-

176 1742 273 1779 leste
307 1738 354 1777 de
382 1737 719 1790 Septentrionibus
752 1748 792 1780 et
820 1741 996 1793 Virgiliis
1027 1748 1067 1780 et
1088 1739 1260 1795 ‘Suculis
1287 1736 1509 1778 emendica-

176 1806 268 1836 tum.
330 1795 429 1835 Nam
455 1808 551 1847 quae
583 1800 905 1847 enumeravimus,
945 1798 1044 1837 adeo
1078 1805 1258 1836 terrenae
1289 1796 1510 1836 testimonia

179 1855 305 1894 caruis
331 1860 435 1900 sunt,
474 1859 514 1891 ut
544 1865 584 1896 et
609 1865 779 1897 nostrae.
841 1856 920 1896 Sed
952 1857 1045 1895 nihil
1077 1868 1233 1902 novum,
1271 1853 1365 1893 nihil
1395 1865 1510 1906 pere-

180 1913 325 1963 grinum
353 1911 615 1963 deprehendo.
677 1916 852 1967 Denique
877 1914 1006 1954 verbis
1032 1911 1292 1952 tantummodo
1318 1918 1360 1951 et
1382 1911 1510 1958 factis,

181 1969 360 2007 doctrina
397 1975 437 2007 et
470 1968 612 2013 virtute
650 1975 733 2013 sola
771 1973 913 2012 Christi
951 1972 1125 2011 homines
1169 1969 1508 2022 obstupescebant.

182 2025 396 2064 Notaretur
427 2026 540 2069 etiam
569 2033 696 2070 carnis
723 2032 761 2070 in
786 2031 852 2070 illo
880 2031 1029 2069 novitas
1054 2028 1240 2068 miraculo
1260 2027 1406 2066 habita.
1432 2023 1512 2064 Sed

185 2084 311 2122 carnis
336 2090 518 2127 terrenae
545 2103 620 2127 non
651 2090 747 2128 mira
779 2087 970 2136 conditio3
1009 2089 1091 2140 ipsa
1122 2092 1208 2125 erat
1238 2097 1335 2137 quae
1379 2090 1513 2123 cetera

185 2142 267 2179 eius
292 2138 464 2178 miranda
495 2147 682 2194 faciebat,
721 2160 805 2186 cum
838 2146 1033 2185 dicerent:
1071 2142 1172 2183 unde
1209 2143 1298 2182 huic
1336 2139 1514 2182 doctrina

186 2206 225 2236 θῑ
250 2199 359 2249 Signa
384 2198 528 2253 ista3⁵)
550 2205 665 2243 etiam
692 2204 984 2257 despicientium
1010 2203 1170 2241 formam
1197 2201 1280 2239 eius
1305 2199 1403 2238 haee
1430 2204 1514 2238 erat

279 2349 316 2387 1)
344 2347 512 2387 Rig.non
539 2346 842 2384 comparentur
867 2343 935 2374 illi
960 2352 1040 2375 sec.
1067 2350 1149 2373 car.
1175 2339 1407 2372 coelestes.
1478 2332 1515 2374 2)

188 2396 239 2425 Ita
263 2394 359 2433 Rig.;
396 2392 504 2424 Rhen.
530 2391 580 2422 ed.
605 2393 629 2421 1.
651 2392 713 2422 ita
738 2390 778 2420 in
804 2392 938 2421 totum
964 2388 1081 2420 aliud
1107 2388 1187 2427 est,
1213 2385 1284 2416 cui
1308 2392 1390 2415 non
1415 2389 1517 2436 nug·-

189 2443 309 2479 gerat
334 2442 400 2470 etc.
495 2436 533 2480 3)
560 2437 616 2470 Sic
642 2447 660 2468 e
684 2445 746 2467 ms.
772 2436 823 2466 ed.
848 2436 941 2475 Rig.;
979 2434 1086 2466 Rhen.
1113 2434 1164 2464 ed.
1187 2434 1212 2464 Ι.
1233 2432 1269 2462 et
1291 2429 1365 2461 cod.
1383 2428 1518 2459 Unum:

193 2488 416 2524 utrumque
451 2483 637 2524 originis
674 2483 930 2513 elementum
965 2481 1093 2521 confi,
1130 2486 1259 2510 carne
1288 2477 1517 2516 terrenam,

193 2532 399 2572 sanguine
424 2539 636 2570 equanam
663 2526 762 2571 (cod.
791 2528 921 2559 Ursini:
947 2525 1195 2565 aquenum):
1219 2522 1325 2553 licet
1349 2519 1437 2551 alin
1462 2519 1518 2550 sit

193 2578 330 2608 facies
356 2580 423 2609 etc.
516 2574 553 2615 4)
580 2575 653 2615 Rig.
672 2584 690 2605 e
710 2584 772 2605 ms.
796 2583 914 2613 quam
940 2574 1159 2604 extantem
1184 2569 1364 2600 humana
1388 2567 1518 2598 subst-

196 2631 305 2662 corp.
403 2623 439 2662 5)
466 2622 587 2653 Matth.
603 2622 655 2661 13,
670 2622 724 2652 54.
