1566 2808
145 205 252 242 13ss
317 230 328 235 „
398 206 915 238 fanin-MARCIONEM
951 205 1125 236 LIBER
1166 204 1222 235 lv.

148 301 271 338 lumen
299 308 338 338 et
363 312 471 350 spem*
493 306 532 337 et
557 300 884 350 exspectationem
906 299 1098 336 nationum
1119 296 1338 349 praedicari
1353 295 1462 335 Chri-

148 365 255 394 stum.
318 355 462 408 Atquin
487 356 664 408 probavit
689 357 816 408 potius
841 356 1023 401 Iudaeos,
1059 355 1245 402 dicendo,
1273 353 1461 402 medicum

148 415 250 452 sanis
283 428 359 452 non
392 427 476 452 esse
508 415 790 460 necessarium,
829 413 901 452 sed
934 414 1032 452 male
1063 413 1358 466 habentibusj).
1408 410 1461 449 *Si

148 473 245 509 enim
278 472 376 510 male
408 472 582 509 valentes
612 472 733 509 voluit
758 472 920 522 intelligi
953 471 1130 509 ethnicos
1162 478 1201 509 et
1223 470 1461 522 publicanos,

148 542 241 581 quos
261 529 469 580 allegebat,
498 542 611 567 sanos
639 528 802 567 Iudaeos
823 529 1086 575 confirmabat,
1115 529 1248 580 quibus
1274 524 1463 566 medicum

147 588 405 625 necessarium
427 586 618 637 negabat.
681 585 763 624 Hoc
797 587 828 624 si
860 587 912 624 ita
944 592 1019 632 est,
1053 587 1149 624 male
1183 582 1384 624 descendit
1405 583 1462 637 'ad

147 645 272 695 legem
300 643 581 691 destruendam,
611 645 716 695 quasi
742 643 790 682 ad
815 644 950 682 malam
976 643 1232 682 valetudinem
1247 642 1463 682 remedian-

147 701 251 748 dam,
285 702 323 739 in
356 715 429 753 qua
461 703 523 753 qui
549 702 736 753 agebant,
777 701 875 739 bene
902 701 1099 747 valebant,
1123 701 1266 753 ‚quibus
1292 699 1463 739 medicus

147 755 388 797 necessarius
420 772 494 796 non
528 766 626 800 crat.
689 759 807 806 Quale
840 766 899 797 est
929 766 1074 805 autem,
1107 766 1147 796 ut
1178 757 1462 803 similitudinem

146 815 285 854 medici
316 817 580 867 proposuerit,
614 829 685 854 nec
718 817 958 867 impleverit?
999 816 1097 855 Nam
1124 817 1224 853 sicut
1249 816 1350 858 sanis
1383 827 1463 853 me-

146 873 269 912 dicum
298 886 408 911 nemo
434 873 604 919 adhibet,
632 874 684 910 ita
711 886 782 910 nee
809 874 845 909 in
874 880 1015 910 tantum
1043 873 1253 918 extraneis,
1279 873 1318 909 in
1345 885 1462 923 quan-

145 938 222 969 tum
256 937 315 969 est
339 931 452 968 homo
479 944 501 968 a
527 929 600 968 deo
626 930 855 975 Marcionis,
890 942 994 966 suum
1028 929 1171 967 habens
1198 936 1238 966 et
1262 936 1460 968 auctorem

146 995 186 1026 et
217 995 480 1040 protectorem
514 994 555 1025 et
578 987 625 1025 ab
657 988 724 1025 illo
750 987 878 1038 potius
904 985 1098 1035 medicum
1121 986 1325 1024 Christum.
1377 985 1460 1025 Hoc

144 1044 351 1083 similitudo
378 1043 637 1101 praeiudicat,
666 1044 712 1082 ab
741 1057 787 1082 eo
815 1044 935 1094 magis
960 1045 1149 1095 praestari
1176 1043 1391 1091 medicum,
1412 1043 1460 1083 ad

145 1115 254 1154 quein
291 1104 504 1154 pertinent,
551 1103 613 1153 qui
651 1101 846 1152 languent.
876 1106 877 1109 ’
909 1100 1018 1140 Unde
1057 1109 1182 1140 autem
1221 1109 1260 1140 et
1297 1100 1461 1141 Ioannes

141 1161 248 1197 venit
279 1161 317 1197 in
348 1158 590 1208 medium2)?
644 1158 779 1203 Subito
813 1158 1004 1206 Christus,
1045 1160 1172 1198 subito
1209 1166 1250 1198 et
1280 1159 1458 1199 Ioannes.

144 1215 210 1254 Sic
249 1223 335 1255 sunt
371 1218 497 1255 omnia
535 1215 645 1268 apud
670 1217 930 1263 Marcionem,
970 1227 1210 1268 quae—suum
1243 1217 1478 1270 et‘plenum:

142 1274 286 1312 babent
324 1274 510 1313 ordinem-
531 1274 630 1326 apud
664 1282 894 1314 creatorem.
944 1273 1033 1313 ‘Sed
1054 1274 1125 1323 ‘de‘
1150 1274 1293 1313 Ioanne
1327 1281 1458 1313 cetera

142 1332 252 1380 alibi3
286 1331 333 1370 ad
360 1339 586 1384 praesentes
612 1334 711 1371 enim
739 1345 908 1384 quosque
941 1333 1124 1375 articulos
1149 1331 1458 1384 respondendum

142 1396 212 1426 cst.
263 1389 376 1428 Nunc
402 1389 494 1428 illud
509 1389 658 1437 tuebor,
686 1398 727 1428 ut
752 1390 1010 1430 demonstrem
1037 1397 1077 1428 et
1102 1390 1282 1442 loannem
1304 1376 1457 1429 Christo*

142 1453 182 1484 et
208 1445 397 1484 Christum
426 1446 558 1484 loanni
586 1449 815 1493 convenire,
849 1448 979 1498 utique
1002 1447 1220 1499 ⁴prophetae
1253 1448 1456 1504 crea-tori&
1475 1464 1481 1470 ··

142 1517 214 1555 qua
253 1502 443 1541 Ch'ristum
490 1505 696 1551 creatoris,-
737 1512 863 1556 atque¹
890 1506 944 1542 ita
981 1504 1187 1547 erubescat
1223 1504 1456 1550 haereticus,

141 1561 294 1599 Ioannis
328 1560 500 1598 ordinem
532 1561 674 1599 frustra
705 1562 921 1599 frustratus.
985 1560 1026 1599 Si
1059 1574 1156 1600 emm
1184 1561 1277 1605 nihil
1303 1562 1456 1599 omnino

140 1618 445 1657 administrasset
472 1618 652 1665 loannes,
692 1618 900 1658 secundum
925 1617 1078 1656 Esaiam
1092 1620 1130 1667 ³)
1155 1619 1395 1670 vociferator
1412 1620 1456 1657 ¹in

139 1675 384 1714 solitudinem
423 1683 462 1714 et
499 1684 754 1727 praeparator
788 1677 934 1714 viarum
973 1675 1247 1719 dominicarum
1280 1689 1352 1728 per
1389 1675 1457 1714 de-

138 1734 415 1771 nuntiationem
459 1741 499 1771 et
537 1732 794 1773 laudationem
833 1734 1113 1784 poenitentiae,
1148 1734 1190 1771 'si
1227 1746 1303 1771 non
1341 1734 1455 1772 etiam

137 1792 258 1842 ipsum
283 1792 386 1829 inter
411 1797 565 1829 ceteros
592 1791 787 1838 tinxissetg
815 1803 925 1828 nemo
954 1790 1162 1842 discipulos
1184 1790 1327 1829 Christi
1352 1786 1458 1829 man·-

138 1847 323 1887 dncantes
349 1855 388 1887 et
401 1848 576 1886 bibentes
600 1847 650 1886 ad
664 1850 822 1886 formam
840 1847 1109 1899 discipulorum
1126 1848 1279 1886 Ioannis
1304 1847 1455 1887 assidue

137 1906 384 1957 ieiunantium
411 1913 451 1944 et
476 1907 663 1944 orantium
690 1913 942 1958 provocasset
954 1907 1017 1961 4),
1040 1907 1145 1958 quia,
1173 1906 1303 1960 si‘qua
1329 1905 1456 1952 diver·-

136 1963 228 2001 sitas
254 1970 376 2001 staret
401 1964 502 2000 inter
516 1963 706 2001 Christum
733 1964 969 2002 etloannem
996 1971 1036 2002 et
1060 1976 1219 2014 gregem
1242 1963 1453 2016 utriusque,

135 2020 239 2057 nulla
282 2027 386 2058 esset
423 2022 723 2071 comparationis
761 2022 934 2067 exactio,
972 2029 1131 2060 vacaret
1166 2021 1455 2072 provocationis

134 2077 310 2115 intentio.
377 2076 502 2114 Nemo
535 2079 633 2115 enim
667 2079 871 2116 miraretur
903 2085 943 2116 et
974 2069 1381 2128 nemo-torqueretur,
1421 2079 1453 2116 si

137 2133 313 2173 diversae
352 2133 561 2173 divinitatis
593 2136 766 2173 aemulae
804 2132 1116 2187 praedicationes
1143 2133 1203 2172 “de
1242 2132 1453 2187 disciplinis

134 2192 417 2245 quoquevinter
447 2205 488 2229 se
521 2206 596 2230 non
630 2194 900 2239 convenirent,
933 2206 1010 2231 non
1042 2192 1318 2231 convenientes
1348 2193 1454 2244 prius
1499 2222 1503 2224 >

134 2249 181 2287 de
207 2248 501 2301 auctoritatibus
533 2249 831 2302 disciplinarum.
891 2248 1006 2289 Adeo
1038 2250 1308 2299 loannis-erat
1340 2249 1452 2288 Chri-

133 2314 212 2345 stus
244 2313 284 2345 et
313 2306 478 2346 Ioannes
506 2303 667 2354 carisii,
701 2307 813 2346 ambo
847 2309 1035 2352 creatoris
1068 2315 1107 2347 ct
1138 2307 1249 2346 ambo
1275 2306 1330 2346 vde
1363 2307 1449 2358 lege

132 2371 171 2402 et
203 2364 421 2416 prophetis,
455 2364 749 2416 praedicatores
781 2373 820 2404 et
850 2366 1034 2416 magistri.
1097 2364 1176 2404 Sed
1207 2372 1247 2403 et
1274 2364 1449 2403 Christus

131 2422 334 2460 reiecisset
359 2422 513 2460 loannis
540 2417 792 2474 disciplinam,
819 2430 861 2460 ut
886 2422 948 2461 dei
974 2424 1146 2470 alterius,
1162 2424 1214 2460 ‘et
1239 2421 1447 2473 discipulos

131 2603 148 2633 5
190 2559 258 2634 331)
285 2561 366 2591 Luc-
382 2563 412 2601 5,
428 2561 481 2594 31.
587 2560 626 2605 9.)
653 2562 736 2593 Luc.
755 2564 783 2603 5,
799 2563 852 2594 33.
959 2562 996 2601 3)
1021 2559 1086 2592 les.
1101 2561 1156 2597 4⁰,
1172 2560 1202 2590 3.
1299 2557 1338 2600 4)
1363 2560 1446 2591 Luc.

153 2624 161 2642 3
236 2625 243 2633 ’
928 2626 931 2628 .
