1604 2800
205 195 314 233 290
653 193 778 226 ADv.
809 192 1103 226 PRAXEAN.

201 287 288 341 quid
302 288 380 340 pati
396 292 527 339 posset
545 287 582 325 in
604 285 697 334 filio,
724 287 811 338 quia
831 292 956 326 tamen
972 288 1007 336 ¹)
1035 299 1111 325 non
1131 287 1170 325 in
1190 293 1299 339 patre
1319 294 1530 340 pateretur,

198 345 267 385 sed
294 347 332 384 in
357 344 456 392 filio,
490 351 602 398 pater
625 357 759 397 passus
785 357 860 382 non
884 343 1095 384 videretur.
1159 342 1237 384 Sed
1263 345 1412 394 suffieit,
1435 347 1532 392 nihil

197 404 371 456 spiritum
398 402 460 442 dei
486 416 637 455 passum
663 415 732 441 suo
759 403 930 449 nomine,
972 403 1078 455 quia,
1117 403 1148 441 si
1180 401 1268 455 quid
1299 416 1433 456 passus
1459 411 1530 452 est,

196 463 235 499 iu
263 461 340 499 filio
368 460 520 513 quidem
546 474 679 513 passus
706 467 782 507 est,
816 461 853 498 in
887 473 960 512 quo
987 467 1073 499 erat
1097 467 1137 499 et
1160 468 1289 513 pater,
1322 474 1406 500 cum
1433 461 1532 501 filius

193 526 396 572 pateretur
415 520 453 557 in
475 531 611 566 carne,
629 520 666 566 2)
695 519 782 570 quia
807 517 882 556 hoc
908 525 1157 557 retractatum
1172 519 1210 568 ³)
1236 531 1310 558 nec
1336 519 1532 572 quisquam

194 577 366 628 negabit,
395 576 546 629 quando
573 583 612 615 et
628 589 707 617 nos
732 576 810 628 pati
836 588 907 627 pro
934 575 1007 614 deo
1028 589 1240 628 possumus,
1266 577 1297 615 si
1310 577 1349 626 ⁴)
1377 578 1532 630 spiritus

195 633 259 673 dei
285 635 334 673 sit
358 635 396 672 in
423 634 551 681 nobis,
591 634 654 686 qui
680 640 720 672 et
745 634 913 685 loquitur
937 632 985 672 de
1012 634 1140 681 nobis,
1180 646 1277 686 quae
1315 640 1402 672 sunt
1438 647 1532 673 con-

192 692 387 738 fessionis,
414 705 490 730 nou
517 692 598 743 ipse
625 698 749 730 tamen
777 692 944 743 patiens,
978 690 1045 730 sed
1070 692 1151 743 pati
1177 704 1290 744 posse
1316 698 1529 744 praestans.

310 752 377 790 30.
438 748 622 801 Alioquin
653 750 686 787 si
716 749 816 787 ultra
847 761 1006 801 pergas,
1045 756 1184 800 potero
1217 749 1286 787 tibi
1313 748 1443 788 durius
1468 760 1532 788 re-

193 805 407 857 spondere,
441 813 481 844 et
512 813 551 844 te
584 819 668 843 cum
700 806 818 856 ipsius
850 805 992 844 domini
1019 807 1330 857 pronuntiatione
1357 807 1532 845 commit-

191 870 292 909 tere,
325 862 379 900 uti
406 860 549 900 dicam:
589 860 678 913 quid
704 861 752 899 de
779 863 852 900 isto
880 864 1057 913 quaeris?
1099 863 1228 902 Habes
1253 865 1373 916 ipsum
1400 863 1531 902 excla-

192 926 358 957 mantem
386 919 424 956 in
451 920 649 971 passione:
688 917 783 957 deus
820 931 944 966 meuS,
984 918 1078 957 deus
1110 932 1235 967 meus,
1274 926 1316 958 ut
1348 919 1437 972 quid
1469 933 1530 960 me

193 975 511 1028 dereliquisti25)
577 975 684 1026 Ergo
717 982 782 1013 aut
814 975 912 1013 filius
943 975 1180 1027 patiebatur,
1213 989 1235 1014 a
1266 983 1378 1028 patre
1415 976 1531 1017 der‘e-

190 1033 324 1080 lictus,
358 1040 397 1072 et
427 1039 540 1085 pater
568 1045 703 1084 passus
734 1045 810 1070 non
843 1038 920 1079 est,
958 1033 1021 1084 qui
1053 1031 1428 1086 filium'dereliquit3
1465 1041 1531 1073 aut

190 1091 224 1129 si
248 1097 361 1142 pater
385 1097 489 1137 erat,
529 1091 592 1142 qui
617 1089 855 1142 patiebatur,
893 1087 943 1128 ad
976 1102 1086 1142 quem
1118 1088 1229 1129 deum
1262 1091 1531 1131 exclamabat?

191 1146 272 1186 Sed
303 1148 400 1187 haec
431 1161 508 1187 vox
533 1149 661 1187 carnis
687 1154 727 1186 et
751 1148 918 1194 animae,
957 1146 996 1186 id
1028 1154 1087 1186 est
1117 1147 1300 1196 hominis,
1338 1161 1421 1191 non,
1445 1161 1529 1188 ser-

188 1207 333 1252 monis,
366 1218 438 1244 nec
465 1206 639 1258 spiritus,
671 1203 710 1244 id
743 1211 802 1244 est
833 1218 909 1243 non
935 1203 1018 1252 dei,
1050 1212 1260 1258 propterea
1291 1206 1430 1245 emissa
1455 1213 1526 1254 est,

189 1270 232 1301 ut
256 1263 529 1315 impassibilem
563 1262 674 1302 deum
707 1261 951 1310 ostenderet,
986 1263 1050 1315 qui
1082 1263 1137 1302 sic
1164 1263 1280 1302 filium
1306 1262 1527 1317 dereliquit,

190 1319 277 1359 dum
310 1320 502 1359 hominem
534 1321 617 1360 eius
648 1319 809 1359 tradidit
833 1321 871 1359 in
897 1327 1072 1359 mortem.
1142 1320 1226 1359 Hoc
1258 1328 1299 1360 et
1328 1321 1527 1374 apostolus

190 1377 330 1424 sensit,
369 1378 563 1418 scribens:
601 1379 633 1416 si
670 1385 783 1430 pater
819 1378 898 1417 filio
937 1392 1013 1417 nou
1050 1377 1293 1431 pepercitst)
1366 1378 1451 1419 Hoc
1487 1385 1528 1418 et

189 1433 327 1472 Esaias
369 1436 477 1485 prior
518 1436 801 1487 pronuntiavit:
848 1443 888 1474 et
924 1435 1099 1474 dominus
1135 1449 1221 1475 eum
1259 1435 1421 1475 tradidit
1453 1449 1526 1489 pro

191 1489 345 1528 delictis
365 1491 518 1529 nostris.
533 1489 573 1542 ⁷)
613 1489 678 1530 Sic
699 1492 866 1543 reliquit,
894 1491 981 1530 dum
1001 1507 1077 1531 non
1097 1500 1246 1545 parcet,
1273 1494 1330 1533 sic
1355 1493 1525 1546 reliquit,

192 1546 279 1585 dum
316 1546 447 1585 tradit.
522 1547 702 1586 Ceterum
734 1561 810 1585 non
842 1549 1000 1600 reliquit
1030 1556 1143 1600 pater
1173 1550 1309 1598 filium,
1347 1552 1386 1589 in
1419 1552 1526 1590 cuius

189 1604 362 1642 manibus
388 1604 487 1642 filius
512 1605 683 1656 spiritum
716 1618 821 1643 suum
853 1606 993 1656 posuit.
1008 1606 1047 1655 ⁸)
1108 1605 1283 1658 Denique
1307 1608 1453 1658 posuit,
1487 1613 1527 1646 et

188 1661 316 1699 statim
343 1660 458 1709 obiit;
496 1661 631 1712 spiritu
669 1662 767 1700 enim
796 1669 973 1700 manente
999 1662 1037 1699 in
1065 1675 1200 1709 carne,
1239 1675 1332 1702 caro
1371 1664 1523 1702 omuino

187 1719 288 1756 mori
314 1731 390 1756 non
414 1724 558 1770 potest.
596 1717 655 1757 Ita
680 1719 845 1770 relinqui
871 1732 892 1756 a
917 1725 1028 1770 patre
1054 1720 1153 1758 mori
1178 1719 1251 1758 suit
1275 1719 1368 1759 filio.
1407 1720 1524 1759 Filius

186 1776 308 1826 igitur
333 1782 373 1814 et
397 1777 559 1814 moritur
584 1782 625 1814 et
649 1776 906 1814 resuscitatur
927 1789 950 1814 a
974 1782 1084 1828 patre
1116 1775 1326 1817 secundum
1357 1778 1524 1831 scriptu-

186 1830 319 1885 ras.⁹)
378 1832 495 1871 Filius
533 1831 709 1872 ascendit
740 1834 779 1871 in
810 1834 1012 1885 superiora
1050 1833 1346 1887 coelorum,¹⁰)
1383 1836 1447 1887 qni
1484 1842 1524 1874 et

188 1889 391 1929 descendit
421 1891 460 1929 in
491 1891 679 1929 interiora
714 1891 941 1942 terrae.¹¹)
1009 1890 1081 1930 Hic
1112 1890 1224 1931 sedet
1248 1890 1297 1931 ad
1323 1890 1523 1932 dexteram

185 1946 410 2000 patris312)
477 1961 554 1986 non
591 1955 703 2000 pater
733 1946 782 1987 ad
812 1961 931 1987 suam.
1006 1947 1115 1987 Hunc
1151 1947 1259 1988 videt
1290 1947 1520 2002 Stephanus,

188 2018 273 2043 cum
299 2004 502 2057 lapidatur,
528 2004 653 2045 adhuc
674 2012 838 2045 stantem
853 2005 900 2044 ad
917 2004 1115 2045 dexteram
1134 2004 1212 2054 dei,
1227 2007 1242 2033 ¹
1256 2003 1296 2059 ³)
1322 2014 1363 2045 ut
1378 2005 1518 2046 exinde

281 2130 318 2175 1)
334 2132 391 2164 Sic
406 2133 480 2165 cod.
495 2133 633 2165 VVouw.
648 2133 682 2164 et
695 2132 907 2174 Rig.;Rhen.
922 2133 954 2164 in
970 2133 1022 2166 ed.
1035 2134 1061 2165 1.
1096 2134 1160 2165 Ita
1179 2134 1221 2165 et
1243 2132 1427 2174 spiritu·
1452 2132 1520 2165 det

183 2178 278 2217 pati
304 2179 443 2218 possit
469 2179 509 2210 in
535 2179 654 2220 filio,
680 2179 778 2218 quia
803 2179 952 2210 nonin
978 2180 1100 2219 patre
1124 2181 1367 2219 petel-etun
1394 2179 1517 2211 deiude

185 2232 205 2253 e
233 2224 306 2255 eod.
332 2228 450 2257 Gorz.:
480 2226 544 2255 lta
575 2227 616 2256 et
647 2225 717 2264 qui
747 2225 888 2265 pos-it
917 2225 958 2256 in
983 2225 1105 2264 filio,
1134 2225 1232 2264 quia
1255 2235 1339 2258 non
1363 2227 1430 2257 ete.
1452 2225 1518 2256 Ed.

183 2268 288 2300 Fran.
324 2272 388 2301 lta
418 2273 459 2302 et
484 2270 670 2310 spiritus
701 2271 770 2301 dei
801 2271 872 2309 qui
903 2271 992 2310 pati
1023 2271 1180 2311 ponit,
1207 2272 1313 2310 -quin
1341 2281 1425 2303 non
1449 2273 1516 2305 etc.

185 2312 225 2356 2)
245 2316 296 2347 lta
317 2317 391 2347 cod.
412 2318 550 2349 VVouw.
569 2319 603 2348 et
621 2317 696 2357 Rig.
717 2316 847 2348 Ceteri:
881 2317 979 2355 quia
1005 2317 1040 2348 si
1065 2317 1164 2356 quid
1188 2326 1341 2357 panus
1367 2318 1448 2359 ent,
1473 2317 1515 2348 in

184 2360 283 2390 filio
305 2362 468 2398 quidem
490 2365 598 2403 erat,
623 2365 668 2394 ut
693 2365 816 2402 pater
841 2372 930 2393 cum
950 2363 1048 2394 filio
1069 2365 1296 2403 pateretur
1314 2363 1356 2393 in
1375 2371 1513 2394 earne.

186 2402 222 2443 3)
246 2405 352 2437 Rhen.
378 2407 426 2437 sic
451 2417 469 2438 e
494 2408 567 2439 cod.
593 2409 711 2447 Gorz.;
739 2409 789 2439 ed.
813 2412 838 2440 1.
865 2408 963 2447 quia.
992 2408 1070 2440 hoc
1101 2410 1380 2441 retractatum
1427 2408 1512 2439 Nec

185 2451 405 2489 quisquam
430 2454 605 2493 negavit
630 2456 697 2486 etc.
770 2455 806 2491 4)
830 2453 936 2486 Rhen.
963 2464 1041 2486 cum
1068 2456 1193 2487 ceteri·
1220 2455 1294 2487 edd.
1315 2462 1403 2486 corr.
1429 2462 1512 2484 non

183 2505 426 2538 possumus,
451 2500 538 2530 nisi
563 2501 628 2532 ete.
702 2498 735 2539 5)
747 2499 1010 2539 Matth.27‚46.
1077 2501 1113 2541 6)
1127 2501 1224 2533 Rom.
1238 2502 1270 2540 8,
1286 2501 1339 2531 32.
1399 2497 1511 2539 7)1e=.

185 2542 239 2580 53,
255 2544 286 2571 6.
347 2541 384 2585 8)
399 2545 482 2575 Luc.
499 2546 551 2584 23,
567 2547 622 2577 46.
696 2546 970 2586 9)1Cor.15‚3.
1043 2545 1104 2589 10)
1119 2547 1282 2587 10.3‚13.
1348 2542 1510 2587 11)Eph.

183 2588 214 2620 4,
232 2589 260 2616 9.
335 2587 395 2630 12)
410 2591 516 2621 Marc.
532 2593 585 2631 16,
602 2593 654 2623 19.
729 2591 787 2631 13)
803 2591 876 2621 Aet.
889 2592 974 2630 App.
989 2593 1020 2632 7,
1037 2594 1091 2624 55.
