<?xml version="1.0" encoding="UTF-8"?>
<!DOCTYPE html PUBLIC "-//W3C//DTD XHTML 1.0 Transitional//EN"
    "http://www.w3.org/TR/xhtml1/DTD/xhtml1-transitional.dtd">
<html xmlns="http://www.w3.org/1999/xhtml" xml:lang="en" lang="en">
 <head>
  <title>
</title>
<meta http-equiv="Content-Type" content="text/html;charset=utf-8" />
  <meta name='ocr-system' content='tesseract 3.04.00' />
  <meta name='ocr-capabilities' content='ocr_page ocr_carea ocr_par ocr_line ocrx_word'/>
</head>
<body>
  <div class='ocr_page' id='page_1' title='image "./operatert34tertuoft_0591.png"; bbox 0 0 1604 2800; ppageno 0'>
   <div class='ocr_carea' id='block_1_1' title="bbox 533 199 1421 243">
    <p class='ocr_par' dir='ltr' id='par_1_1' title="bbox 533 199 1421 243">
     <span class='ocr_line' id='line_1_1' title="bbox 533 199 1421 243; baseline 0.002 -10"><span class='ocrx_word' id='word_1_1' title='bbox 533 199 660 233; x_wconf 75' lang='lat' dir='ltr'>Anv.</span> <span class='ocrx_word' id='word_1_2' title='bbox 695 201 984 234; x_wconf 76' lang='lat' dir='ltr'>PRAXEAN.</span> <span class='ocrx_word' id='word_1_3' title='bbox 1315 203 1421 243; x_wconf 55' lang='grc' dir='ltr'>πο</span> 
     </span>
    </p>
   </div>
   <div class='ocr_carea' id='block_1_2' title="bbox 61 289 1425 2437">
    <p class='ocr_par' dir='ltr' id='par_1_2' title="bbox 61 289 1425 2437">
     <span class='ocr_line' id='line_1_2' title="bbox 225 289 1421 349; baseline 0.007 -20"><span class='ocrx_word' id='word_1_4' title='bbox 225 295 291 333; x_wconf 80' lang='lat'>11.</span> <span class='ocrx_word' id='word_1_5' title='bbox 349 289 520 330; x_wconf 79' lang='lat' dir='ltr'>Probare</span> <span class='ocrx_word' id='word_1_6' title='bbox 544 299 670 330; x_wconf 83' lang='lat' dir='ltr'>autem</span> <span class='ocrx_word' id='word_1_7' title='bbox 696 299 771 330; x_wconf 77' lang='lat' dir='ltr'>tam</span> <span class='ocrx_word' id='word_1_8' title='bbox 796 300 928 344; x_wconf 83' lang='lat' dir='ltr'>aperte</span> <span class='ocrx_word' id='word_1_9' title='bbox 953 292 1112 333; x_wconf 75' lang='lat' dir='ltr'>debebis</span> <span class='ocrx_word' id='word_1_10' title='bbox 1136 307 1187 333; x_wconf 79' lang='lat' dir='ltr'>ex</span> <span class='ocrx_word' id='word_1_11' title='bbox 1210 298 1421 349; x_wconf 85' lang='lat' dir='ltr'>scripturis,</span> 
     </span>
     <span class='ocr_line' id='line_1_3' title="bbox 109 347 1420 401; baseline 0.005 -14"><span class='ocrx_word' id='word_1_12' title='bbox 109 359 219 401; x_wconf 79' lang='lat' dir='ltr'>quam</span> <span class='ocrx_word' id='word_1_13' title='bbox 238 361 308 388; x_wconf 89' lang='lat' dir='ltr'>nos</span> <span class='ocrx_word' id='word_1_14' title='bbox 325 347 528 400; x_wconf 75' lang='lat' dir='ltr'>probamus</span> <span class='ocrx_word' id='word_1_15' title='bbox 547 349 649 387; x_wconf 90' lang='lat' dir='ltr'>illum</span> <span class='ocrx_word' id='word_1_16' title='bbox 669 349 741 387; x_wconf 88' lang='lat' dir='ltr'>sihi</span> <span class='ocrx_word' id='word_1_17' title='bbox 762 349 875 388; x_wconf 78' lang='lat' dir='ltr'>filium</span> <span class='ocrx_word' id='word_1_18' title='bbox 901 350 1040 390; x_wconf 78' lang='lat' dir='ltr'>fecisse</span> <span class='ocrx_word' id='word_1_19' title='bbox 1063 364 1278 391; x_wconf 87' lang='lat' dir='ltr'>sermonem</span> <span class='ocrx_word' id='word_1_20' title='bbox 1302 367 1420 393; x_wconf 88' lang='lat' dir='ltr'>suum.</span> 
     </span>
     <span class='ocr_line' id='line_1_4' title="bbox 109 404 1422 462; baseline 0.005 -18"><span class='ocrx_word' id='word_1_21' title='bbox 109 404 151 445; x_wconf 84' lang='lat' dir='ltr'>Si</span> <span class='ocrx_word' id='word_1_22' title='bbox 174 407 277 445; x_wconf 84' lang='lat' dir='ltr'>enim</span> <span class='ocrx_word' id='word_1_23' title='bbox 307 405 422 445; x_wconf 84' lang='lat' dir='ltr'>filium</span> <span class='ocrx_word' id='word_1_24' title='bbox 453 406 640 453; x_wconf 84' lang='lat' dir='ltr'>nominat,</span> <span class='ocrx_word' id='word_1_25' title='bbox 677 406 774 444; x_wconf 87' lang='lat' dir='ltr'>filius</span> <span class='ocrx_word' id='word_1_26' title='bbox 805 414 930 446; x_wconf 85' lang='lat' dir='ltr'>autem</span> <span class='ocrx_word' id='word_1_27' title='bbox 961 421 1037 446; x_wconf 93' lang='lat' dir='ltr'>non</span> <span class='ocrx_word' id='word_1_28' title='bbox 1067 409 1163 447; x_wconf 78' lang='lat' dir='ltr'>alius</span> <span class='ocrx_word' id='word_1_29' title='bbox 1188 411 1281 457; x_wconf 88' lang='lat' dir='ltr'>erit,</span> <span class='ocrx_word' id='word_1_30' title='bbox 1312 424 1422 462; x_wconf 86' lang='lat' dir='ltr'>quam</span> 
     </span>
     <span class='ocr_line' id='line_1_5' title="bbox 109 461 1423 517; baseline 0.004 -16"><span class='ocrx_word' id='word_1_31' title='bbox 109 463 172 514; x_wconf 83' lang='lat' dir='ltr'>qui</span> <span class='ocrx_word' id='word_1_32' title='bbox 196 475 247 502; x_wconf 82' lang='lat' dir='ltr'>ex</span> <span class='ocrx_word' id='word_1_33' title='bbox 269 463 353 515; x_wconf 83' lang='lat' dir='ltr'>ipso</span> <span class='ocrx_word' id='word_1_34' title='bbox 383 461 544 514; x_wconf 84' lang='lat' dir='ltr'>prodiit,</span> <span class='ocrx_word' id='word_1_35' title='bbox 575 475 700 501; x_wconf 86' lang='lat' dir='ltr'>sermo</span> <span class='ocrx_word' id='word_1_36' title='bbox 725 470 850 501; x_wconf 86' lang='lat' dir='ltr'>autem</span> <span class='ocrx_word' id='word_1_37' title='bbox 874 463 1017 515; x_wconf 86' lang='lat' dir='ltr'>prodiit</span> <span class='ocrx_word' id='word_1_38' title='bbox 1041 478 1091 503; x_wconf 80' lang='lat' dir='ltr'>ex</span> <span class='ocrx_word' id='word_1_39' title='bbox 1119 467 1224 517; x_wconf 91' lang='lat' dir='ltr'>ipso,</span> <span class='ocrx_word' id='word_1_40' title='bbox 1254 467 1317 505; x_wconf 91' lang='lat' dir='ltr'>hic</span> <span class='ocrx_word' id='word_1_41' title='bbox 1348 469 1423 506; x_wconf 86' lang='lat' dir='ltr'>erit</span> 
     </span>
     <span class='ocr_line' id='line_1_6' title="bbox 109 518 1423 575; baseline 0.004 -17"><span class='ocrx_word' id='word_1_42' title='bbox 109 519 333 566; x_wconf 83' lang='lat' dir='ltr'>lilins,-non</span> <span class='ocrx_word' id='word_1_43' title='bbox 359 519 460 571; x_wconf 87' lang='lat' dir='ltr'>ipse,</span> <span class='ocrx_word' id='word_1_44' title='bbox 493 518 541 558; x_wconf 89' lang='lat' dir='ltr'>de</span> <span class='ocrx_word' id='word_1_45' title='bbox 567 532 640 571; x_wconf 84' lang='lat' dir='ltr'>quo</span> <span class='ocrx_word' id='word_1_46' title='bbox 665 519 827 572; x_wconf 83' lang='lat' dir='ltr'>prodiit3</span> <span class='ocrx_word' id='word_1_47' title='bbox 864 534 939 558; x_wconf 90' lang='lat' dir='ltr'>non</span> <span class='ocrx_word' id='word_1_48' title='bbox 971 523 1070 560; x_wconf 88' lang='lat' dir='ltr'>enim</span> <span class='ocrx_word' id='word_1_49' title='bbox 1101 523 1182 574; x_wconf 86' lang='lat' dir='ltr'>ipse</span> <span class='ocrx_word' id='word_1_50' title='bbox 1206 522 1350 575; x_wconf 85' lang='lat' dir='ltr'>prodiit</span> <span class='ocrx_word' id='word_1_51' title='bbox 1373 537 1423 563; x_wconf 81' lang='lat' dir='ltr'>ex</span> 
     </span>
     <span class='ocr_line' id='line_1_7' title="bbox 107 575 1421 628; baseline 0.003 -13"><span class='ocrx_word' id='word_1_52' title='bbox 107 577 338 628; x_wconf 85' lang='lat' dir='ltr'>semetipso.</span> <span class='ocrx_word' id='word_1_53' title='bbox 375 575 497 615; x_wconf 89' lang='lat' dir='ltr'>Porro</span> <span class='ocrx_word' id='word_1_54' title='bbox 517 577 579 628; x_wconf 82' lang='lat' dir='ltr'>qui</span> <span class='ocrx_word' id='word_1_55' title='bbox 600 576 760 616; x_wconf 86' lang='lat' dir='ltr'>eundem</span> <span class='ocrx_word' id='word_1_56' title='bbox 781 584 926 628; x_wconf 85' lang='lat' dir='ltr'>patrem</span> <span class='ocrx_word' id='word_1_57' title='bbox 947 577 1043 617; x_wconf 85' lang='lat' dir='ltr'>dieis</span> <span class='ocrx_word' id='word_1_58' title='bbox 1055 586 1096 616; x_wconf 88' lang='lat' dir='ltr'>et</span> <span class='ocrx_word' id='word_1_59' title='bbox 1108 579 1235 627; x_wconf 86' lang='lat' dir='ltr'>lilium,</span> <span class='ocrx_word' id='word_1_60' title='bbox 1262 579 1421 619; x_wconf 89' lang='lat' dir='ltr'>eundem</span> 
     </span>
     <span class='ocr_line' id='line_1_8' title="bbox 108 633 1421 687; baseline 0.003 -16"><span class='ocrx_word' id='word_1_61' title='bbox 108 640 150 672; x_wconf 89' lang='lat' dir='ltr'>et</span> <span class='ocrx_word' id='word_1_62' title='bbox 171 633 375 685; x_wconf 85' lang='lat' dir='ltr'>protulisse</span> <span class='ocrx_word' id='word_1_63' title='bbox 395 646 446 671; x_wconf 80' lang='lat' dir='ltr'>ex</span> <span class='ocrx_word' id='word_1_64' title='bbox 463 640 584 672; x_wconf 88' lang='lat' dir='ltr'>semet</span> <span class='ocrx_word' id='word_1_65' title='bbox 603 635 685 686; x_wconf 89' lang='lat' dir='ltr'>ipso</span> <span class='ocrx_word' id='word_1_66' title='bbox 710 634 806 672; x_wconf 81' lang='lat' dir='ltr'>sacis</span> <span class='ocrx_word' id='word_1_67' title='bbox 831 642 870 672; x_wconf 88' lang='lat' dir='ltr'>et</span> <span class='ocrx_word' id='word_1_68' title='bbox 893 634 1080 685; x_wconf 88' lang='lat' dir='ltr'>prodisse,</span> <span class='ocrx_word' id='word_1_69' title='bbox 1106 635 1207 687; x_wconf 84' lang='lat' dir='ltr'>quod</span> <span class='ocrx_word' id='word_1_70' title='bbox 1230 635 1325 675; x_wconf 89' lang='lat' dir='ltr'>deus</span> <span class='ocrx_word' id='word_1_71' title='bbox 1349 645 1421 683; x_wconf 89' lang='lat' dir='ltr'>est,</span> 
     </span>
     <span class='ocr_line' id='line_1_9' title="bbox 109 678 1420 744; baseline 0.005 -19"><span class='ocrx_word' id='word_1_72' title='bbox 109 686 140 725; x_wconf 83' lang='lat' dir='ltr'>si</span> <span class='ocrx_word' id='word_1_73' title='bbox 164 690 289 742; x_wconf 84' lang='lat' dir='ltr'>potuit</span> <span class='ocrx_word' id='word_1_74' title='bbox 314 678 475 737; x_wconf 52' lang='lat' dir='ltr'>fecisse3</span> <span class='ocrx_word' id='word_1_75' title='bbox 507 689 607 742; x_wconf 87' lang='lat' dir='ltr'>qnod</span> <span class='ocrx_word' id='word_1_76' title='bbox 638 697 763 729; x_wconf 79' lang='lat' dir='ltr'>tamen</span> <span class='ocrx_word' id='word_1_77' title='bbox 794 705 870 729; x_wconf 92' lang='lat' dir='ltr'>non</span> <span class='ocrx_word' id='word_1_78' title='bbox 900 692 1005 730; x_wconf 84' lang='lat' dir='ltr'>fecit.</span> <span class='ocrx_word' id='word_1_79' title='bbox 1063 691 1142 730; x_wconf 88' lang='lat' dir='ltr'>Aut</span> <span class='ocrx_word' id='word_1_80' title='bbox 1165 693 1303 731; x_wconf 79' lang='lat' dir='ltr'>exhibe</span> <span class='ocrx_word' id='word_1_81' title='bbox 1334 706 1420 744; x_wconf 57' lang='lat' dir='ltr'>pro*</span> 
     </span>
     <span class='ocr_line' id='line_1_10' title="bbox 109 743 1423 801; baseline 0.002 -17"><span class='ocrx_word' id='word_1_82' title='bbox 109 743 317 794; x_wconf 55' lang='lat' dir='ltr'>lationem,</span> <span class='ocrx_word' id='word_1_83' title='bbox 338 760 447 798; x_wconf 85' lang='lat' dir='ltr'>quam</span> <span class='ocrx_word' id='word_1_84' title='bbox 466 747 666 798; x_wconf 83' lang='lat' dir='ltr'>expostulo</span> <span class='ocrx_word' id='word_1_85' title='bbox 686 761 793 786; x_wconf 87' lang='lat' dir='ltr'>meae</span> <span class='ocrx_word' id='word_1_86' title='bbox 807 748 979 795; x_wconf 82' lang='lat' dir='ltr'>similem,</span> <span class='ocrx_word' id='word_1_87' title='bbox 1000 747 1039 786; x_wconf 90' lang='lat' dir='ltr'>id</span> <span class='ocrx_word' id='word_1_88' title='bbox 1053 755 1123 795; x_wconf 89' lang='lat' dir='ltr'>est,</span> <span class='ocrx_word' id='word_1_89' title='bbox 1143 750 1199 787; x_wconf 87' lang='lat' dir='ltr'>sic</span> <span class='ocrx_word' id='word_1_90' title='bbox 1212 751 1423 801; x_wconf 86' lang='lat' dir='ltr'>scripturas</span> 
     </span>
     <span class='ocr_line' id='line_1_11' title="bbox 110 802 1423 860; baseline 0.001 -18"><span class='ocrx_word' id='word_1_91' title='bbox 110 802 272 842; x_wconf 85' lang='lat' dir='ltr'>eundem</span> <span class='ocrx_word' id='word_1_92' title='bbox 308 803 423 842; x_wconf 84' lang='lat' dir='ltr'>filium</span> <span class='ocrx_word' id='word_1_93' title='bbox 454 810 495 841; x_wconf 90' lang='lat' dir='ltr'>et</span> <span class='ocrx_word' id='word_1_94' title='bbox 524 810 671 854; x_wconf 89' lang='lat' dir='ltr'>patrem</span> <span class='ocrx_word' id='word_1_95' title='bbox 708 803 931 850; x_wconf 80' lang='lat' dir='ltr'><strong>ostendere,</strong></span> <span class='ocrx_word' id='word_1_96' title='bbox 975 803 1286 855; x_wconf 84' lang='lat' dir='ltr'><strong>quemadmodum</strong></span> <span class='ocrx_word' id='word_1_97' title='bbox 1323 805 1423 860; x_wconf 83' lang='lat' dir='ltr'>apud</span> 
     </span>
     <span class='ocr_line' id='line_1_12' title="bbox 108 858 1422 912; baseline 0.001 -14"><span class='ocrx_word' id='word_1_98' title='bbox 108 873 180 898; x_wconf 84' lang='lat' dir='ltr'>nos</span> <span class='ocrx_word' id='word_1_99' title='bbox 197 858 377 899; x_wconf 80' lang='lat' dir='ltr'>distincte</span> <span class='ocrx_word' id='word_1_100' title='bbox 396 866 508 911; x_wconf 80' lang='lat' dir='ltr'>pater</span> <span class='ocrx_word' id='word_1_101' title='bbox 520 866 559 897; x_wconf 88' lang='lat' dir='ltr'>et</span> <span class='ocrx_word' id='word_1_102' title='bbox 571 859 670 897; x_wconf 87' lang='lat' dir='ltr'>filius</span> <span class='ocrx_word' id='word_1_103' title='bbox 689 858 1015 906; x_wconf 77' lang='lat' dir='ltr'>demonstrantur3</span> <span class='ocrx_word' id='word_1_104' title='bbox 1040 859 1233 907; x_wconf 86' lang='lat' dir='ltr'>distincte,</span> <span class='ocrx_word' id='word_1_105' title='bbox 1257 862 1422 912; x_wconf 88' lang='lat' dir='ltr'>inquam,</span> 
     </span>
     <span class='ocr_line' id='line_1_13' title="bbox 108 914 1425 967; baseline 0.001 -12"><span class='ocrx_word' id='word_1_106' title='bbox 108 929 185 965; x_wconf 82' lang='lat' dir='ltr'>non</span> <span class='ocrx_word' id='word_1_107' title='bbox 210 914 351 962; x_wconf 82' lang='lat' dir='ltr'>divise,</span> <span class='ocrx_word' id='word_1_108' title='bbox 381 917 482 954; x_wconf 87' lang='lat' dir='ltr'>sicut</span> <span class='ocrx_word' id='word_1_109' title='bbox 510 928 585 966; x_wconf 86' lang='lat' dir='ltr'>ego</span> <span class='ocrx_word' id='word_1_110' title='bbox 615 916 772 967; x_wconf 79' lang='lat' dir='ltr'>profero</span> <span class='ocrx_word' id='word_1_111' title='bbox 798 915 938 954; x_wconf 89' lang='lat' dir='ltr'>dictum</span> <span class='ocrx_word' id='word_1_112' title='bbox 964 927 987 954; x_wconf 91' lang='lat' dir='ltr'>a</span> <span class='ocrx_word' id='word_1_113' title='bbox 1010 915 1105 955; x_wconf 87' lang='lat' dir='ltr'>deo:</span> <span class='ocrx_word' id='word_1_114' title='bbox 1143 919 1331 956; x_wconf 87' lang='lat' dir='ltr'>eructavit</span> <span class='ocrx_word' id='word_1_115' title='bbox 1355 931 1425 956; x_wconf 81' lang='lat' dir='ltr'>cor</span> 
     </span>
     <span class='ocr_line' id='line_1_14' title="bbox 108 971 1423 1026; baseline 0.001 -15"><span class='ocrx_word' id='word_1_116' title='bbox 108 985 230 1019; x_wconf 76' lang='lat' dir='ltr'>meum</span> <span class='ocrx_word' id='word_1_117' title='bbox 266 984 481 1011; x_wconf 82' lang='lat' dir='ltr'>sermonem</span> <span class='ocrx_word' id='word_1_118' title='bbox 526 973 771 1023; x_wconf 78' lang='lat' dir='ltr'>optimum.¹)</span> <span class='ocrx_word' id='word_1_119' title='bbox 842 971 910 1011; x_wconf 90' lang='lat' dir='ltr'>Sic</span> <span class='ocrx_word' id='word_1_120' title='bbox 946 979 985 1011; x_wconf 90' lang='lat' dir='ltr'>tu</span> <span class='ocrx_word' id='word_1_121' title='bbox 1003 972 1043 1025; x_wconf 75' lang='grc'>2)</span> <span class='ocrx_word' id='word_1_122' title='bbox 1081 981 1216 1012; x_wconf 87' lang='lat' dir='ltr'>contra</span> <span class='ocrx_word' id='word_1_123' title='bbox 1253 987 1423 1026; x_wconf 85' lang='lat' dir='ltr'>opponas</span> 
     </span>
     <span class='ocr_line' id='line_1_15' title="bbox 109 1028 1423 1082; baseline 0.001 -15"><span class='ocrx_word' id='word_1_124' title='bbox 109 1029 251 1069; x_wconf 77' lang='lat' dir='ltr'>alicubi</span> <span class='ocrx_word' id='word_1_125' title='bbox 280 1028 421 1068; x_wconf 79' lang='lat' dir='ltr'>dixisse</span> <span class='ocrx_word' id='word_1_126' title='bbox 454 1028 583 1068; x_wconf 87' lang='lat' dir='ltr'>deum:</span> <span class='ocrx_word' id='word_1_127' title='bbox 622 1031 811 1068; x_wconf 85' lang='lat' dir='ltr'>eructavit</span> <span class='ocrx_word' id='word_1_128' title='bbox 842 1042 911 1067; x_wconf 89' lang='lat' dir='ltr'>cor</span> <span class='ocrx_word' id='word_1_129' title='bbox 939 1042 1062 1068; x_wconf 89' lang='lat' dir='ltr'>meum</span> <span class='ocrx_word' id='word_1_130' title='bbox 1086 1043 1298 1068; x_wconf 87' lang='lat' dir='ltr'>sermonem</span> <span class='ocrx_word' id='word_1_131' title='bbox 1324 1032 1423 1082; x_wconf 87' lang='lat' dir='ltr'>opti-</span> 
     </span>
     <span class='ocr_line' id='line_1_16' title="bbox 108 1084 1421 1137; baseline -0.001 -12"><span class='ocrx_word' id='word_1_132' title='bbox 108 1098 221 1133; x_wconf 84' lang='lat' dir='ltr'>mum,</span> <span class='ocrx_word' id='word_1_133' title='bbox 244 1091 287 1123; x_wconf 87' lang='lat' dir='ltr'>ut</span> <span class='ocrx_word' id='word_1_134' title='bbox 306 1086 387 1137; x_wconf 81' lang='lat' dir='ltr'>ipse</span> <span class='ocrx_word' id='word_1_135' title='bbox 406 1086 467 1131; x_wconf 91' lang='lat' dir='ltr'>sit,</span> <span class='ocrx_word' id='word_1_136' title='bbox 494 1086 556 1136; x_wconf 85' lang='lat' dir='ltr'>qui</span> <span class='ocrx_word' id='word_1_137' title='bbox 577 1092 618 1123; x_wconf 88' lang='lat' dir='ltr'>et</span> <span class='ocrx_word' id='word_1_138' title='bbox 635 1087 836 1131; x_wconf 85' lang='lat' dir='ltr'>eructavit,</span> <span class='ocrx_word' id='word_1_139' title='bbox 863 1092 903 1123; x_wconf 88' lang='lat' dir='ltr'>et</span> <span class='ocrx_word' id='word_1_140' title='bbox 921 1084 1020 1137; x_wconf 84' lang='lat' dir='ltr'>quod</span> <span class='ocrx_word' id='word_1_141' title='bbox 1042 1087 1242 1132; x_wconf 83' lang='lat' dir='ltr'>eructavit,</span> <span class='ocrx_word' id='word_1_142' title='bbox 1269 1094 1308 1124; x_wconf 86' lang='lat' dir='ltr'>et</span> <span class='ocrx_word' id='word_1_143' title='bbox 1326 1088 1421 1137; x_wconf 89' lang='lat' dir='ltr'>ipse,</span> 
     </span>
     <span class='ocr_line' id='line_1_17' title="bbox 110 1141 1423 1194; baseline 0 -14"><span class='ocrx_word' id='word_1_144' title='bbox 110 1142 173 1194; x_wconf 80' lang='lat' dir='ltr'>qui</span> <span class='ocrx_word' id='word_1_145' title='bbox 202 1142 423 1194; x_wconf 89' lang='lat' dir='ltr'>protulerit,</span> <span class='ocrx_word' id='word_1_146' title='bbox 460 1148 501 1179; x_wconf 87' lang='lat' dir='ltr'>et</span> <span class='ocrx_word' id='word_1_147' title='bbox 529 1142 591 1193; x_wconf 92' lang='lat' dir='ltr'>qui</span> <span class='ocrx_word' id='word_1_148' title='bbox 621 1141 792 1193; x_wconf 85' lang='lat' dir='ltr'>prolatus</span> <span class='ocrx_word' id='word_1_149' title='bbox 820 1142 887 1188; x_wconf 86' lang='lat' dir='ltr'>sit,</span> <span class='ocrx_word' id='word_1_150' title='bbox 924 1143 955 1180; x_wconf 92' lang='lat' dir='ltr'>si</span> <span class='ocrx_word' id='word_1_151' title='bbox 980 1143 1062 1193; x_wconf 88' lang='lat' dir='ltr'>ipse</span> <span class='ocrx_word' id='word_1_152' title='bbox 1087 1148 1147 1180; x_wconf 90' lang='lat' dir='ltr'>est</span> <span class='ocrx_word' id='word_1_153' title='bbox 1171 1150 1211 1181; x_wconf 91' lang='lat' dir='ltr'>et</span> <span class='ocrx_word' id='word_1_154' title='bbox 1234 1155 1358 1181; x_wconf 87' lang='lat' dir='ltr'>sermo</span> <span class='ocrx_word' id='word_1_155' title='bbox 1384 1149 1423 1180; x_wconf 90' lang='lat' dir='ltr'>et</span> 
     </span>
     <span class='ocr_line' id='line_1_18' title="bbox 109 1197 1423 1250; baseline -0.002 -12"><span class='ocrx_word' id='word_1_156' title='bbox 109 1197 216 1238; x_wconf 84' lang='lat' dir='ltr'>deus.</span> <span class='ocrx_word' id='word_1_157' title='bbox 281 1197 386 1236; x_wconf 85' lang='lat' dir='ltr'>Ecce</span> <span class='ocrx_word' id='word_1_158' title='bbox 417 1211 490 1249; x_wconf 87' lang='lat' dir='ltr'>ego</span> <span class='ocrx_word' id='word_1_159' title='bbox 523 1211 695 1249; x_wconf 82' lang='lat' dir='ltr'><strong>propono</strong></span> <span class='ocrx_word' id='word_1_160' title='bbox 724 1205 871 1250; x_wconf 87' lang='lat' dir='ltr'>patrem</span> <span class='ocrx_word' id='word_1_161' title='bbox 896 1198 974 1236; x_wconf 86' lang='lat' dir='ltr'>filio</span> <span class='ocrx_word' id='word_1_162' title='bbox 1000 1197 1159 1237; x_wconf 82' lang='lat' dir='ltr'>dixisse:</span> <span class='ocrx_word' id='word_1_163' title='bbox 1192 1199 1288 1237; x_wconf 83' lang='lat' dir='ltr'>filius</span> <span class='ocrx_word' id='word_1_164' title='bbox 1318 1211 1423 1236; x_wconf 89' lang='lat' dir='ltr'>meus</span> 
     </span>
     <span class='ocr_line' id='line_1_19' title="bbox 110 1252 1422 1307; baseline -0.001 -13"><span class='ocrx_word' id='word_1_165' title='bbox 110 1252 153 1294; x_wconf 76' lang='lat' dir='ltr'>es</span> <span class='ocrx_word' id='word_1_166' title='bbox 177 1261 230 1302; x_wconf 87' lang='lat' dir='ltr'>tu,</span> <span class='ocrx_word' id='word_1_167' title='bbox 255 1267 331 1306; x_wconf 82' lang='lat' dir='ltr'>ego</span> <span class='ocrx_word' id='word_1_168' title='bbox 355 1253 471 1293; x_wconf 86' lang='lat' dir='ltr'>hodie</span> <span class='ocrx_word' id='word_1_169' title='bbox 496 1256 678 1306; x_wconf 86' lang='lat' dir='ltr'>generavi</span> <span class='ocrx_word' id='word_1_170' title='bbox 703 1256 806 1305; x_wconf 82' lang='lat' dir='ltr'>te.³)</span> <span class='ocrx_word' id='word_1_171' title='bbox 844 1253 887 1293; x_wconf 92' lang='lat' dir='ltr'>Si</span> <span class='ocrx_word' id='word_1_172' title='bbox 909 1255 1017 1301; x_wconf 84' lang='lat' dir='ltr'>velis,</span> <span class='ocrx_word' id='word_1_173' title='bbox 1045 1262 1085 1293; x_wconf 89' lang='lat' dir='ltr'>ut</span> <span class='ocrx_word' id='word_1_174' title='bbox 1109 1254 1275 1301; x_wconf 87' lang='lat' dir='ltr'>credam,</span> <span class='ocrx_word' id='word_1_175' title='bbox 1300 1256 1422 1307; x_wconf 87' lang='lat' dir='ltr'>ipsum</span> 
     </span>
     <span class='ocr_line' id='line_1_20' title="bbox 89 1310 1423 1364; baseline 0 -14"><span class='ocrx_word' id='word_1_176' title='bbox 89 1320 196 1351; x_wconf 81' lang='lat' dir='ltr'>‘esse</span> <span class='ocrx_word' id='word_1_177' title='bbox 225 1318 371 1363; x_wconf 76' lang='lat' dir='ltr'>patrem</span> <span class='ocrx_word' id='word_1_178' title='bbox 397 1318 438 1350; x_wconf 87' lang='lat' dir='ltr'>et</span> <span class='ocrx_word' id='word_1_179' title='bbox 462 1311 595 1358; x_wconf 83' lang='lat' dir='ltr'>filium,</span> <span class='ocrx_word' id='word_1_180' title='bbox 628 1310 788 1351; x_wconf 82' lang='lat' dir='ltr'>ostende</span> <span class='ocrx_word' id='word_1_181' title='bbox 820 1312 876 1350; x_wconf 89' lang='lat' dir='ltr'>sic</span> <span class='ocrx_word' id='word_1_182' title='bbox 899 1313 1180 1364; x_wconf 84' lang='lat' dir='ltr'>pronuntiatum</span> <span class='ocrx_word' id='word_1_183' title='bbox 1211 1312 1320 1350; x_wconf 86' lang='lat' dir='ltr'>alibi:</span> <span class='ocrx_word' id='word_1_184' title='bbox 1353 1311 1423 1350; x_wconf 89' lang='lat' dir='ltr'>do-</span> 
     </span>
     <span class='ocr_line' id='line_1_21' title="bbox 108 1366 1422 1419; baseline -0.002 -11"><span class='ocrx_word' id='word_1_185' title='bbox 108 1369 230 1408; x_wconf 87' lang='lat' dir='ltr'>minns</span> <span class='ocrx_word' id='word_1_186' title='bbox 254 1367 352 1407; x_wconf 78' lang='lat' dir='ltr'>dixit</span> <span class='ocrx_word' id='word_1_187' title='bbox 375 1366 421 1406; x_wconf 89' lang='lat' dir='ltr'>ad</span> <span class='ocrx_word' id='word_1_188' title='bbox 448 1381 503 1414; x_wconf 84' lang='lat' dir='ltr'>se,</span> <span class='ocrx_word' id='word_1_189' title='bbox 529 1368 627 1406; x_wconf 85' lang='lat' dir='ltr'>filius</span> <span class='ocrx_word' id='word_1_190' title='bbox 652 1380 757 1406; x_wconf 87' lang='lat' dir='ltr'>meus</span> <span class='ocrx_word' id='word_1_191' title='bbox 781 1382 860 1406; x_wconf 90' lang='lat' dir='ltr'>sum</span> <span class='ocrx_word' id='word_1_192' title='bbox 885 1381 973 1418; x_wconf 84' lang='lat' dir='ltr'>ego,</span> <span class='ocrx_word' id='word_1_193' title='bbox 1000 1381 1074 1419; x_wconf 86' lang='lat' dir='ltr'>ego</span> <span class='ocrx_word' id='word_1_194' title='bbox 1099 1368 1215 1407; x_wconf 86' lang='lat' dir='ltr'>hodie</span> <span class='ocrx_word' id='word_1_195' title='bbox 1240 1370 1422 1419; x_wconf 74' lang='lat' dir='ltr'>generavi</span> 
     </span>
     <span class='ocr_line' id='line_1_22' title="bbox 109 1422 1423 1476; baseline -0.002 -12"><span class='ocrx_word' id='word_1_196' title='bbox 109 1437 189 1473; x_wconf 80' lang='lat' dir='ltr'>me3</span> <span class='ocrx_word' id='word_1_197' title='bbox 226 1422 387 1476; x_wconf 74' lang='lat' dir='ltr'>proinde</span> <span class='ocrx_word' id='word_1_198' title='bbox 411 1431 452 1463; x_wconf 90' lang='lat' dir='ltr'>et</span> <span class='ocrx_word' id='word_1_199' title='bbox 476 1432 563 1464; x_wconf 85' lang='lat' dir='ltr'>ante</span> <span class='ocrx_word' id='word_1_200' title='bbox 589 1425 786 1463; x_wconf 81' lang='lat' dir='ltr'>luciferum</span> <span class='ocrx_word' id='word_1_201' title='bbox 813 1426 994 1475; x_wconf 82' lang='lat' dir='ltr'>generavi</span> <span class='ocrx_word' id='word_1_202' title='bbox 1018 1427 1148 1471; x_wconf 75' lang='lat' dir='ltr'>me3⁴)</span> <span class='ocrx_word' id='word_1_203' title='bbox 1180 1432 1221 1463; x_wconf 87' lang='lat' dir='ltr'>et</span> <span class='ocrx_word' id='word_1_204' title='bbox 1251 1425 1423 1462; x_wconf 86' lang='lat' dir='ltr'>dominus</span> 
     </span>
     <span class='ocr_line' id='line_1_23' title="bbox 109 1480 1423 1532; baseline -0.002 -11"><span class='ocrx_word' id='word_1_205' title='bbox 109 1480 265 1521; x_wconf 86' lang='lat' dir='ltr'>condidi</span> <span class='ocrx_word' id='word_1_206' title='bbox 283 1494 343 1520; x_wconf 89' lang='lat' dir='ltr'>me</span> <span class='ocrx_word' id='word_1_207' title='bbox 362 1482 508 1520; x_wconf 86' lang='lat' dir='ltr'>initium</span> <span class='ocrx_word' id='word_1_208' title='bbox 526 1482 670 1520; x_wconf 81' lang='lat' dir='ltr'>viarum</span> <span class='ocrx_word' id='word_1_209' title='bbox 696 1482 734 1519; x_wconf 90' lang='lat' dir='ltr'>in</span> <span class='ocrx_word' id='word_1_210' title='bbox 760 1493 877 1532; x_wconf 85' lang='lat' dir='ltr'>opera</span> <span class='ocrx_word' id='word_1_211' title='bbox 902 1493 999 1526; x_wconf 88' lang='lat' dir='ltr'>mea,</span> <span class='ocrx_word' id='word_1_212' title='bbox 1026 1488 1115 1519; x_wconf 82' lang='lat' dir='ltr'>ante</span> <span class='ocrx_word' id='word_1_213' title='bbox 1141 1493 1272 1519; x_wconf 89' lang='lat' dir='ltr'>omnes</span> <span class='ocrx_word' id='word_1_214' title='bbox 1297 1487 1423 1518; x_wconf 86' lang='lat' dir='ltr'>autem</span> 
     </span>
     <span class='ocr_line' id='line_1_24' title="bbox 109 1530 1422 1589; baseline -0.003 -11"><span class='ocrx_word' id='word_1_215' title='bbox 109 1539 230 1578; x_wconf 86' lang='lat' dir='ltr'>colles</span> <span class='ocrx_word' id='word_1_216' title='bbox 259 1538 442 1589; x_wconf 80' lang='lat' dir='ltr'>generavi</span> <span class='ocrx_word' id='word_1_217' title='bbox 472 1550 544 1583; x_wconf 88' lang='lat' dir='ltr'>me,</span> <span class='ocrx_word' id='word_1_218' title='bbox 559 1537 599 1588; x_wconf 89' lang='lat'>⁵)</span> <span class='ocrx_word' id='word_1_219' title='bbox 628 1544 668 1575; x_wconf 87' lang='lat' dir='ltr'>et</span> <span class='ocrx_word' id='word_1_220' title='bbox 698 1538 731 1575; x_wconf 87' lang='lat' dir='ltr'>si</span> <span class='ocrx_word' id='word_1_221' title='bbox 761 1550 834 1588; x_wconf 79' lang='lat' dir='ltr'>qua</span> <span class='ocrx_word' id='word_1_222' title='bbox 863 1537 939 1575; x_wconf 84' lang='lat' dir='ltr'>alia</span> <span class='ocrx_word' id='word_1_223' title='bbox 962 1537 1000 1574; x_wconf 92' lang='lat' dir='ltr'>in</span> <span class='ocrx_word' id='word_1_224' title='bbox 1026 1530 1124 1575; x_wconf 86' lang='lat' dir='ltr'>hunc</span> <span class='ocrx_word' id='word_1_225' title='bbox 1148 1537 1297 1575; x_wconf 88' lang='lat' dir='ltr'>modum</span> <span class='ocrx_word' id='word_1_226' title='bbox 1323 1544 1422 1575; x_wconf 83' lang='lat' dir='ltr'>sunt.</span> 
     </span>
     <span class='ocr_line' id='line_1_25' title="bbox 110 1592 1425 1644; baseline -0.002 -10"><span class='ocrx_word' id='word_1_227' title='bbox 110 1595 231 1644; x_wconf 81' lang='lat' dir='ltr'>Quem</span> <span class='ocrx_word' id='word_1_228' title='bbox 259 1601 386 1633; x_wconf 80' lang='lat' dir='ltr'>autem</span> <span class='ocrx_word' id='word_1_229' title='bbox 413 1594 621 1633; x_wconf 72' lang='lat' dir='ltr'>verebatur</span> <span class='ocrx_word' id='word_1_230' title='bbox 650 1593 744 1632; x_wconf 86' lang='lat' dir='ltr'>deus</span> <span class='ocrx_word' id='word_1_231' title='bbox 774 1592 947 1631; x_wconf 89' lang='lat' dir='ltr'>dominus</span> <span class='ocrx_word' id='word_1_232' title='bbox 970 1594 1230 1632; x_wconf 81' lang='lat' dir='ltr'>universitatis</span> <span class='ocrx_word' id='word_1_233' title='bbox 1255 1595 1308 1631; x_wconf 88' lang='lat' dir='ltr'>ita</span> <span class='ocrx_word' id='word_1_234' title='bbox 1332 1606 1425 1644; x_wconf 86' lang='lat' dir='ltr'>pro-</span> 
     </span>
     <span class='ocr_line' id='line_1_26' title="bbox 107 1648 1423 1698; baseline -0.005 -6"><span class='ocrx_word' id='word_1_235' title='bbox 107 1652 295 1698; x_wconf 77' lang='lat' dir='ltr'>nuntiare,</span> <span class='ocrx_word' id='word_1_236' title='bbox 321 1652 354 1690; x_wconf 84' lang='lat' dir='ltr'>si</span> <span class='ocrx_word' id='word_1_237' title='bbox 378 1651 432 1689; x_wconf 84' lang='lat' dir='ltr'>ita</span> <span class='ocrx_word' id='word_1_238' title='bbox 454 1663 518 1689; x_wconf 87' lang='lat' dir='ltr'>res</span> <span class='ocrx_word' id='word_1_239' title='bbox 542 1653 650 1689; x_wconf 79' lang='lat' dir='ltr'>erat?</span> <span class='ocrx_word' id='word_1_240' title='bbox 682 1650 744 1688; x_wconf 88' lang='lat' dir='ltr'>An</span> <span class='ocrx_word' id='word_1_241' title='bbox 768 1651 986 1694; x_wconf 86' lang='lat' dir='ltr'>verebatur,</span> <span class='ocrx_word' id='word_1_242' title='bbox 1011 1661 1058 1687; x_wconf 90' lang='lat' dir='ltr'>ne</span> <span class='ocrx_word' id='word_1_243' title='bbox 1083 1662 1159 1686; x_wconf 89' lang='lat' dir='ltr'>non</span> <span class='ocrx_word' id='word_1_244' title='bbox 1184 1648 1423 1694; x_wconf 78' lang='lat' dir='ltr'>crederetur,</span> 
     </span>
     <span class='ocr_line' id='line_1_27' title="bbox 108 1703 1421 1759; baseline -0.005 -12"><span class='ocrx_word' id='word_1_245' title='bbox 108 1710 140 1748; x_wconf 90' lang='lat' dir='ltr'>si</span> <span class='ocrx_word' id='word_1_246' title='bbox 165 1708 388 1759; x_wconf 82' lang='lat' dir='ltr'>simpliciter</span> <span class='ocrx_word' id='word_1_247' title='bbox 411 1719 452 1745; x_wconf 91' lang='lat' dir='ltr'>se</span> <span class='ocrx_word' id='word_1_248' title='bbox 478 1714 519 1745; x_wconf 90' lang='lat' dir='ltr'>et</span> <span class='ocrx_word' id='word_1_249' title='bbox 542 1713 688 1758; x_wconf 86' lang='lat' dir='ltr'>patrem</span> <span class='ocrx_word' id='word_1_250' title='bbox 720 1713 761 1744; x_wconf 87' lang='lat' dir='ltr'>et</span> <span class='ocrx_word' id='word_1_251' title='bbox 792 1705 905 1743; x_wconf 82' lang='lat' dir='ltr'>filium</span> <span class='ocrx_word' id='word_1_252' title='bbox 936 1705 1242 1754; x_wconf 81' lang='lat' dir='ltr'>pronuntiasset?</span> <span class='ocrx_word' id='word_1_253' title='bbox 1301 1703 1421 1741; x_wconf 88' lang='lat' dir='ltr'>Unum</span> 
     </span>
     <span class='ocr_line' id='line_1_28' title="bbox 108 1759 1424 1810; baseline -0.005 -7"><span class='ocrx_word' id='word_1_254' title='bbox 108 1771 234 1803; x_wconf 80' lang='lat' dir='ltr'>tamen</span> <span class='ocrx_word' id='word_1_255' title='bbox 257 1759 402 1801; x_wconf 85' lang='lat' dir='ltr'>veritus</span> <span class='ocrx_word' id='word_1_256' title='bbox 425 1769 502 1807; x_wconf 90' lang='lat' dir='ltr'>est,</span> <span class='ocrx_word' id='word_1_257' title='bbox 534 1763 696 1800; x_wconf 85' lang='lat' dir='ltr'>mentiri.</span> <span class='ocrx_word' id='word_1_258' title='bbox 761 1760 916 1798; x_wconf 86' lang='lat' dir='ltr'>Veritus</span> <span class='ocrx_word' id='word_1_259' title='bbox 946 1767 1071 1797; x_wconf 88' lang='lat' dir='ltr'>antem</span> <span class='ocrx_word' id='word_1_260' title='bbox 1095 1767 1215 1798; x_wconf 85' lang='lat' dir='ltr'>semet</span> <span class='ocrx_word' id='word_1_261' title='bbox 1238 1762 1357 1810; x_wconf 86' lang='lat' dir='ltr'>ipsum</span> <span class='ocrx_word' id='word_1_262' title='bbox 1383 1766 1424 1796; x_wconf 86' lang='lat' dir='ltr'>et</span> 
     </span>
     <span class='ocr_line' id='line_1_29' title="bbox 108 1814 1422 1861; baseline -0.005 -2"><span class='ocrx_word' id='word_1_263' title='bbox 108 1832 213 1859; x_wconf 86' lang='lat' dir='ltr'>snam</span> <span class='ocrx_word' id='word_1_264' title='bbox 229 1819 444 1857; x_wconf 79' lang='lat' dir='ltr'>veritatem.</span> <span class='ocrx_word' id='word_1_265' title='bbox 482 1817 532 1855; x_wconf 85' lang='lat' dir='ltr'>Et</span> <span class='ocrx_word' id='word_1_266' title='bbox 556 1817 646 1855; x_wconf 84' lang='lat' dir='ltr'>ideo</span> <span class='ocrx_word' id='word_1_267' title='bbox 669 1828 845 1854; x_wconf 84' lang='lat' dir='ltr'>veracem</span> <span class='ocrx_word' id='word_1_268' title='bbox 872 1815 983 1853; x_wconf 87' lang='lat' dir='ltr'>deum</span> <span class='ocrx_word' id='word_1_269' title='bbox 1007 1814 1182 1861; x_wconf 85' lang='lat' dir='ltr'>credens,</span> <span class='ocrx_word' id='word_1_270' title='bbox 1210 1817 1292 1853; x_wconf 88' lang='lat' dir='ltr'>scio</span> <span class='ocrx_word' id='word_1_271' title='bbox 1317 1816 1422 1853; x_wconf 86' lang='lat' dir='ltr'>illum</span> 
     </span>
     <span class='ocr_line' id='line_1_30' title="bbox 108 1871 1423 1925; baseline -0.004 -11"><span class='ocrx_word' id='word_1_272' title='bbox 108 1889 184 1914; x_wconf 85' lang='lat' dir='ltr'>non</span> <span class='ocrx_word' id='word_1_273' title='bbox 210 1875 341 1920; x_wconf 84' lang='lat' dir='ltr'>aliter,</span> <span class='ocrx_word' id='word_1_274' title='bbox 373 1886 481 1925; x_wconf 87' lang='lat' dir='ltr'>quam</span> <span class='ocrx_word' id='word_1_275' title='bbox 507 1871 709 1924; x_wconf 83' lang='lat' dir='ltr'>disposuit,</span> <span class='ocrx_word' id='word_1_276' title='bbox 739 1872 1022 1923; x_wconf 79' lang='lat' dir='ltr'>pronuntiasse,</span> <span class='ocrx_word' id='word_1_277' title='bbox 1054 1884 1126 1910; x_wconf 86' lang='lat' dir='ltr'>nec</span> <span class='ocrx_word' id='word_1_278' title='bbox 1157 1872 1270 1910; x_wconf 85' lang='lat' dir='ltr'>aliter</span> <span class='ocrx_word' id='word_1_279' title='bbox 1293 1871 1423 1923; x_wconf 90' lang='lat' dir='ltr'>dispo-</span> 
     </span>
     <span class='ocr_line' id='line_1_31' title="bbox 109 1927 1420 1982; baseline -0.004 -11"><span class='ocrx_word' id='word_1_280' title='bbox 109 1933 242 1978; x_wconf 79' lang='lat' dir='ltr'>suisse,</span> <span class='ocrx_word' id='word_1_281' title='bbox 268 1943 377 1982; x_wconf 85' lang='lat' dir='ltr'>quam</span> <span class='ocrx_word' id='word_1_282' title='bbox 395 1930 668 1982; x_wconf 82' lang='lat' dir='ltr'>pronuntiavit.</span> <span class='ocrx_word' id='word_1_283' title='bbox 709 1928 763 1966; x_wconf 89' lang='lat' dir='ltr'>Tu</span> <span class='ocrx_word' id='word_1_284' title='bbox 785 1941 900 1979; x_wconf 88' lang='lat' dir='ltr'>porro</span> <span class='ocrx_word' id='word_1_285' title='bbox 920 1940 1003 1966; x_wconf 91' lang='lat' dir='ltr'>eum</span> <span class='ocrx_word' id='word_1_286' title='bbox 1024 1927 1244 1966; x_wconf 82' lang='lat' dir='ltr'>mendacem</span> <span class='ocrx_word' id='word_1_287' title='bbox 1265 1928 1420 1973; x_wconf 85' lang='lat' dir='ltr'>efficias,</span> 
     </span>
     <span class='ocr_line' id='line_1_32' title="bbox 109 1984 1423 2037; baseline -0.004 -10"><span class='ocrx_word' id='word_1_288' title='bbox 109 1996 151 2028; x_wconf 89' lang='lat' dir='ltr'>et</span> <span class='ocrx_word' id='word_1_289' title='bbox 173 1988 350 2027; x_wconf 79' lang='lat' dir='ltr'>fallacem</span> <span class='ocrx_word' id='word_1_290' title='bbox 379 1993 421 2025; x_wconf 85' lang='lat' dir='ltr'>et</span> <span class='ocrx_word' id='word_1_291' title='bbox 450 1985 698 2037; x_wconf 86' lang='lat' dir='ltr'>deceptorem</span> <span class='ocrx_word' id='word_1_292' title='bbox 728 1984 818 2023; x_wconf 87' lang='lat' dir='ltr'>fidei</span> <span class='ocrx_word' id='word_1_293' title='bbox 849 1985 976 2030; x_wconf 78' lang='lat' dir='ltr'>liuius,</span> <span class='ocrx_word' id='word_1_294' title='bbox 1007 1986 1058 2030; x_wconf 88' lang='lat' dir='ltr'>si,</span> <span class='ocrx_word' id='word_1_295' title='bbox 1091 1998 1174 2023; x_wconf 84' lang='lat' dir='ltr'>cum</span> <span class='ocrx_word' id='word_1_296' title='bbox 1205 1986 1287 2036; x_wconf 88' lang='lat' dir='ltr'>ipse</span> <span class='ocrx_word' id='word_1_297' title='bbox 1319 1991 1423 2023; x_wconf 91' lang='lat' dir='ltr'>esset</span> 
     </span>
     <span class='ocr_line' id='line_1_33' title="bbox 61 2041 1421 2093; baseline -0.005 -8"><span class='ocrx_word' id='word_1_298' title='bbox 61 2070 68 2076; x_wconf 91' lang='lat'>-</span> <span class='ocrx_word' id='word_1_299' title='bbox 110 2045 183 2085; x_wconf 78' lang='lat' dir='ltr'>sibi</span> <span class='ocrx_word' id='word_1_300' title='bbox 201 2044 313 2091; x_wconf 81' lang='lat' dir='ltr'>filius,</span> <span class='ocrx_word' id='word_1_301' title='bbox 338 2044 404 2082; x_wconf 86' lang='lat' dir='ltr'>alii</span> <span class='ocrx_word' id='word_1_302' title='bbox 423 2042 540 2081; x_wconf 90' lang='lat' dir='ltr'>dabat</span> <span class='ocrx_word' id='word_1_303' title='bbox 556 2042 623 2080; x_wconf 87' lang='lat' dir='ltr'>filii</span> <span class='ocrx_word' id='word_1_304' title='bbox 647 2054 861 2093; x_wconf 82' lang='lat' dir='ltr'>personam,</span> <span class='ocrx_word' id='word_1_305' title='bbox 889 2041 1039 2093; x_wconf 88' lang='lat' dir='ltr'>quando</span> <span class='ocrx_word' id='word_1_306' title='bbox 1058 2043 1272 2093; x_wconf 80' lang='lat' dir='ltr'>scripturae</span> <span class='ocrx_word' id='word_1_307' title='bbox 1286 2054 1421 2079; x_wconf 86' lang='lat' dir='ltr'>omnes</span> 
     </span>
     <span class='ocr_line' id='line_1_34' title="bbox 110 2097 1423 2148; baseline -0.005 -6"><span class='ocrx_word' id='word_1_308' title='bbox 110 2109 152 2142; x_wconf 87' lang='lat' dir='ltr'>et</span> <span class='ocrx_word' id='word_1_309' title='bbox 173 2100 535 2148; x_wconf 82' lang='lat' dir='ltr'>demonstrationem</span> <span class='ocrx_word' id='word_1_310' title='bbox 561 2105 602 2137; x_wconf 82' lang='lat' dir='ltr'>et</span> <span class='ocrx_word' id='word_1_311' title='bbox 624 2098 904 2137; x_wconf 83' lang='lat' dir='ltr'>distinctionem</span> <span class='ocrx_word' id='word_1_312' title='bbox 935 2099 1116 2136; x_wconf 86' lang='lat' dir='ltr'>trinitatis</span> <span class='ocrx_word' id='word_1_313' title='bbox 1145 2097 1368 2143; x_wconf 88' lang='lat' dir='ltr'>ostendant,</span> <span class='ocrx_word' id='word_1_314' title='bbox 1399 2110 1423 2135; x_wconf 88' lang='lat' dir='ltr'>a</span> 
     </span>
     <span class='ocr_line' id='line_1_35' title="bbox 110 2154 1420 2211; baseline -0.005 -14"><span class='ocrx_word' id='word_1_315' title='bbox 110 2157 245 2211; x_wconf 79' lang='lat' dir='ltr'>quibus</span> <span class='ocrx_word' id='word_1_316' title='bbox 274 2164 315 2195; x_wconf 84' lang='lat' dir='ltr'>et</span> <span class='ocrx_word' id='word_1_317' title='bbox 343 2156 596 2208; x_wconf 82' lang='lat' dir='ltr'>praescriptio</span> <span class='ocrx_word' id='word_1_318' title='bbox 626 2162 758 2194; x_wconf 84' lang='lat' dir='ltr'>nostra</span> <span class='ocrx_word' id='word_1_319' title='bbox 792 2154 1012 2201; x_wconf 83' lang='lat' dir='ltr'>deducitur,</span> <span class='ocrx_word' id='word_1_320' title='bbox 1049 2168 1125 2192; x_wconf 90' lang='lat' dir='ltr'>non</span> <span class='ocrx_word' id='word_1_321' title='bbox 1161 2167 1274 2206; x_wconf 87' lang='lat' dir='ltr'>posse</span> <span class='ocrx_word' id='word_1_322' title='bbox 1311 2166 1420 2191; x_wconf 91' lang='lat' dir='ltr'>unum</span> 
     </span>
     <span class='ocr_line' id='line_1_36' title="bbox 111 2210 1423 2266; baseline -0.005 -13"><span class='ocrx_word' id='word_1_323' title='bbox 111 2222 224 2266; x_wconf 80' lang='lat' dir='ltr'>atque</span> <span class='ocrx_word' id='word_1_324' title='bbox 250 2212 412 2253; x_wconf 87' lang='lat' dir='ltr'>eundem</span> <span class='ocrx_word' id='word_1_325' title='bbox 433 2211 577 2259; x_wconf 78' lang='lat' dir='ltr'>videri,</span> <span class='ocrx_word' id='word_1_326' title='bbox 615 2213 676 2263; x_wconf 90' lang='lat' dir='ltr'>qui</span> <span class='ocrx_word' id='word_1_327' title='bbox 702 2212 886 2262; x_wconf 85' lang='lat' dir='ltr'>loquitur,</span> <span class='ocrx_word' id='word_1_328' title='bbox 925 2219 965 2249; x_wconf 91' lang='lat' dir='ltr'>et</span> <span class='ocrx_word' id='word_1_329' title='bbox 989 2210 1036 2250; x_wconf 92' lang='lat' dir='ltr'>de</span> <span class='ocrx_word' id='word_1_330' title='bbox 1062 2224 1135 2262; x_wconf 83' lang='lat' dir='ltr'>quo</span> <span class='ocrx_word' id='word_1_331' title='bbox 1161 2212 1344 2261; x_wconf 88' lang='lat' dir='ltr'>loquitur,</span> <span class='ocrx_word' id='word_1_332' title='bbox 1382 2217 1423 2247; x_wconf 85' lang='lat' dir='ltr'>et</span> 
     </span>
     <span class='ocr_line' id='line_1_37' title="bbox 111 2264 1420 2322; baseline -0.005 -12"><span class='ocrx_word' id='word_1_333' title='bbox 111 2271 160 2310; x_wconf 80' lang='lat' dir='ltr'>ad</span> <span class='ocrx_word' id='word_1_334' title='bbox 179 2283 287 2322; x_wconf 86' lang='lat' dir='ltr'>quem</span> <span class='ocrx_word' id='word_1_335' title='bbox 310 2270 488 2321; x_wconf 86' lang='lat' dir='ltr'>loquitur,</span> <span class='ocrx_word' id='word_1_336' title='bbox 514 2270 602 2320; x_wconf 84' lang='lat' dir='ltr'>quia</span> <span class='ocrx_word' id='word_1_337' title='bbox 624 2280 747 2319; x_wconf 87' lang='lat' dir='ltr'>neque</span> <span class='ocrx_word' id='word_1_338' title='bbox 772 2268 1003 2318; x_wconf 82' lang='lat' dir='ltr'>perversitas</span> <span class='ocrx_word' id='word_1_339' title='bbox 1027 2280 1149 2318; x_wconf 88' lang='lat' dir='ltr'>neque</span> <span class='ocrx_word' id='word_1_340' title='bbox 1176 2267 1325 2304; x_wconf 74' lang='lat' dir='ltr'>fallacia</span> <span class='ocrx_word' id='word_1_341' title='bbox 1345 2264 1420 2303; x_wconf 87' lang='lat' dir='ltr'>deo</span> 
     </span>
     <span class='ocr_line' id='line_1_38' title="bbox 114 2321 1420 2378; baseline -0.007 -11"><span class='ocrx_word' id='word_1_342' title='bbox 114 2333 312 2378; x_wconf 85' lang='lat' dir='ltr'>congruat,</span> <span class='ocrx_word' id='word_1_343' title='bbox 337 2333 390 2372; x_wconf 89' lang='lat' dir='ltr'>ut,</span> <span class='ocrx_word' id='word_1_344' title='bbox 418 2338 502 2364; x_wconf 88' lang='lat' dir='ltr'>cum</span> <span class='ocrx_word' id='word_1_345' title='bbox 526 2327 607 2376; x_wconf 91' lang='lat' dir='ltr'>ipse</span> <span class='ocrx_word' id='word_1_346' title='bbox 633 2331 747 2369; x_wconf 88' lang='lat' dir='ltr'>esset,</span> <span class='ocrx_word' id='word_1_347' title='bbox 774 2323 823 2361; x_wconf 89' lang='lat' dir='ltr'>ad</span> <span class='ocrx_word' id='word_1_348' title='bbox 847 2335 955 2374; x_wconf 84' lang='lat' dir='ltr'>quem</span> <span class='ocrx_word' id='word_1_349' title='bbox 976 2324 1214 2375; x_wconf 86' lang='lat' dir='ltr'>loquebatur,</span> <span class='ocrx_word' id='word_1_350' title='bbox 1240 2321 1286 2359; x_wconf 85' lang='lat' dir='ltr'>ad</span> <span class='ocrx_word' id='word_1_351' title='bbox 1307 2322 1420 2359; x_wconf 87' lang='lat' dir='ltr'>alium</span> 
     </span>
     <span class='ocr_line' id='line_1_39' title="bbox 112 2378 1422 2437; baseline -0.005 -15"><span class='ocrx_word' id='word_1_352' title='bbox 112 2386 237 2437; x_wconf 85' lang='lat' dir='ltr'>potius</span> <span class='ocrx_word' id='word_1_353' title='bbox 261 2391 302 2422; x_wconf 86' lang='lat' dir='ltr'>et</span> <span class='ocrx_word' id='word_1_354' title='bbox 325 2396 399 2420; x_wconf 89' lang='lat' dir='ltr'>non</span> <span class='ocrx_word' id='word_1_355' title='bbox 424 2381 473 2420; x_wconf 90' lang='lat' dir='ltr'>ad</span> <span class='ocrx_word' id='word_1_356' title='bbox 497 2388 619 2419; x_wconf 84' lang='lat' dir='ltr'>semet</span> <span class='ocrx_word' id='word_1_357' title='bbox 642 2383 762 2432; x_wconf 87' lang='lat' dir='ltr'>ipsum</span> <span class='ocrx_word' id='word_1_358' title='bbox 786 2381 1020 2430; x_wconf 86' lang='lat' dir='ltr'>loqueretur.</span> <span class='ocrx_word' id='word_1_359' title='bbox 1035 2379 1072 2428; x_wconf 80' lang='lat'>⁶)</span> <span class='ocrx_word' id='word_1_360' title='bbox 1130 2378 1279 2429; x_wconf 87' lang='lat' dir='ltr'>Accipe</span> <span class='ocrx_word' id='word_1_361' title='bbox 1303 2379 1422 2428; x_wconf 82' lang='lat' dir='ltr'>igitur</span> 
     </span>
    </p>
   </div>
   <div class='ocr_carea' id='block_1_3' title="bbox 116 2455 399 2465">
    <p class='ocr_par' dir='ltr' id='par_1_3' title="bbox 116 2455 399 2465">
     <span class='ocr_line' id='line_1_40' title="bbox 116 2455 399 2465; baseline 0 335"><span class='ocrx_word' id='word_1_362' title='bbox 116 2455 399 2465; x_wconf 95' lang='lat' dir='ltr'> </span> 
     </span>
    </p>
   </div>
   <div class='ocr_carea' id='block_1_4' title="bbox 93 2469 1420 2612">
    <p class='ocr_par' dir='ltr' id='par_1_4' title="bbox 93 2469 1420 2612">
     <span class='ocr_line' id='line_1_41' title="bbox 205 2469 1419 2513; baseline -0.005 -8"><span class='ocrx_word' id='word_1_363' title='bbox 205 2474 239 2513; x_wconf 83' lang='lat'>1)</span> <span class='ocrx_word' id='word_1_364' title='bbox 251 2474 304 2505; x_wconf 75' lang='grc' dir='ltr'>ΡΙ.</span> <span class='ocrx_word' id='word_1_365' title='bbox 318 2475 374 2512; x_wconf 75' lang='lat'>45,</span> <span class='ocrx_word' id='word_1_366' title='bbox 390 2475 421 2503; x_wconf 91' lang='lat'>1.</span> <span class='ocrx_word' id='word_1_367' title='bbox 515 2473 550 2511; x_wconf 88' lang='lat'>2)</span> <span class='ocrx_word' id='word_1_368' title='bbox 566 2474 615 2502; x_wconf 78' lang='lat' dir='ltr'>lta</span> <span class='ocrx_word' id='word_1_369' title='bbox 628 2472 701 2503; x_wconf 77' lang='lat' dir='ltr'>cod.</span> <span class='ocrx_word' id='word_1_370' title='bbox 717 2471 852 2501; x_wconf 73' lang='lat' dir='ltr'>VVouw.</span> <span class='ocrx_word' id='word_1_371' title='bbox 866 2472 899 2500; x_wconf 87' lang='lat' dir='ltr'>et</span> <span class='ocrx_word' id='word_1_372' title='bbox 912 2470 984 2508; x_wconf 81' lang='lat' dir='ltr'>Rig.</span> <span class='ocrx_word' id='word_1_373' title='bbox 998 2469 1127 2498; x_wconf 82' lang='lat' dir='ltr'>Ceteri:</span> <span class='ocrx_word' id='word_1_374' title='bbox 1153 2469 1261 2499; x_wconf 72' lang='lat' dir='ltr'>Haec</span> <span class='ocrx_word' id='word_1_375' title='bbox 1287 2471 1328 2498; x_wconf 80' lang='lat' dir='ltr'>tu</span> <span class='ocrx_word' id='word_1_376' title='bbox 1354 2470 1419 2500; x_wconf 74' lang='lat' dir='ltr'>etc.</span> 
     </span>
     <span class='ocr_line' id='line_1_42' title="bbox 114 2513 1420 2560; baseline -0.007 -9"><span class='ocrx_word' id='word_1_377' title='bbox 114 2519 151 2560; x_wconf 74' lang='lat'>8)</span> <span class='ocrx_word' id='word_1_378' title='bbox 163 2520 218 2551; x_wconf 73' lang='lat' dir='ltr'>P..</span> <span class='ocrx_word' id='word_1_379' title='bbox 231 2521 263 2558; x_wconf 83' lang='lat'>2,</span> <span class='ocrx_word' id='word_1_380' title='bbox 277 2521 309 2549; x_wconf 74' lang='lat'>⁴2.</span> <span class='ocrx_word' id='word_1_381' title='bbox 381 2517 418 2560; x_wconf 76' lang='lat'>4)</span> <span class='ocrx_word' id='word_1_382' title='bbox 437 2518 491 2548; x_wconf 75' lang='lat' dir='ltr'>Pa.</span> <span class='ocrx_word' id='word_1_383' title='bbox 506 2519 583 2556; x_wconf 85' lang='lat'>110,</span> <span class='ocrx_word' id='word_1_384' title='bbox 598 2519 629 2547; x_wconf 84' lang='lat'>3.</span> <span class='ocrx_word' id='word_1_385' title='bbox 700 2517 736 2554; x_wconf 87' lang='lat'>5)</span> <span class='ocrx_word' id='word_1_386' title='bbox 755 2516 854 2546; x_wconf 80' lang='lat' dir='ltr'>Prov.</span> <span class='ocrx_word' id='word_1_387' title='bbox 870 2517 902 2555; x_wconf 90' lang='lat'>8,</span> <span class='ocrx_word' id='word_1_388' title='bbox 916 2517 971 2545; x_wconf 82' lang='lat'>22.</span> <span class='ocrx_word' id='word_1_389' title='bbox 1042 2516 1078 2552; x_wconf 79' lang='lat'>6)</span> <span class='ocrx_word' id='word_1_390' title='bbox 1099 2514 1204 2544; x_wconf 84' lang='lat' dir='ltr'>Rhen.</span> <span class='ocrx_word' id='word_1_391' title='bbox 1220 2516 1254 2544; x_wconf 84' lang='lat' dir='ltr'>et</span> <span class='ocrx_word' id='word_1_392' title='bbox 1268 2516 1333 2546; x_wconf 80' lang='lat' dir='ltr'>cet.</span> <span class='ocrx_word' id='word_1_393' title='bbox 1347 2513 1420 2543; x_wconf 86' lang='lat' dir='ltr'>edd.</span> 
     </span>
     <span class='ocr_line' id='line_1_43' title="bbox 93 2560 1185 2612; baseline -0.007 -15"><span class='ocrx_word' id='word_1_394' title='bbox 93 2566 334 2612; x_wconf 30' lang='lat' dir='ltr'>&#39;loquatun</span> <span class='ocrx_word' id='word_1_395' title='bbox 360 2565 411 2594; x_wconf 84' lang='lat' dir='ltr'>ed.</span> <span class='ocrx_word' id='word_1_396' title='bbox 424 2565 448 2594; x_wconf 87' lang='lat'>1.</span> <span class='ocrx_word' id='word_1_397' title='bbox 467 2564 740 2601; x_wconf 75' lang='lat' dir='ltr'>loquebatur,</span> <span class='ocrx_word' id='word_1_398' title='bbox 764 2561 819 2591; x_wconf 85' lang='lat' dir='ltr'>Fr.</span> <span class='ocrx_word' id='word_1_399' title='bbox 834 2561 904 2590; x_wconf 83' lang='lat' dir='ltr'>lun.</span> <span class='ocrx_word' id='word_1_400' title='bbox 923 2560 1185 2597; x_wconf 85' lang='lat' dir='ltr'>loqueretur.</span> 
     </span>
    </p>
   </div>
   <div class='ocr_carea' id='block_1_5' title="bbox 1054 2604 1135 2644">
    <p class='ocr_par' dir='ltr' id='par_1_5' title="bbox 1054 2604 1135 2644">
     <span class='ocr_line' id='line_1_44' title="bbox 1054 2604 1135 2644; baseline 0.025 -2"><span class='ocrx_word' id='word_1_401' title='bbox 1054 2604 1135 2644; x_wconf 67' lang='lat'>17*</span> 
     </span>
    </p>
   </div>
  </div>
 </body>
</html>
