1624 2826
192 214 297 254 250
451 214 575 247 ADV.
610 214 970 246 MARCIONEM
1005 215 1185 246 LIBER
1219 216 1275 246 1v.

191 309 495 363 praesumptorie
522 305 663 359 aliquid
679 307 869 346 elocutum
886 309 1082 359 negationi
1104 309 1230 360 potius
1244 305 1519 362 destinando1)

192 368 358 406 zelotem
391 365 502 405 deum
535 366 602 403 tibi
637 364 818 403 ostendit.
879 365 1021 404 Debuit
1054 368 1168 405 etiam
1196 366 1329 404 osculo
1356 365 1520 415 tradi,²)
1568 404 1582 411 ,

194 424 455 478 propheticus.
482 424 632 462 scilicet
670 423 867 471 Christus,
906 431 947 462 ut
986 425 1066 462 eius
1104 424 1258 462 scilicet
1294 423 1412 472 filius,
1458 424 1521 476 qui

194 483 305 521 labiis
330 495 352 520 a
377 482 518 533 populo
546 480 838 532 ‹litigebatur.3)
901 480 1115 520 Perductus
1140 483 1176 520 in
1205 494 1440 529 consessum,
1472 495 1521 521 an

194 542 277 592 ipse
304 546 407 577 esset
428 539 611 586 Christus,
639 540 962 590 interrogatur.4)
1024 539 1080 578 De
1108 553 1181 592 quo
1209 540 1362 578 Christo
1390 538 1524 579 Iudaei

197 597 446 650 quaesissent,
473 598 544 635 nisi
571 596 618 635 de
645 599 744 635 suo?
775 597 854 635 Cur
884 611 980 650 ergo
1008 612 1082 636 non
1107 598 1168 636 vel
1202 605 1291 636 tunc
1318 598 1431 637 alium
1466 598 1524 637 eis

195 653 389 707 prodidit?
437 654 487 692 Ut
518 656 597 706 pati
634 662 782 706 posset,
822 656 964 707 inquis,
1003 654 1041 694 id
1080 663 1156 702 est,
1195 663 1238 694 ut.
1266 656 1332 695 ille
1359 653 1525 709 optimus

195 713 419 763 ignorantes
446 712 569 751 adbuc
595 713 632 750 iu
659 714 784 751 scelus
810 721 1017 765 mergeret.
1080 712 1223 766 Atquin
1251 715 1323 752 etsi
1349 713 1523 761 dixisset,

195 783 374 822 passurus
400 777 514 808 esset.
578 769 619 807 Si
646 769 780 808 dixero
807 772 925 818 enim,
965 773 1103 822 inquit,
1142 771 1252 810 vobis
1283 785 1359 810 non
1387 771 1526 810 crede-

196 828 304 877 tis.⁵)
365 827 486 865 Porro
520 841 594 865 non
628 827 811 866 credituri
845 835 1162 880 perseverassent
1191 830 1228 866 in
1261 841 1396 867 necem
1429 829 1524 868 eius.

197 884 246 922 Et
273 898 342 923 cur
367 898 443 922 non
469 886 589 935 magis
615 898 793 936 passurus
819 894 933 940 esset,
962 888 992 924 si
1019 887 1177 924 alterius
1203 884 1265 924 dei
1283 900 1329 925 ac
1355 899 1426 939 per
1450 885 1525 926 hoe

198 941 458 985 adversarium
497 944 686 981 creatoris
717 944 1024 983 manifestasset?
1072 943 1178 995 Ergo
1205 957 1279 982 non
1307 951 1348 982 ut
1373 951 1527 996 patere-

197 1007 277 1047 tur,
317 1000 428 1038 alium
462 1013 502 1038 se
535 1007 624 1038 tunc
652 1014 800 1052 quoque
827 1001 1043 1053 supersedit
1069 1001 1298 1049 ostendere3
1337 1000 1406 1040 sed
1433 1015 1527 1054 quo·

196 1057 310 1096 modo
338 1071 386 1095 ex
413 1071 480 1095 ore
507 1059 588 1095 eius
615 1059 896 1096 confessionem
929 1067 1162 1111 extorquere
1191 1059 1415 1110 cupiebant,
1454 1071 1527 1098 nec

199 1116 377 1153 confesso
410 1122 536 1153 tamen
569 1113 772 1162 credituri,
813 1117 873 1166 qui
906 1129 990 1155 eum
1024 1130 1072 1155 ex
1105 1117 1285 1168 operibus
1317 1118 1529 1169 scripturas

197 1171 492 1222 adimplentibus
519 1173 721 1222 agnovisse
749 1171 980 1221 debuerant,
1019 1176 1073 1212 ita
1100 1175 1195 1212 cius
1212 1175 1284 1213 fuit
1310 1175 1528 1214 occultasse

198 1243 258 1276 se,
298 1230 358 1268 cui
390 1230 491 1268 ultro
526 1228 740 1268 debebatur
764 1232 924 1281 agnitio.
986 1231 1036 1269 Et
1063 1239 1188 1270 tamen
1214 1231 1339 1270 adhuc
1366 1233 1423 1271 eis
1446 1245 1529 1271 ma-

199 1301 283 1325 num
311 1289 532 1339 porrigens:
560 1288 711 1335 abhinc,
740 1290 872 1340 inquit,
901 1289 977 1328 erit
1002 1290 1099 1327 filius
1126 1290 1288 1328 hominis
1315 1289 1454 1329 sedens
1479 1289 1530 1330 ad

201 1345 397 1383 dexteram
422 1346 573 1383 virtutis
600 1345 729 1394 dem)
793 1345 1038 1398 Suggerebat
1070 1348 1169 1386 enini
1203 1361 1242 1387 se
1276 1361 1324 1387 ex
1356 1347 1529 1388 Danielis

200 1402 403 1453 prophetia
416 1403 453 1450 ⁷)
488 1403 602 1440 filium
630 1403 793 1441 hominis
820 1411 860 1442 et
885 1418 905 1442 e
933 1406 1078 1456 psalmo
1106 1405 1227 1443 David
1254 1405 1453 1446 sedentem
1479 1400 1528 1446 ad

203 1458 398 1496 dexteram
433 1458 554 1507 dots)
618 1459 749 1511 ltaque
788 1474 836 1498 ex
867 1462 941 1499 isto
975 1461 1078 1500 dicto
1113 1470 1151 1500 et
1182 1464 1396 1515 scripturae
1424 1476 1530 1504 com-

201 1518 402 1568 paratione
428 1516 640 1563 illuminati,
669 1531 777 1568 quem
805 1531 845 1556 se
865 1520 982 1557 vellet
1002 1520 1177 1570 intelligi,
1205 1534 1314 1571 ergo,
1341 1523 1528 1574 inquiunt,
1561 1525 1565 1528 ”

201 1581 242 1611 tu
274 1573 336 1613 dei
369 1574 466 1611 filius
506 1576 572 1612 es?
590 1575 626 1622 ⁹)
679 1575 794 1613 Cuius
828 1575 909 1623 dei,
938 1578 1009 1614 nisi
1038 1590 1146 1629 quem
1173 1578 1294 1616 sotum
1320 1582 1532 1619 noverant?

203 1631 319 1669 Cuius
353 1629 433 1677 dei,
473 1632 543 1669 nisi
577 1645 684 1683 quem
717 1633 754 1670 in
787 1634 930 1684 psalmo
950 1636 1248 1684 meminerant,
1274 1635 1416 1675 dixisse
1450 1637 1529 1676 filio

202 1702 293 1726 suo:
319 1688 410 1727 sede
437 1687 485 1726 ad
513 1688 710 1728 dexteram
737 1703 871 1729 meam.
936 1690 1013 1730 Sed
1041 1692 1258 1744 respondit:
1291 1707 1360 1732 vos
1386 1693 1528 1742 dicitis,

203 1747 308 1797 quasi
346 1759 421 1783 non
459 1748 626 1797 ego·.1⁰)
688 1747 831 1799 Atquin
866 1750 1108 1788 confirmavit
1139 1750 1176 1789 id
1210 1764 1251 1790 se
1278 1764 1389 1799 esse,
1428 1751 1531 1804 quod

200 1804 256 1841 illi
283 1802 478 1850 dixerant,
518 1803 604 1842 dum
630 1818 760 1843 rursus
786 1807 1041 1858 interrogant.
1103 1807 1211 1847 Unde
1238 1805 1363 1847 autem
1389 1809 1532 1862 proba-

201 1860 259 1899 bis
290 1863 567 1914 interrogative
600 1869 640 1900 et
676 1876 752 1901 non
789 1864 893 1916 ipsos
932 1866 1196 1905 confirmative
1234 1869 1530 1918 pronuntiasse:

203 1931 297 1968 ergo
330 1926 369 1956 tu
401 1919 498 1956 filius
530 1918 590 1957 dei
624 1923 690 1958 es?
726 1929 784 1967 ut,
825 1923 910 1973 quia
951 1923 1104 1975 oblique
1138 1923 1362 1964 ostenderat
1393 1924 1435 1964 se
1461 1937 1532 1978 per

203 1976 412 2026 scripturas
443 1976 558 2014 filium
585 1976 647 2015 dei
673 1979 981 2030 intelligendum,
1020 1982 1074 2020 sic
1108 1983 1324 2021 senserint?
1362 1996 1458 2035 ergo
1483 1983 1531 2023 ‘tn

205 2031 268 2071 dei
300 2045 340 2070 es
373 2033 489 2079 filius,
529 2033 629 2084 quod
662 2042 698 2073 te
730 2050 805 2074 nou
831 2038 887 2075 vis
913 2046 1046 2089 aperte
1074 2038 1226 2089 dicere3
1264 2047 1385 2092 atque
1411 2043 1532 2080 itaet

203 2090 294 2136 ille,
332 2102 399 2127 vos
432 2089 583 2138 dicitis,
623 2093 885 2134 confirmative
918 2097 1135 2148 respondit,
1175 2105 1215 2137 et
1245 2097 1344 2137 adeo
1377 2095 1532 2138 si'cfuit

204 2148 466 2199 pronuntiatio
493 2149 593 2197 eius,
619 2157 660 2188 ut
685 2154 995 2202 perseveraverit
1020 2156 1057 2193 in
1083 2154 1151 2203 eo‘,
1179 2152 1531 2208 quod-'pronuntia-

205 2206 258 2243 tio
285 2205 470 2259 sapiebat.
1164 2218 1167 2222 ¹
1446 2227 1448 2229 ·

306 2260 387 2304 42.
437 2262 667 2303 Perductum
699 2267 798 2305 enim
830 2269 930 2307 illum
965 2269 1012 2309 ad
1045 2270 1207 2310 Pilatum
1239 2285 1410 2313 onerare
1437 2285 1530 2313 coe-

297 2438 333 2477 1)
358 2437 440 2467 Luc.
462 2438 516 2477 22,
537 2438 590 2468 34.
606 2440 702 2469 54-
717 2442 771 2473 62.
866 2441 904 2487 2)
930 2444 973 2476 ib.
998 2455 1029 2478 v.
1049 2448 1093 2478 47
1107 2453 1156 2487 usq.
1251 2447 1374 2490 3)]6.
1400 2448 1454 2488 29,
1474 2448 1529 2480 13.

205 2486 242 2524 4)
267 2486 349 2515 Luc.
376 2485 430 2522 22,
457 2485 509 2515 66.
538 2486 592 2516 67.
687 2488 723 2525 5)
750 2488 829 2520 ibid.
925 2492 962 2531 6)
988 2493 1030 2524 ib.
1049 2503 1079 2525 v.
1107 2496 1160 2525 69.
1259 2495 1296 2532 7)
1309 2495 1397 2525 Dan.
1421 2495 1453 2533 7,
1475 2495 1530 2526 13.

206 2530 244 2574 8)
270 2531 323 2561 Ps.
339 2532 414 2568 110,
432 2533 462 2560 1.
557 2530 593 2573 9)
617 2532 699 2562 Luc.
719 2534 773 2575 22,
796 2537 850 2567 70.
947 2538 1008 2581 10)
1034 2540 1125 2570 Edit.
1146 2540 1248 2571 Fran.
1271 2543 1306 2571 et
1330 2540 1402 2580 Rig.
1428 2540 1530 2579 quia

206 2587 224 2607 e
235 2586 284 2616 go
307 2586 322 2606 s
332 2586 404 2606 um.
452 2575 519 2607 Sed
535 2576 621 2608 haec
643 2580 823 2612 verborum
838 2584 984 2616 mutatio
999 2586 1193 2617 sententiae
1205 2586 1405 2629 Marcionis,
1426 2596 1528 2625 quam

205 2625 312 2654 refert
322 2623 427 2660 Tert.,
455 2630 596 2660 prorsus
613 2626 664 2655 est
679 2629 864 2662 contraria.
