1624 2826
343 202 469 235 ADV.
504 200 870 234 MARCIONEM
904 203 1081 234 LIBER
1108 204 1150 234 V.
1321 202 1427 240 m

101 294 202 335 filios
227 292 318 332 fidei
343 292 467 342 dicat5
500 301 620 332 totum
646 294 722 333 hor.
747 295 830 332 eius
856 302 933 340 est,
973 293 1074 346 apud
1099 307 1210 346 quem
1235 301 1324 335 ante
1351 296 1427 334 iam

102 358 232 389 notum
256 358 317 391 est
340 351 408 390 sub
429 350 574 390 >eadem
603 351 786 390 Abrahae
818 353 1031 399 mentione,
1075 351 1160 390 dum
1193 353 1276 404 ipso
1314 365 1428 398 sensu

101 409 335 447 revincatur.

215 468 257 504 4.
292 463 444 512 Adhuc,
470 466 604 518 inquit,
630 465 837 504 secundum
863 466 1054 504 hominem
1080 465 1183 514 dico,
1210 465 1296 504 dum
1323 479 1429 505 esse-

103 536 185 563 mus
209 524 374 574 parvuli,
406 523 474 561 sub
501 524 702 562 elementis
728 523 854 562 mundi
882 537 1032 562 eramus
1058 524 1192 576 positi,
1219 523 1268 562 ad
1294 523 1428 563 deser-

102 579 279 619 viendum
317 581 389 619 eis.
412 582 449 629 ¹)
509 580 653 632 Atquin
692 595 767 618 non
806 588 864 619 est
902 581 976 619 hoc
1014 581 1228 620 humanitus
1266 581 1428 629 dictum3

103 650 187 676 non.
205 638 306 676 enim
330 638 543 689 exemplum
570 645 647 683 est,
680 637 748 676 sed
774 640 931 678 veritas.
994 638 1085 686 Quis
1111 639 1209 677 enim
1236 639 1428 690 parvulus,

102 695 233 746 utique
258 707 391 741 sensu,
428 694 529 746 quod
555 702 642 733 sunt
667 697 861 742 nationes,
900 710 975 733 non
1008 697 1208 741 elementis
1234 695 1429 734 subiectus

103 758 164 790 est
186 751 334 797 mundi,
362 765 457 803 quae
483 765 554 803 pro
581 751 654 790 deo
681 754 863 803 suspicit?
901 751 996 790 Illud
1022 760 1148 790 autem
1175 753 1288 798 facit,
1328 751 1429 803 quod

104 821 191 849 cum
213 807 422 846 secundum
449 809 638 846 hominem
664 808 836 855 dixisset,
863 816 990 847 tamen
1014 816 1281 854 testamentum
1307 809 1430 847 homi-

102 865 163 904 nis
186 877 299 904 nemo
329 866 476 917 spernit
499 872 565 903 aut
589 865 869 917 superordinat.
932 865 1119 919 Exemplo
1153 867 1251 904 enim
1277 866 1429 904 humani

101 924 324 962 testamenti
356 925 616 974 permanentis
642 923 807 962 divinum
841 923 1030 962 tuebatur.
1062 924 1273 962 «Abrahae
1301 923 1428 962 dietae

103 986 196 1020 sunt
214 981 487 1032 promissiones
513 988 553 1018 et
577 982 711 1019 semini
738 982 836 1028 eius3
866 995 939 1019 non
966 980 1060 1019 dixit
1076 981 1294 1028 seminibus,
1322 983 1429 1033 quasi

103 1037 300 1090 pluribus,
337 1037 406 1076 sed
436 1038 572 1076 semini
609 1045 785 1090 tanquam
822 1040 913 1087 uni,
957 1038 1059 1090 qnod
1098 1039 1271 1077 Christus
1309 1040 1427 1085 est.‘-')

105 1093 323 1135 Erubescat
345 1097 507 1148 spongia
531 1095 759 1134 Marcionis!
810 1095 898 1134 Nisi
931 1095 1031 1148 quod
1059 1109 1108 1135 ex
1132 1095 1339 1134 abundanti
1366 1109 1429 1134 re-

106 1158 248 1199 tracto,
278 1165 375 1204 quae
401 1153 571 1199 abstulit,
598 1166 682 1191 cum
707 1152 868 1191 validius
893 1154 943 1191 sit
974 1154 1076 1191 illum
1103 1166 1152 1192 ex
1183 1154 1240 1191 his
1266 1154 1427 1199 revinci,

107 1221 206 1260 quae
241 1211 422 1252 servavit,
485 1210 578 1247 Cum
613 1217 739 1248 autem
772 1211 900 1248 evenit
936 1210 1083 1261 impleri
1123 1217 1289 1261 tempus,
1328 1210 1429 1247 misit

106 1264 201 1304 deus
226 1265 342 1304 filium
366 1267 544 1314 suum‚³)
583 1267 712 1317 utique
739 1267 770 1304 is
796 1267 859 1317 qui
884 1267 998 1304 etiam
1024 1267 1190 1318 ipsorum
1217 1273 1428 1318 temporum

107 1322 203 1362 deus
228 1330 305 1370 est,
343 1324 477 1374 quibus
508 1323 677 1362 seculum
710 1330 878 1368 constat,
917 1325 978 1375 qui
1010 1324 1119 1374 signa
1150 1327 1299 1375 quoq'ue
1333 1318 1430 1362 tem-

105 1394 240 1433 porum
278 1379 493 1427 ordinavit,
530 1381 633 1419 soles
665 1388 705 1419 et
735 1381 840 1418 lunas
872 1388 911 1418 et
941 1380 1081 1418 sidera·
1101 1388 1139 1419 et
1170 1381 1326 1427 stellas,
1366 1383 1428 1432 qui

105 1437 175 1484 filii
201 1437 364 1489 denique
389 1439 447 1476 sui
472 1438 747 1476 revelationem
780 1438 816 1474 in
843 1438 1123 1476 extremitatem
1152 1444 1363 1490 temporum
1390 1445 1430 1476 et

105 1493 294 1548 disposuit
318 1502 359 1534 et
383 1493 632 1546 praedicavit.
684 1495 724 1533 in
752 1495 964 1532 novissimis
990 1493 1124 1533 diebus
1156 1496 1232 1533 erit
1268 1495 1429 1534 manife-

104 1559 184 1593 stus
220 1566 327 1591 mons
365 1551 571 1599 domium)
610 1559 650 1590 et
680 1553 717 1589 in
743 1553 956 1595 novissimis
981 1551 1115 1590 diebus
1151 1551 1343 1591 effundam
1380 1550 1428 1591 de

103 1611 239 1664 spiritu
264 1623 350 1648 meo
375 1611 413 1648 in
439 1623 586 1648 omnem
614 1623 781 1655 carnem,
808 1609 1014 1648 secundum
1042 1610 1245 1660 [oelem.5)
1308 1609 1429 1663 Ipsius

104 1674 191 1715 erat
213 1668 436 1707 sustinuisse
462 1675 609 1720 tempus
635 1667 803 1719 impleri,
843 1669 949 1705 cuius
975 1674 1058 1705 erat
1083 1668 1197 1705 etiam
1223 1667 1308 1705 finis
1333 1673 1429 1706 tem-

0 1725 9 1746 *
58 1761 62 1765 .
103 1725 227 1777 poriS,
251 1726 352 1764 sicut
367 1726 535 1781 initium.
597 1724 777 1762 Ceterum
802 1723 896 1762 deus
921 1725 985 1763 ille
1013 1725 1158 1762 otiosus
1190 1737 1261 1763 nec
1288 1737 1428 1775 opera-

106 1782 223 1820 tionis
248 1793 331 1819 nec·
346 1781 646 1832 praedicationis
673 1781 783 1818 uilius
815 1788 928 1831 atque
962 1782 1014 1818 ita
1046 1794 1116 1818 nec
1149 1782 1331 1832 temporis
1357 1780 1428 1818 ali-

107 1839 239 1884 euius,
278 1836 367 1888 quid
393 1838 545 1877 omnino
572 1838 670 1886 egit,
710 1835 811 1887 quod
842 1836 1013 1875 efficeret
1038 1844 1185 1888 tempus
1215 1837 1364 1888 impleri
1389 1844 1430 1876 et

106 1896 182 1946 iam
218 1893 449 1946 im'plendum
486 1894 690 1931 sustineri?
738 1891 780 1930 Si
817 1893 928 1939 nihil,
972 1894 1064 1931 satis
1099 1907 1234 1932 vanum
1272 1901 1349 1941 est,
1387 1903 1430 1934 ut

107 1953 298 1992 creatoris
322 1959 496 2003 tempora
522 1951 744 1996 sustinuerit
767 1951 939 1996 serviens
965 1952 1150 1990 creatori.
1204 1950 1274 1990 Cui
1300 1957 1426 1991 autem

106 2011 166 2050 rei
192 2011 294 2049 misit
318 2010 435 2050 filium
461 2011 592 2047 suum?
628 2015 668 2046 ut
693 2021 772 2054 eos,
800 2008 862 2060 qui
887 2008 955 2046 sub
983 2009 1073 2060 iege
1095 2015 1222 2055 erant,
1262 2008 1429 2048 redime-

106 2067 240 2116 re136)
276 2067 352 2109 hoc
390 2074 472 2113 est,
513 2073 552 2104 ut
587 2065 967 2104 efficerettor‘tuosa
1003 2067 1041 2104 in
1076 2067 1175 2110 viam
1210 2074 1359 2106 rectam
1389 2075 1429 2106 et

107 2126 247 2177 aspera
269 2125 414 2163 invias
440 2125 546 2178 lenes
560 2151 570 2169 ,
597 2122 814 2161 secundum*
829 2122 1059 2174 Esaiam‚⁷).
1082 2131 1122 2162 ut
1145 2131 1280 2163 vetera
1303 2131 1428 2164 trans-

107 2182 222 2232 irent·
235 2189 276 2221 et
299 2195 399 2232 nova
424 2179 631 2227 orirentur,
659 2180 843 2219 lexnova
868 2194 918 2220 ex
943 2180 1037 2219 Sion
1063 2189 1103 2220 et
1127 2195 1253 2220 sermo
1286 2181 1428 2221 domini

108 2252 160 2279 ex
184 2236 483 2289 Hierusalem,⁸)
511 2246 551 2277 et
575 2245 616 2276 ut
641 2236 886 2290 adoptionem
913 2239 1075 2278 filiorum
1101 2239 1425 2290 acciperemus‚⁹)

110 2297 239 2352 utique
264 2297 460 2343 nationes,
499 2308 595 2348 quae
628 2295 695 2333 filii
719 2308 796 2334 non
826 2309 989 2334 eramus.
1049 2296 1099 2334 Et
1131 2297 1211 2347 ipse
1239 2296 1338 2333 enim
1364 2295 1431 2333 lux

109 2356 186 2398 etit
222 2355 442 2399 nationum,
481 2360 521 2392 et
557 2354 595 2391 in
627 2353 779 2391 nomine
810 2355 893 2391 eius
924 2354 1100 2391 nationes
1126 2351 1426 2403 sperabunt.¹⁰)

109 2410 244 2465 Itaque
275 2419 316 2453 ut
346 2418 493 2450 eertum
525 2417 646 2457 esset,
684 2424 753 2449 nos
786 2408 885 2448 filios
910 2410 972 2449 dei
998 2423 1103 2456 esse,
1129 2410 1232 2448 misit
1255 2410 1427 2461 spiritum

142 2537 161 2544 q
202 2502 242 2546 1)
266 2504 342 2536 Gal.
355 2505 387 2541 3,
408 2506 458 2535 15.
473 2505 504 2543 4,
521 2505 554 2536 3.
649 2501 688 2544 2)
713 2503 788 2534 Gal.
803 2504 833 2541 3,
848 2504 900 2532 15.
918 2505 973 2533 16.
1069 2503 1105 2541 3)
1130 2501 1205 2533 Gal.
1219 2503 1252 2539 4,
1267 2502 1300 2531 4.
1392 2499 1429 2538 4)

110 2551 175 2582 len.
191 2551 269 2591 2‚2.
364 2550 400 2589 5)
427 2550 497 2580 loe!
523 2550 554 2589 3,
578 2550 610 2582 1.
705 2547 743 2590 e)
768 2548 843 2578 Gal.
863 2551 895 2584 4,
917 2550 949 2578 5.
1044 2549 1082 2587 τ)
1107 2549 1240 2586 1es.4⁰,
1261 2548 1292 2579 4.
1388 2548 1426 2585 8]

111 2597 175 2628 les.
188 2598 220 2636 2,
235 2596 267 2629 3,
360 2594 399 2638 9)
425 2594 499 2626 Gai.
512 2597 545 2635 4,
562 2597 592 2625 5.
686 2594 746 2634 10)
771 2595 835 2625 les.
848 2595 902 2633 42,
917 2595 949 2623 4.
962 2595 993 2628 6.
