1604 2800
610 180 686 212 DE:
713 178 915 212 AN1MA.
1331 184 1433 223 233

102 285 193 312 num
221 271 466 312 satiatissime
503 272 717 315 exhibebit.
789 271 868 312 Sed
899 280 939 312 et
970 271 1094 314 Stoici
1130 273 1242 315 deum
1277 278 1434 328 malunt,

101 328 476 383 providentissimum
499 330 687 370 humanae
712 331 942 370 institutioni
960 332 1063 370 inter
1082 339 1217 373 cetera
1240 336 1437 387 praesidia

102 386 371 427 divinatricum
402 388 539 427 artium
570 396 612 427 et
642 387 946 440 disciplinarum,
986 391 1112 429 omnia
1142 405 1293 444 qnoque
1324 394 1436 434 nobis
1478 412 1484 416 ·

101 443 301 493 indidisse,
328 446 526 498 peculiare
552 446 729 485 solatium
755 446 940 485 naturalis
966 449 1127 487 oraculi.
1182 449 1290 489 Haec
1317 464 1435 504 quan-

101 509 180 542 tum
205 501 255 542 ad
281 502 394 542 fidem
424 504 658 543 somniorum
682 517 706 543 a
731 504 842 543 nobis
873 518 1023 557 quoque
1063 507 1363 559 consignandam
1394 517 1436 549 et

101 560 233 600 taliter
273 560 613 614 interpretandam.
691 561 791 601 Nam
829 561 876 600 de
916 563 1083 601 oraculis
1119 566 1235 604 etiam
1277 568 1433 615 ceteris,

100 616 202 670 apud
227 631 325 671 quae
350 631 463 658 nemo
491 618 684 667 dormitat,
712 618 801 672 quid
826 619 929 658 aliud
954 622 1296 672 pronuntiabimus,
1323 637 1434 676 quam

100 673 391 716 daemoniacam
417 690 503 716 esse
528 678 718 716 rationem
744 689 877 716 eorum
903 679 1121 730 spirituum,
1155 681 1219 732 qui
1242 682 1317 729 iam
1342 688 1433 720 tunc

98 733 140 772 in
158 734 251 786 ipsis
270 733 487 773 hominibus
506 734 779 781 habitaverint,
807 735 867 773 vel
891 738 1096 774 memorias
1121 750 1254 776 eorum
1272 738 1434 778 affecta-

98 791 228 830 verint
245 790 296 830 ad
314 804 464 830 omnem
489 791 658 829 malitiae
684 804 776 829 suae
802 804 971 839 scenam,
998 793 1038 830 in
1056 794 1132 831 ista
1151 807 1274 846 aeque
1299 796 1433 846 specie

98 846 339 887 divinitatem
363 849 608 894 mentientes,
634 847 848 899 eademque
874 847 1061 887 industria
1085 851 1201 889 etiam
1227 864 1297 902 per
1314 852 1435 891 bene-

98 904 190 945 ficia
218 905 400 945 fallentes
430 904 707 944 medicinarum
733 911 774 943 et
797 903 1098 946 admonitionum
1123 915 1164 947 et
1186 911 1434 961 praenuntia-

96 963 257 1012 tionum,
289 975 387 1016 quae
411 963 535 1014 magis
558 962 716 1002 laedant
741 961 919 1009 iuvando,
952 962 1039 1002 dum
1063 978 1135 1016 per
1159 979 1220 1013 ea,
1253 979 1350 1018 quae
1374 968 1433 1006 iu-

95 1027 217 1068 vant,
239 1020 289 1060 ab
321 1021 567 1073 inquisitione
592 1033 709 1059 verae
735 1019 945 1059 divinitatis
970 1020 1166 1060 abducunt
1190 1035 1240 1061 ex
1264 1024 1432 1063 insinua-

96 1078 206 1117 tione
230 1077 379 1116 falsae?
417 1077 472 1116 Et
494 1078 625 1129 utique
650 1091 727 1116 non
754 1078 883 1116 clausa
907 1078 965 1115 vis
990 1085 1049 1116 est
1073 1092 1147 1117 nec
1172 1082 1431 1119 sacrariorum

99 1134 431 1177 circumscribitur
471 1135 664 1181 terminis3
708 1147 807 1184 vaga
850 1141 891 1172 et
924 1136 1166 1185 pervolatica
1201 1143 1242 1175 et
1277 1138 1431 1175 interim

96 1192 223 1231 libera
253 1198 332 1240 est3
364 1205 438 1244 quo
470 1205 583 1231 nemo
617 1189 849 1229 dubitaverit
878 1189 1012 1230 domus
1043 1205 1193 1244 quoque
1219 1192 1431 1233 daemoniis

96 1256 247 1303 patere,
274 1262 346 1288 nec
374 1255 518 1288 tantum
542 1249 582 1287 in
607 1247 746 1302 adytis,
773 1246 843 1287 sed
867 1248 907 1286 in
932 1248 1119 1288 cubiculis
1144 1249 1318 1290 homines
1337 1252 1431 1290 ima-

99 1306 255 1358 ginibus
281 1307 575 1346 circumvenire.

212 1367 283 1406 47.
320 1363 531 1404 Definimus
544 1364 645 1403 enim
659 1377 682 1402 a
696 1362 908 1402 daemoniis
922 1364 1122 1416 plurimum
1135 1366 1256 1404 incuti
1269 1367 1430 1413 somnia,

97 1423 172 1462 etsi
191 1420 382 1461 interdum
400 1435 494 1461 vera
514 1429 555 1460 et
574 1422 760 1472 gratiosa,
786 1420 856 1460 sed
882 1419 930 1460 de
956 1435 1030 1473 qua
1050 1421 1236 1464 industria
1254 1422 1430 1469 diximus,

96 1479 320 1520 affectantia
338 1486 454 1532 atque
475 1479 682 1530 captantia,
710 1484 851 1530 quanto
870 1479 992 1530 magis
1010 1491 1108 1517 vana
1127 1486 1167 1518 et
1185 1478 1433 1518 frustratoria

96 1543 140 1577 et
163 1536 316 1576 turbida
340 1544 382 1576 et
404 1535 619 1576 ludibriosa
638 1542 679 1575 et
696 1534 901 1574 immunda.
952 1534 1039 1575 Nec
1064 1537 1212 1584 mirum,
1238 1539 1270 1576 si
1296 1550 1431 1576 eorum

97 1601 185 1634 suut
208 1595 410 1647 imagines,
438 1599 597 1647 quorum
623 1601 664 1633 et
687 1606 765 1632 res.
824 1592 862 1632 A
886 1591 961 1632 deo
987 1601 1127 1640 autem,
1153 1595 1329 1646 pollicito
1355 1595 1432 1633 sci-

95 1651 192 1692 licet
215 1659 256 1691 et
279 1653 443 1704 gratiam
474 1653 631 1703 spiritus
661 1651 787 1689 sancti
811 1651 850 1688 in
876 1663 1026 1694 omnem
1058 1663 1233 1697 carnem,
1267 1657 1308 1689 et
1331 1652 1432 1689 sicut

95 1709 417 1762 prophetaturos,
454 1709 510 1746 ita
546 1715 588 1746 et
616 1708 871 1745 somniaturos
907 1719 1041 1744 servos
1078 1719 1167 1745 suos
1199 1713 1239 1745 et
1270 1707 1430 1746 ancillas

97 1767 251 1813 suas,¹)
283 1777 332 1804 ea
356 1763 658 1816 deputabuntur,
691 1775 787 1814 quae
819 1763 892 1813 ipsi
917 1763 1067 1812 gratiae
1094 1763 1429 1814 comparabuntur,

98 1823 131 1862 si
150 1834 225 1874 qua
242 1821 419 1867 honesta,
440 1827 587 1866 sancta,
607 1819 851 1870 prophetica,
871 1819 1118 1866 revelatoria,
1145 1818 1428 1866 aedificatoria,

97 1879 311 1926 vocatoria,
338 1891 497 1929 quorum
517 1876 731 1915 liberalitas
751 1875 877 1914 soleat
896 1882 936 1914 et
954 1876 992 1914 in
1011 1877 1196 1928 profanos
1217 1875 1429 1923 destillare,

98 1936 242 1976 imbres
278 1936 393 1975 etiam
426 1941 466 1973 et
496 1934 599 1972 soles
635 1946 725 1971 suos
761 1940 1022 1984 peraequante
1055 1932 1129 1971 deo
1160 1934 1270 1972 iustis
1301 1940 1342 1972 et
1371 1935 1431 1972 in-

99 1994 223 2040 iustis,
236 1993 276 2042 ²)
307 1990 494 2044 siquidem
524 1997 565 2030 et
593 1988 1006 2038 Nabuchodonosor³)
1040 1989 1220 2030 divinitus
1251 1992 1429 2038 somniat,

99 2058 142 2091 et
165 2051 289 2090 maior
323 2062 448 2103 paene
478 2049 537 2086 vis
567 2047 760 2086 hominum
791 2060 842 2086 ex
870 2047 1080 2086 visionibus
1117 2047 1230 2087 deum
1262 2047 1429 2087 discunt.

100 2107 212 2148 Sicut
234 2120 331 2159 ergo
358 2106 530 2158 dignatio
558 2103 621 2144 dei
646 2111 686 2144 et
709 2105 748 2143 in
773 2104 970 2152 ethnicos,
1002 2106 1056 2144 ita
1080 2113 1120 2144 et
1144 2107 1307 2145 tentatio
1340 2106 1431 2144 mali

99 2167 139 2204 in
163 2171 340 2212 sanctos,
371 2178 395 2203 a
420 2163 554 2216 quibus
578 2175 651 2201 nec
676 2160 844 2201 interdiu
869 2162 1038 2211 absistit,
1071 2170 1113 2210 ut
1142 2163 1203 2202 vel
1235 2162 1431 2201 dormien-

101 2222 202 2262 tibus
226 2221 402 2274 obrepat,
430 2233 503 2272 qua
527 2226 668 2272 potest,
695 2220 728 2258 si
751 2219 999 2270 vigilantibus
1023 2233 1099 2258 non
1120 2226 1259 2271 potest.
1296 2219 1430 2257 Tertia

100 2280 253 2333 speeies
282 2285 396 2318 erunt
424 2278 590 2324 somnia,
623 2289 721 2329 quae
751 2276 904 2315 sibimet
933 2278 1016 2329 ipsa
1046 2278 1172 2315 anima
1195 2274 1348 2314 videtur
1371 2276 1430 2313 in-

102 2337 247 2377 ducere
272 2349 323 2375 ex
346 2336 558 2374 intentione
585 2334 969 2378 circumstantiarum.
1007 2333 1129 2372 Porro
1156 2333 1332 2385 quoniam
1351 2345 1430 2370 non

102 2401 162 2434 est
192 2407 242 2433 ex
271 2394 432 2433 arbitrio
463 2393 675 2438 somniare,
709 2394 818 2440 (nam
849 2397 890 2429 et
911 2390 1164 2443 Epicharmus
1193 2390 1249 2429 ita
1279 2390 1427 2437 sentin)

104 2450 294 2506 quomodo
320 2452 404 2504 ipsa
428 2450 504 2490 erit
527 2449 600 2488 sibi
626 2461 762 2488 caussa
786 2448 947 2487 alicuius
971 2448 1153 2486 visionis?
1205 2446 1306 2486 Num
1331 2459 1429 2497 ergo

198 2576 234 2621 1)
249 2578 331 2611 Ioel.
346 2579 377 2620 3,
390 2579 422 2611 1.
516 2575 552 2617 2)
567 2574 689 2607 Matth.
705 2576 736 2616 5,
749 2575 792 2604 45
899 2572 932 2613 3)
947 2574 1032 2605 Dan.
1046 2575 1078 2614 2,
1095 2574 1112 2604 1
1128 2582 1198 2613 sqq.
