1604 2800
335 183 406 214 DE
434 182 947 216 RESURRECTIONE
979 184 1207 216 CARNIS.
1339 185 1440 222 142

103 273 174 316 sed
205 275 475 315 moralitatem.
549 275 729 316 Ceterum
757 277 789 314 si
815 289 891 314 non
916 277 969 315 ita
1001 277 1232 329 accipimus,
1270 291 1348 317 non
1379 286 1441 318 est

104 333 363 386 corporalitas
387 340 522 373 nostra
547 334 713 381 confixa,
740 347 812 372 nec
840 347 995 374 crucem
1017 333 1160 374 Christi
1187 348 1280 374 caro
1305 342 1440 375 nostra

101 404 290 444 perpessa
302 398 381 439 est3
407 389 477 431 sed
491 390 807 444 quemadmodum
822 391 980 439 adiecit,
1002 393 1057 430 uti
1072 400 1283 432 evacuetur
1297 406 1438 446 corpus

103 447 390 501 delinquentiae
422 462 494 501 per
524 448 832 489 emendationem
868 450 991 497 vitae,
1030 463 1106 488 non
1142 463 1213 503 per
1242 452 1439 491 interitum

99 506 353 555 substantiae,
380 507 480 546 sicut
504 508 577 554 ait,
611 508 665 546 uti
690 507 875 546 hactenus
902 506 1188 560 delinquentiae
1213 509 1437 548 serviamus.

99 562 154 604 Et
183 571 226 603 ut
255 565 329 604 hac
360 565 512 604 ratione
545 566 773 604 commortui
810 566 849 603 in
882 565 1037 604 Christo
1076 565 1297 614 credamus,
1337 565 1439 619 quod

99 623 218 662 ctiam
252 623 497 662 convivamus
527 622 598 661 illi.
665 621 731 662 Sic
764 623 884 669 enim,
923 624 1063 675 inquit,
1097 631 1138 662 et
1166 637 1235 662 vos
1261 632 1438 677 reputate

102 687 276 719 mortuos
307 679 460 733 quidem
492 693 574 719 vos.
599 681 635 729 ¹)
698 680 883 718 Cuinam?
910 682 1043 720 carni?
1076 680 1186 728 Non,
1219 681 1288 720 sed
1315 681 1438 721 deliu-

102 739 297 790 queutiae.
357 737 465 789 Ergo
491 738 587 776 salvi
617 745 732 776 erunt
763 739 890 783 carni,
927 739 1108 776 viventes
1132 745 1260 777 autem
1291 737 1366 778 deo
1400 740 1439 777 in

101 794 258 834 Christo
282 794 372 833 Iesu
397 808 468 846 per
494 807 649 833 carnem
674 795 820 846 utique,
848 795 910 833 cui
936 796 1074 832 mortui
1102 809 1178 833 non
1205 802 1337 842 erunt,
1370 795 1439 835 de-

101 852 339 904 linquentiae
365 852 518 890 scilicet
542 853 701 898 mortui,
735 865 812 890 non
844 853 967 890 carni.
1038 851 1136 890 Nam
1164 859 1204 891 et
1228 852 1355 892 adhuc
1381 855 1439 892 in-

102 910 225 962 gerit:
256 921 305 948 ne
332 922 430 961 ergo
456 909 681 960 regnaverit
705 909 744 947 in
771 922 939 961 corpore
963 916 1095 949 vestro
1128 910 1288 949 mortali·
1313 910 1438 950 delin-

101 967 258 1020 quentia
293 966 343 1006 ad
386 965 668 1006 obaudiendum
711 967 767 1005 illi
804 974 845 1005 et
880 965 929 1005 ad
967 965 1224 1006 exhibendum
1268 969 1435 1007 membra

95 1032 228 1064 vestra
258 1037 365 1064 arma
389 1025 601 1064 iniustitiae
632 1022 940 1075 delinquentiae3
973 1023 1042 1062 sed
1074 1024 1256 1063 exhibete
1288 1033 1439 1064 vosmet

94 1084 203 1134 ‚ipsos
228 1081 303 1121 deo
329 1083 438 1122 velut
462 1095 512 1121 ex
539 1082 700 1120 mortuis
718 1081 845 1127 vivos,
877 1094 954 1118 non
974 1081 1080 1120 velut
1096 1082 1218 1128 vivos,
1244 1081 1313 1120 sed
1333 1082 1438 1120 velut

97 1151 150 1178 ex
172 1140 337 1178 mortuis
358 1140 485 1185 vivos,
518 1145 559 1176 et
589 1138 760 1176 membra
791 1144 919 1175 vestra
951 1151 1057 1176 arma
1090 1138 1272 1176 iustitiae.
1287 1139 1326 1187 ²)
1387 1138 1439 1177 Et

97 1209 250 1236 rursus:
283 1197 385 1234 sicut
409 1194 637 1234 exhibuistis
661 1194 832 1234 membra
856 1201 987 1233 vestra
1009 1195 1149 1234 famula
1175 1193 1436 1235 immunditiae

98 1260 140 1293 et
163 1253 375 1306 iniquitatis
400 1251 449 1291 ad
475 1252 734 1304 iniquitatem,
766 1252 820 1290 ita
850 1259 892 1291 ct
920 1265 1020 1291 nunc
1052 1252 1234 1292 exhibete
1266 1253 1438 1292 membra

97 1318 229 1351 vestra
263 1311 434 1350 iustitiae
471 1311 510 1349 in
547 1309 800 1357 sacrificium,
821 1310 860 1359 ³)
906 1320 990 1348 cum
1028 1311 1130 1348 enim
1166 1311 1268 1349 servi
1300 1312 1438 1350 essetis

98 1367 408 1421 delinquentiae,
441 1367 555 1406 liberi
587 1368 707 1406 eratis
737 1367 920 1405 iustitiae.
995 1366 1115 1415 Quem
1147 1380 1244 1418 ergo
1270 1368 1437 1406 fructum

97 1425 302 1466 habebatis
337 1438 454 1477 super
489 1425 568 1471 his,
606 1423 655 1463 de
693 1424 830 1476 quibus
866 1436 968 1462 nunc
1006 1423 1310 1463 confundimini?
1351 1425 1438 1463 finis

97 1485 250 1535 ergo4)
274 1483 426 1535 illorum
448 1495 564 1521 mors.
608 1481 721 1520 Nunc
746 1494 843 1520 vero
868 1481 982 1520 liberi
1002 1481 1098 1520 facti
1117 1495 1139 1520 a
1159 1480 1436 1534 delinquentia,

43 1556 45 1561 ’
95 1540 272 1582 famulati
283 1547 410 1579 autem
433 1539 522 1587 deo,
549 1539 700 1579 hahetis
718 1540 883 1578 fructum
896 1546 1063 1578 vestrum
1078 1539 1116 1578 in
1130 1539 1378 1587 sacrificium,
1397 1541 1436 1590 ⁵)

98 1598 212 1638 finem
236 1605 364 1637 autem
389 1598 506 1637 vitam
530 1604 746 1637 aeternam.
795 1595 998 1649 Stipendia
1022 1598 1122 1635 enim
1149 1596 1437 1648 delinquentiae

98 1668 222 1703 mors,
260 1654 480 1694 donativum
517 1661 645 1693 antem
683 1653 748 1692 dei
783 1654 863 1691 vita
899 1660 1060 1692 aeterna
1090 1654 1129 1691 in
1161 1653 1316 1692 Christo
1349 1653 1437 1693 Iesu

97 1711 256 1752 domino
286 1719 436 1751 nostro.
455 1711 494 1759 ὅ)
563 1710 621 1749 lta
646 1723 718 1762 per
742 1716 861 1748 totam
886 1710 987 1748 hane
1018 1722 1195 1748 sensuum
1221 1712 1362 1749 seriem
1388 1710 1435 1749 al)

99 1770 285 1809 iniustitia
305 1775 346 1807 et
363 1767 627 1819 delinquentia
647 1766 817 1804 membra
842 1773 975 1805 nostra
1000 1765 1187 1805 divellens
1206 1774 1247 1806 et
1266 1768 1435 1807 iustitiae

98 1833 141 1866 et
165 1826 444 1864 sanctimoniae
470 1823 686 1874 adiungens
710 1830 750 1861 et
775 1823 1013 1862 transferens
1039 1823 1175 1862 eadem
1201 1837 1225 1862 a
1242 1823 1435 1877 stipendio

98 1883 235 1923 mortis
259 1881 310 1922 ad
335 1881 555 1921 donativum
579 1881 683 1919 vitae
714 1887 919 1927 aeternae,
952 1881 1060 1920 carni
1090 1882 1221 1933 utique
1254 1894 1436 1934 compen—

99 1942 287 1981 sationem
314 1940 447 1979 salutis
473 1938 719 1991 repromittit,
746 1938 809 1976 cui
834 1938 972 1977 nullam
1000 1939 1154 1978 omnino
1187 1941 1437 1991 competisset

99 1999 284 2052 inperari
314 1998 511 2051 propriam
542 1996 820 2035 sanctimoniae
846 2003 887 2034 et
910 1996 1078 2035 iustitiae
1109 1995 1371 2049 disciplinam,
1403 1997 1436 2036 si

99 2069 180 2095 non
207 2056 327 2108 ipsius
358 2062 464 2094 esset
493 2061 534 2092 et
564 2054 772 2105 praemium
810 2052 1057 2108 disciplinae,
1096 2053 1165 2093 sed
1201 2066 1275 2093 nec
1313 2055 1435 2107 ipsum

99 2113 291 2164 baptisma
315 2112 523 2159 committi,
556 2112 588 2149 si
619 2123 691 2162 per
714 2109 1052 2162 regenerationem
1077 2125 1155 2150 non
1180 2113 1295 2150 etiam
1320 2113 1435 2151 resti-

98 2171 241 2209 tutioni
272 2170 587 2220 inauguraretur,
624 2168 700 2206 hoc
733 2181 883 2220 quoque
913 2169 1092 2221 apostolo
1123 2170 1346 2220 ingerente:
1385 2182 1434 2207 au

101 2227 304 2279 ignoratis,
331 2226 434 2278 quod
460 2227 676 2278 quicunque
696 2226 734 2264 in
755 2225 878 2265 Iesum
905 2227 1014 2266 tincti
1040 2240 1180 2272 sumu5‚
1207 2227 1246 2264 in
1272 2232 1433 2264 mortem

102 2286 187 2324 eius
211 2284 323 2323 tincti
347 2286 498 2323 sumus?
529 2282 745 2335 consepulti
776 2295 872 2334 ergo
903 2283 960 2323 illi
990 2292 1116 2323 sumus
1146 2295 1217 2334 per
1246 2282 1434 2334 baptisma

102 2343 142 2382 in
167 2349 345 2389 mortem,
377 2342 446 2389 uti,
480 2339 795 2393 quemadmodum
819 2342 988 2380 surrexit
1013 2341 1186 2379 Christus
1211 2353 1235 2378 a
1258 2340 1432 2386 mortuis,

196 2491 231 2532 1)
253 2493 350 2523 Rom·
364 2494 395 2530 6,
410 2493 440 2522 2.
455 2492 486 2523 ⁶1.
503 2492 556 2522 11.
650 2488 688 2532 2)
714 2491 811 2522 Rom.
824 2492 856 2531 6,
870 2491 914 2521 12
928 2500 976 2529 nq.
1066 2488 1104 2531 3)
1130 2489 1188 2521 Sic
1200 2488 1308 2521 Rheni
1321 2489 1375 2521 cd.
1389 2491 1432 2528 1.;

103 2539 186 2569 cett.
209 2538 521 2570 sanctificium.
626 2538 664 2577 4)
690 2536 874 2569 Ed.1··ran.
894 2539 927 2568 et
947 2536 1021 2577 Rig.
1047 2534 1151 2566 finis
1176 2537 1294 2568 enim.
1395 2537 1432 2576 5)

36 2580 39 2581 ⁷
102 2583 409 2625 stenhen.ed.1.;
437 2587 517 2615 cett.
544 2583 854 2615 sanctificium.
949 2583 986 2621 6)
1011 2582 1107 2613 Rom.
1121 2583 1154 2622 6,
1170 2583 1329 2616 19-23,

1066 2626 1142 2668 10⁸
