1604 2800
159 185 231 221 go
522 182 596 212 DE
634 181 830 212 CARNE
866 162 1131 212 cnmsrns

276 280 343 317 14.
394 273 473 314 Sed
499 273 695 326 angelum,
724 274 848 321 aiunt,
875 274 1043 325 gestavit
1068 273 1257 312 Christus.
1321 273 1402 323 Qua
1429 283 1492 315 ra-

159 335 290 374 tione?
315 346 388 386 qua
413 340 454 371 et
478 332 683 371 hominem.
734 330 880 370 Eadem
907 344 1003 383 ergo
1031 339 1091 370 est
1115 338 1156 370 et
1181 344 1330 380 caussa,
1355 339 1398 371 ut
1421 333 1491 373 ho-

157 394 294 431 minem
321 397 495 443 gestaret
521 389 713 437 Christus;
741 390 843 428 salus
869 389 1033 429 hominis
1058 390 1132 428 fuit
1157 403 1312 438 caussa,
1339 390 1492 431 scilicet

157 449 205 489 ad
231 448 510 488 restituendum
537 446 639 500 quod
665 448 848 499 perierat.
910 446 1033 486 Homo
1065 448 1257 500 perierat,
1296 448 1488 488 hominem

155 508 307 547 restitui
341 512 584 559 oportuerat.
649 503 699 543 Ut
735 506 913 557 angelum
951 513 1126 557 gestaret
1163 506 1357 554 Christus,
1396 506 1491 546 nihil

154 566 231 604 tale
259 564 306 604 de
334 578 469 604 caussa
494 570 565 602 est.
627 562 726 601 Nam
758 565 831 603 etsi
858 564 1006 615 angelis
1031 562 1200 617 perditio
1227 570 1429 616 reputatur
1452 565 1492 603 in

154 626 282 675 ignem
309 628 580 675 praeparatum
606 619 764 660 diabolo
791 628 831 660 et
855 623 1005 673 angelis
1032 622 1126 669 eius,
1149 623 1184 670 ¹)
1213 634 1403 674 nunquam
1428 629 1491 661 ta-

154 694 240 720 men
272 681 347 720 illis
378 680 572 719 restitutio
610 681 845 731 repromissa
883 687 954 718 est.
1016 679 1171 718 Nullum
1197 678 1414 719 mandatum
1442 679 1491 720 de

154 740 277 777 salute
315 738 540 789 angelorum
574 737 743 788 suscepit
777 737 952 775 Christus
985 751 1007 776 a
1038 745 1160 790 patre.
1232 737 1341 786 Quod
1379 745 1492 791 pater

154 808 279 847 neque
317 795 558 846 repromisit,
597 797 721 845 neque
759 793 972 841 mandavit,
1012 794 1187 834 Christus
1219 794 1490 836 administrare

154 866 230 891 non
256 853 393 904 potuit.
457 851 527 890 Cui
554 851 671 902 igitur
702 851 760 889 rei
793 852 968 902 angelum
1004 865 1154 904 quoque
1193 854 1378 904 gestavit,
1417 854 1489 892 nisi

154 918 196 949 ut
221 910 425 948 satellitem
452 910 612 956 fortem,
645 921 731 947 eum
757 922 830 961 quo
858 909 1017 948 salutem
1045 910 1208 948 hominis
1234 913 1491 963 operaretur?

155 966 321 1007 Idoneus
347 968 447 1021 enim
474 980 549 1005 non
577 973 662 1005 erat
687 965 750 1005 dei
777 966 887 1014 filius,
916 968 978 1019 qui
1005 968 1108 1007 solus
1132 968 1326 1007 hominem
1346 968 1487 1008 libera-

154 1033 233 1072 ret,
266 1039 288 1064 a
313 1025 397 1064 solo
424 1031 465 1064 et
489 1024 674 1074 singulari
700 1031 881 1075 serpente
908 1024 1114 1063 deiectum.
1176 1025 1283 1076 Ergo
1310 1027 1384 1064 iam
1410 1039 1488 1066 non

152 1096 248 1121 uuus
280 1082 392 1130 deus,
432 1094 504 1120 nec
537 1094 632 1119 unus
665 1081 938 1129 salutificator,
977 1083 1007 1120 si
1041 1081 1116 1120 duo
1142 1083 1276 1122 salutis
1301 1083 1486 1132 artifices,

152 1148 192 1178 et
217 1141 346 1191 utique
374 1140 473 1178 alter
503 1139 629 1177 altero
662 1137 853 1190 indigens.
914 1138 976 1178 An
1007 1153 1102 1179 vero
1134 1147 1176 1179 ut
1205 1154 1278 1193 per
1307 1142 1486 1194 angelum

151 1198 338 1236 liberaret
363 1197 580 1236 hominem?
640 1195 719 1234 Cur
744 1210 840 1248 ergo
867 1196 1071 1237 deseendit
1101 1197 1240 1247 adid,
1281 1198 1382 1252 quod
1413 1213 1486 1253 per

150 1255 326 1307 angelum
354 1262 441 1294 erat
466 1253 742 1307 expediturus?
766 1256 798 1293 si
824 1268 895 1307 per
919 1256 1110 1308 angelum,
1138 1256 1228 1309 quid
1253 1264 1294 1296 et
1317 1258 1428 1310 ipse?
1450 1259 1483 1298 si

149 1326 221 1365 per
245 1326 300 1360 se,
329 1312 417 1366 quid
444 1319 484 1351 et
508 1312 693 1364 angelus?
752 1311 887 1352 Dictus
913 1321 973 1353 est
999 1313 1149 1367 quidem
1176 1316 1304 1367 magni
1330 1316 1483 1356 consilii

150 1372 329 1422 angelus,
369 1370 407 1409 id
433 1378 493 1410 est
517 1371 687 1417 nuntius,
715 1369 848 1417 officii,
875 1385 952 1410 non
979 1380 1140 1412 naturae
1165 1373 1378 1423 vocabu103
1402 1387 1484 1414 ma-

150 1441 264 1479 gnum
291 1429 391 1467 enim
418 1429 628 1480 cogitatum
653 1428 793 1480 patriS,
820 1441 936 1480 super
960 1429 1124 1469 hominis
1149 1431 1303 1471 scilicet
1326 1433 1483 1472 restitu-

149 1487 276 1533 tione,
311 1485 604 1525 adnuntiaturus
629 1485 761 1525 seculo
788 1492 886 1524 erat.
947 1486 1038 1525 Non
1062 1486 1152 1526 ideo
1179 1495 1306 1528 tamen
1332 1491 1389 1529 sic
1413 1502 1483 1529 an-

149 1544 258 1595 gelus
297 1543 590 1595 intelligendus,
628 1550 670 1583 ut
700 1543 817 1595 aliqui
851 1541 1008 1583 Gabriel
1041 1552 1107 1583 aut
1135 1544 1319 1584 Michael.
1381 1547 1480 1586 Nam

149 1608 189 1639 et
213 1601 311 1640 filius
337 1615 359 1640 a
386 1600 539 1640 domino
566 1602 704 1641 vineae
730 1601 893 1640 mittitur
916 1600 966 1640 ad
993 1602 1181 1650 cultores,
1220 1604 1321 1642 sicut
1351 1610 1392 1643 ct
1421 1605 1480 1644 fa·
1519 1642 1524 1644 a

147 1660 257 1706 muli,
291 1658 338 1698 de
364 1659 552 1698 fructibus
578 1660 757 1712 petitum3
795 1658 863 1698 sed
890 1673 965 1697 non
992 1667 1202 1712 propterea
1227 1673 1323 1699 unus
1348 1674 1398 1700 ex
1421 1661 1480 1701 fa-

146 1717 255 1755 mulis
293 1716 540 1769 deputabitur
576 1718 693 1764 filius,
734 1717 822 1768 quia
852 1717 1080 1756 famulorum
1113 1718 1303 1757 successit
1333 1718 1476 1759 officio.

146 1773 311 1813 Facilius
336 1788 432 1827 ergo
460 1774 604 1823 dicam,
631 1775 662 1813 si
688 1775 811 1822 forte,
838 1776 959 1827 ipsum
987 1775 1102 1814 filium
1129 1776 1328 1828 angelum,
1353 1775 1393 1816 id
1419 1784 1481 1817 est

143 1834 313 1871 nuntium
338 1834 472 1885 patris,
501 1847 611 1886 quam
637 1832 814 1885 angelum
841 1833 879 1871 in
912 1833 1006 1872 filio.
1069 1831 1149 1872 Sed
1188 1847 1272 1873 cum
1310 1833 1359 1874 de
1396 1834 1478 1875 filio

144 1890 228 1941 ipso
254 1892 302 1929 sit
326 1893 630 1943 pronuntiatum:
669 1891 836 1929 minuisti
868 1903 954 1930 eum
986 1890 1141 1931 modico
1168 1891 1259 1944 quid
1284 1893 1383 1932 eitra
1408 1905 1478 1932 an·

145 1947 317 1997 gelos,2)
345 1948 536 2000 quomodo
561 1947 757 1989 videbitur
780 1949 958 2000 angelum
983 1947 1173 1997 induisse,
1199 1949 1256 1989 sie
1281 1950 1383 1989 infra
1407 1963 1477 1989 an-

144 2004 253 2053 gelos
279 2003 505 2055 deminutus,
533 2005 619 2046 dum
646 2007 760 2046 homo
788 2006 842 2053 fit,
870 2020 942 2059 qua
970 2020 1062 2046 caro
1089 2014 1130 2046 et
1154 2007 1279 2046 anima
1310 2015 1351 2046 et
1374 2007 1475 2048 filius

143 2060 331 2101 hominis?
391 2064 487 2112 Quia
529 2072 654 2104 autem
693 2065 849 2116 spiritus
887 2063 951 2103 dei
987 2071 1039 2110 et
1063 2065 1183 2111 virtus
1220 2065 1473 2116 altissimi‚³)

142 2131 219 2156 non
243 2127 372 2171 potest
397 2123 495 2161 iufra
522 2123 693 2175 angelos?
715 2121 869 2169 haberi,
909 2121 1002 2162 deus
1027 2123 1181 2162 scilicet
1205 2129 1245 2162 et
1270 2121 1334 2162 dei
1359 2122 1471 2163 filius.
1520 2135 1523 2138 ·

143 2174 293 2223 Quanto
325 2191 440 2230 ergo,
486 2180 572 2220 dum
603 2180 796 2219 hominem
829 2187 977 2231 gestat,
1016 2182 1142 2219 minor
1172 2180 1322 2233 angelis
1346 2181 1473 2220 factus

141 2239 217 2281 est,
249 2240 355 2274 tanto
382 2250 476 2286 non,
517 2237 604 2277 dum
635 2237 813 2289 angelum
840 2245 980 2288 gestat.
1042 2237 1193 2277 Poterit
1216 2238 1314 2278 haee
1340 2239 1472 2291 opinio

141 2288 279 2330 Ebioni
318 2297 546 2345 convenire,
585 2296 647 2348 qui
684 2293 824 2333 nudum
854 2296 1045 2335 hominem
1078 2303 1118 2335 et
1148 2302 1293 2335 tantum
1324 2308 1374 2335 ex
1410 2309 1472 2336 se-

141 2348 239 2386 mine
253 2349 388 2399 David,
415 2352 454 2391 id
479 2361 551 2402 est,
578 2366 655 2392 non
681 2360 721 2391 et
746 2351 809 2391 dei
835 2353 951 2392 filium
978 2354 1178 2393 constituit
1191 2353 1328 2402 Iesum,
1356 2354 1471 2406 plane

141 2405 337 2455 prophetis
363 2409 489 2461 aliquo
517 2411 809 2462 gloriosiorem,
842 2418 883 2449 ut
907 2412 961 2450 ita
986 2412 1024 2449 in
1055 2412 1122 2450 illo
1148 2412 1327 2463 angelum
1351 2411 1469 2450 fuisse

143 2458 311 2510 dicatur,
356 2466 669 2516 quemadmodum
708 2469 746 2507 in
785 2469 913 2521 aliquo
950 2468 1159 2516 Zacharia,
1197 2469 1270 2508 nisi
1307 2466 1408 2521 quod
1446 2480 1468 2507 a

235 2584 271 2630 1)
298 2589 418 2623 Matth.
434 2593 486 2633 25,
501 2594 555 2624 41.
651 2595 688 2636 2)
713 2595 767 2626 Ps.
783 2596 814 2636 8,
835 2597 866 2627 6.
963 2597 999 2635 3)
1025 2597 1108 2628 Luc.
1123 2596 1154 2637 1,
1169 2596 1223 2626 35.
