1604 2800
592 157 1024 191 Anv.1UDAEOs.
1376 164 1475 202 323

145 263 220 290 nee
235 249 425 303 templum,
439 249 504 288 ubi
518 257 605 288 erat
618 263 751 297 cornu,
761 250 809 289 de
824 265 898 303 quo
912 265 1027 303 reges
1041 252 1294 304 ungebantur.
1322 254 1365 295 Si
1379 270 1475 309 ergo

145 321 223 347 non
242 315 303 348 est
321 308 466 355 unctio,
491 306 592 346 unde
613 315 777 358 ungetur
790 307 878 356 dux,
901 310 962 361 qui
983 317 1164 349 nascetur
1175 312 1211 349 in
1225 311 1478 354 Bethlehem?

143 372 212 405 aut
231 364 427 418 ‘quomodo
452 363 643 418 procedet
663 365 710 404 de
725 365 964 413 Bethlehem,
992 381 1076 406 cum
1098 367 1145 407 de
1166 371 1340 420 germine
1354 371 1476 411 Israel

143 423 269 462 nullus
288 424 443 461 omnino
463 424 512 461 sit
530 423 569 461 in
583 423 834 464 Bethlehem?
871 423 1014 463 lterato
1041 424 1206 477 denique
1227 428 1473 477 ostendimus,

142 488 185 520 et
212 481 364 519 venisse
395 481 469 518 iam
501 480 692 519 Christum
728 480 935 520 secundum
972 483 1198 534 prophetas,
1238 492 1278 523 et
1310 499 1472 537 passum,

142 545 184 577 et
202 539 241 576 in
261 538 381 577 coelis
401 539 474 576 iam
494 545 705 590 receptum,
733 546 770 577 et
797 538 885 578 inde
909 547 1107 579 venturum
1134 542 1340 581 secundum
1360 557 1474 594 prae-

142 594 360 635 dicationes
386 595 679 648 prophetarum,
707 609 791 634 nam
816 603 904 648 post
929 596 1132 636 adveutum
1158 599 1240 636 eius
1265 600 1474 639 secundum

141 652 361 700 Danielem,
394 652 495 705 quod
527 655 610 705 ipsa
641 652 776 692 civitas
807 656 1054 693 exterminari
1080 656 1259 703 haberet,
1299 657 1471 708 legimus,

141 718 184 749 et
204 711 260 749 ita
283 711 427 749 factum
451 712 782 762 recognoscimus.
843 711 948 750 Dicit
978 714 1078 751 enim
1109 714 1319 765 scriptura:
1351 715 1407 752 sic
1434 722 1474 753 et

141 769 337 807 civitatem
369 775 410 806 et
438 775 611 807 sanctum
648 770 758 807 simul
795 771 1043 808 exterminari
1057 769 1096 822 ¹)
1134 783 1218 809 cum
1256 770 1375 818 duce,
1415 773 1473 809 in-

140 824 334 872 dubitate,
373 827 437 876 qui
469 824 517 863 de
543 825 770 864 Bethlehem
796 834 836 864 et
861 826 909 864 de
935 827 1036 864 tribu
1062 826 1155 865 luda
1180 835 1285 865 esset
1314 841 1473 879 proces-

141 895 267 920 surus.
311 881 422 920 Unde
449 889 490 920 et
513 883 755 920 manifestum
780 890 851 927 est,
880 882 981 933 quod
1007 884 1143 921 civitas
1168 884 1278 921 simul
1304 897 1351 922 eo
1378 892 1474 923 tem-

139 952 238 991 pore
262 940 514 978 exterminari
539 938 720 984 deberet,
759 951 845 977 cum
871 938 1035 976 ducator
1058 941 1141 978 eins
1166 941 1203 978 in
1230 953 1276 979 ea
1300 943 1381 992 pati
1405 942 1474 980 ba—

138 996 255 1035 beret
276 995 486 1036 secundum
511 996 722 1046 scripturas
746 996 1021 1046 prophetarum
1047 995 1278 1034 dicentium:
1307 998 1474 1049 expandi

138 1066 274 1092 manus
302 1065 409 1091 meas
436 1059 516 1090 tota
541 1051 605 1090 die
630 1051 679 1090 ad
703 1052 882 1103 populum
920 1059 1184 1091 contumacem
1210 1060 1250 1091 et
1276 1054 1473 1092 contradi-

140 1117 294 1150 centem
314 1110 418 1156 mihi,
446 1111 508 1161 qui
534 1109 702 1147 ambulat
718 1110 819 1147 viam
839 1122 915 1147 non
934 1109 1086 1156 bonam,
1112 1109 1182 1148 sed
1200 1118 1289 1162 post
1307 1119 1474 1162 peccata

139 1169 280 1218 sna.²)
340 1167 392 1206 Et
415 1168 453 1205 in
479 1167 633 1218 psalmis
663 1165 776 1206 dicit:
816 1168 1166 1206 exterminaverunt
1201 1181 1331 1206 manus
1367 1181 1471 1207 meas

138 1233 184 1265 et
204 1223 337 1278 pedes,
365 1224 702 1263 dinumeraverunt
725 1225 854 1262 omnia
879 1237 966 1262 ossa
991 1237 1094 1272 mea;
1126 1226 1199 1276 ipsi
1225 1233 1351 1264 autem
1379 1239 1471 1265 con-

138 1283 311 1335 templati
337 1289 425 1321 sunt
449 1289 489 1321 et
512 1281 692 1320 viderunt
715 1294 796 1327 me,
828 1288 869 1320 et
893 1282 932 1319 in
957 1283 1019 1320 siti
1045 1295 1130 1321 mea
1154 1289 1386 1334 potaverunt
1410 1296 1470 1322 me

139 1347 268 1380 aceto.
281 1341 321 1391 ³)
361 1339 468 1378 Haec
489 1338 611 1378 David
630 1352 764 1391 passus
783 1352 860 1377 non
880 1346 951 1386 est,
976 1347 1020 1378 ut
1038 1338 1086 1378 de
1105 1352 1147 1378 se
1168 1342 1305 1378 merito
1326 1339 1470 1379 dixisse

136 1397 329 1447 videatur,
355 1397 425 1436 sed
451 1397 638 1443 Christus,
666 1398 729 1449 qui
755 1396 960 1436 crucifixus
985 1403 1057 1436 est.
1118 1396 1253 1435 Manus
1278 1404 1406 1436 autem
1431 1406 1472 1437 et

135 1454 260 1509 pedes
280 1468 357 1494 non
377 1455 694 1500 exterminantur,
720 1455 792 1491 nisi
812 1455 907 1500 eius,
934 1455 997 1505 qui
1022 1455 1060 1492 in
1086 1453 1191 1504 ligno
1210 1454 1469 1506 suspenditur.

138 1512 250 1559 Unde
275 1519 316 1551 et
339 1513 422 1564 ipse
447 1510 572 1550 David
597 1517 845 1562 regnaturum
872 1524 922 1549 ex
945 1511 1054 1561 ligno
1077 1510 1268 1548 dominum
1294 1510 1469 1558 dicebat,

137 1582 227 1609 nam
250 1577 292 1609 et
315 1570 407 1608 alibi
433 1569 622 1621 propheta
647 1569 741 1619 ligni
767 1568 876 1606 huius
901 1568 1065 1606 fructum
1090 1567 1292 1619 praedicat
1316 1567 1469 1606 dicens:

137 1634 246 1666 terra
281 1626 391 1665 dedit
424 1625 720 1664 henedictiones
749 1627 902 1669 suas-⁴)
955 1624 1093 1674 Utique
1124 1625 1189 1661 illa
1214 1630 1319 1662 terra
1343 1626 1468 1674 virgo,

136 1682 304 1723 nondum
330 1683 468 1734 pluviis
497 1683 642 1731 rigata,
679 1692 753 1717 nec
789 1679 973 1717 imbribus
1002 1678 1283 1730 fecundata,⁵)
1315 1693 1364 1718 ex
1397 1694 1470 1732 qua

136 1741 254 1780 homo
279 1746 370 1777 tunc
395 1738 554 1789 primum
579 1737 786 1788 plasmatus
812 1743 883 1782 est,
909 1749 958 1774 ex
984 1749 1058 1787 qua
1082 1749 1181 1774 nunc
1209 1736 1382 1775 Christus
1407 1750 1467 1774 se-

138 1794 301 1836 eundum
333 1807 490 1833 carnem
520 1806 570 1831 ex
597 1794 750 1844 virgine
780 1799 890 1831 natus
921 1799 994 1831 est.
1058 1792 1110 1831 Et
1139 1793 1301 1843 lignum,
1320 1794 1466 1845 inquit,

137 1853 266 1893 attulit
289 1853 454 1892 fructum
480 1850 652 1898 suum,⁶)
685 1864 761 1888 non
785 1849 878 1888 illud
904 1850 1047 1900 lignum
1071 1851 1110 1888 in
1134 1849 1334 1901 paradiso,
1366 1850 1465 1901 quod

136 1918 301 1951 nortem
338 1908 447 1948 dedit
481 1908 748 1960 protoplastis,
792 1906 861 1946 sed
904 1908 1046 1958 lignum
1083 1908 1272 1959 passionis
1310 1907 1466 1952 Christi,

135 1967 239 2008 unde
255 1968 336 2006 vita
354 1964 687 2018 pendensavobis
714 1964 863 2003 credita
887 1977 964 2002 non
989 1971 1062 2003 est.
1100 1963 1185 2003 Hoc
1205 1965 1304 2002 enim
1325 1965 1468 2015 lignum

135 2033 229 2065 tunc
253 2025 292 2064 in
317 2030 560 2063 sacramento
585 2029 683 2069 erat,
709 2035 783 2073 quo
808 2021 966 2073 Moyses
990 2034 1126 2073 aquam
1151 2034 1318 2060 amaram
1342 2020 1468 2059 indul-

123 2084 255 2130 cavit,
279 2080 381 2120 unde
406 2081 588 2133 populus,
619 2080 683 2132 qui
707 2079 771 2117 siti
795 2079 948 2131 peribat
970 2079 1010 2117 in
1035 2091 1181 2125 eremo,
1210 2076 1379 2117 bibendo
1405 2090 1468 2116 re-

136 2141 253 2187 vin‘t3
278 2139 392 2178 sicuti
415 2150 499 2184 vos,
525 2138 588 2188 qui
613 2136 662 2175 de
686 2137 808 2175 seculi
829 2136 1109 2175 calamitatibus
1129 2136 1307 2180 extracti,
1333 2135 1371 2172 in
1391 2147 1465 2184 quo

138 2195 473 2236 commorabamur
495 2194 559 2232 siti
583 2201 809 2245 pereuntes,
839 2192 881 2232 id
911 2200 972 2231 est
993 2192 1103 2230 verbi
1128 2191 1246 2229 divini
1269 2196 1362 2242 potu
1386 2192 1464 2241 pri—

136 2254 235 2301 vati,
273 2254 379 2304 ligno
414 2251 603 2304 passionis
634 2249 778 2288 Christi
808 2262 945 2302 aquam
973 2248 1190 2288 edulcatam
1224 2247 1465 2299 baptismatis

138 2310 390 2364 potantes,⁷)
422 2308 525 2356 fide,
564 2319 661 2360 quae
692 2308 814 2346 estin
839 2319 944 2354 eum,
981 2306 1207 2352 reviximus,
1242 2317 1265 2342 a
1290 2317 1363 2356 qua
1388 2302 1462 2342 fide

233 2411 273 2457 1)
286 2414 374 2444 Dan.
388 2415 420 2454 9,
433 2414 465 2442 4.
540 2409 578 2454 2)
591 2412 655 2443 len.
670 2413 725 2450 65,
739 2412 772 2442 2.
844 2408 880 2450 3)
895 2410 949 2440 Ps-
963 2411 1018 2450 22,
1032 2410 1074 2439 17
1085 2418 1134 2447 tq.
1162 2410 1216 2447 ⁶9,
1233 2408 1288 2439 22.
1358 2406 1396 2445 4)
1409 2405 1464 2436 ΡΒ.

141 2462 197 2501 95,
216 2461 248 2491 4.
345 2457 381 2500 5)
402 2459 485 2489 Gen.
501 2459 532 2496 2,
549 2458 602 2488 24.
699 2457 736 2493 6)
760 2456 830 2486 loel
856 2458 888 2494 2,
909 2457 962 2485 22.
1057 2454 1095 2497 ¹1)
1114 2454 1171 2486 sic
1191 2453 1264 2485 cod.
1280 2452 1416 2483 Wouw.
1431 2455 1465 2481 et

141 2507 229 2546 Rig.;
244 2505 349 2535 Rheu.
368 2505 407 2534 id
426 2507 490 2534 ent
508 2505 635 2533 verbo
654 2502 798 2532 divino
817 2501 1034 2540 propinati
1054 2499 1251 2539 (cod-Fuld.
1271 2496 1463 2537 probati)

139 2553 259 2592 ligno
279 2559 387 2591 pan.
406 2549 495 2580 Chr.
515 2557 661 2587 aquam
684 2549 795 2586 bapt.
814 2548 1024 2586 potenter.

1087 2588 1169 2632 21*
