<?xml version="1.0" encoding="UTF-8"?>
<!DOCTYPE html PUBLIC "-//W3C//DTD XHTML 1.0 Transitional//EN"
    "http://www.w3.org/TR/xhtml1/DTD/xhtml1-transitional.dtd">
<html xmlns="http://www.w3.org/1999/xhtml" xml:lang="en" lang="en">
 <head>
  <title>
</title>
<meta http-equiv="Content-Type" content="text/html;charset=utf-8" />
  <meta name='ocr-system' content='tesseract 3.04.00' />
  <meta name='ocr-capabilities' content='ocr_page ocr_carea ocr_par ocr_line ocrx_word'/>
</head>
<body>
  <div class='ocr_page' id='page_1' title='image "./operatert34tertuoft_0074.png"; bbox 0 0 1566 2808; ppageno 0'>
   <div class='ocr_carea' id='block_1_1' title="bbox 134 170 1193 208">
    <p class='ocr_par' dir='ltr' id='par_1_1' title="bbox 134 170 1193 208">
     <span class='ocr_line' id='line_1_1' title="bbox 134 170 1193 208; baseline -0.004 -2"><span class='ocrx_word' id='word_1_1' title='bbox 134 170 208 208; x_wconf 70' lang='grc'>64</span> <span class='ocrx_word' id='word_1_2' title='bbox 400 171 525 204; x_wconf 78' lang='lat' dir='ltr'>ADv.</span> <span class='ocrx_word' id='word_1_3' title='bbox 560 171 921 204; x_wconf 81' lang='lat' dir='ltr'><strong>MARCIONEM</strong></span> <span class='ocrx_word' id='word_1_4' title='bbox 955 171 1134 203; x_wconf 86' lang='lat' dir='ltr'>LIBER</span> <span class='ocrx_word' id='word_1_5' title='bbox 1168 172 1193 202; x_wconf 93' lang='lat'>1.</span> 
     </span>
    </p>
   </div>
   <div class='ocr_carea' id='block_1_2' title="bbox 135 261 1487 2379">
    <p class='ocr_par' dir='ltr' id='par_1_2' title="bbox 135 261 1462 373">
     <span class='ocr_line' id='line_1_2' title="bbox 135 261 1462 311; baseline -0.002 -7"><span class='ocrx_word' id='word_1_6' title='bbox 135 265 260 304; x_wconf 88' lang='lat' dir='ltr'>ritatis</span> <span class='ocrx_word' id='word_1_7' title='bbox 286 265 408 303; x_wconf 89' lang='lat' dir='ltr'>omnis</span> <span class='ocrx_word' id='word_1_8' title='bbox 433 263 652 302; x_wconf 75' lang='lat' dir='ltr'>extruditur</span> <span class='ocrx_word' id='word_1_9' title='bbox 674 264 861 311; x_wconf 86' lang='lat' dir='ltr'>haeresis,</span> <span class='ocrx_word' id='word_1_10' title='bbox 889 277 972 302; x_wconf 84' lang='lat' dir='ltr'>cum</span> <span class='ocrx_word' id='word_1_11' title='bbox 1001 263 1175 302; x_wconf 87' lang='lat' dir='ltr'>Christus</span> <span class='ocrx_word' id='word_1_12' title='bbox 1201 275 1277 301; x_wconf 89' lang='lat' dir='ltr'>non</span> <span class='ocrx_word' id='word_1_13' title='bbox 1302 261 1462 301; x_wconf 84' lang='lat' dir='ltr'>alterius</span> 
     </span>
     <span class='ocr_line' id='line_1_3' title="bbox 137 320 1086 373; baseline -0.002 -12"><span class='ocrx_word' id='word_1_14' title='bbox 137 321 201 361; x_wconf 89' lang='lat' dir='ltr'>dei</span> <span class='ocrx_word' id='word_1_15' title='bbox 227 334 337 373; x_wconf 87' lang='lat' dir='ltr'>quam</span> <span class='ocrx_word' id='word_1_16' title='bbox 365 322 557 359; x_wconf 86' lang='lat' dir='ltr'>creatoris</span> <span class='ocrx_word' id='word_1_17' title='bbox 584 321 833 359; x_wconf 83' lang='lat' dir='ltr'><strong>circumlator</strong></span> <span class='ocrx_word' id='word_1_18' title='bbox 858 320 1086 359; x_wconf 80' lang='lat' dir='ltr'><strong>ostenditur.</strong></span> 
     </span>
    </p>

    <p class='ocr_par' dir='ltr' id='par_1_3' title="bbox 139 376 1487 2379">
     <span class='ocr_line' id='line_1_4' title="bbox 253 376 1465 429; baseline -0.002 -11"><span class='ocrx_word' id='word_1_19' title='bbox 253 382 321 421; x_wconf 83' lang='lat'>22.</span> <span class='ocrx_word' id='word_1_20' title='bbox 361 376 440 417; x_wconf 88' lang='lat' dir='ltr'>Sed</span> <span class='ocrx_word' id='word_1_21' title='bbox 467 376 657 429; x_wconf 90' lang='lat' dir='ltr'>quomodo</span> <span class='ocrx_word' id='word_1_22' title='bbox 685 376 853 415; x_wconf 85' lang='lat' dir='ltr'>funditus</span> <span class='ocrx_word' id='word_1_23' title='bbox 879 385 1077 427; x_wconf 81' lang='lat' dir='ltr'>evertetur</span> <span class='ocrx_word' id='word_1_24' title='bbox 1101 379 1363 425; x_wconf 77' lang='lat' dir='ltr'>antichristus,</span> <span class='ocrx_word' id='word_1_25' title='bbox 1391 378 1465 419; x_wconf 85' lang='lat' dir='ltr'>nisi</span> 
     </span>
     <span class='ocr_line' id='line_1_5' title="bbox 139 434 1466 487; baseline -0.001 -12"><span class='ocrx_word' id='word_1_26' title='bbox 139 437 282 476; x_wconf 84' lang='lat' dir='ltr'>ceteris</span> <span class='ocrx_word' id='word_1_27' title='bbox 309 448 460 487; x_wconf 84' lang='lat' dir='ltr'>quoque</span> <span class='ocrx_word' id='word_1_28' title='bbox 487 435 759 473; x_wconf 80' lang='lat' dir='ltr'>iniecuonibus</span> <span class='ocrx_word' id='word_1_29' title='bbox 786 435 867 473; x_wconf 88' lang='lat' dir='ltr'>eius</span> <span class='ocrx_word' id='word_1_30' title='bbox 893 434 1083 474; x_wconf 77' lang='lat' dir='ltr'><strong>elidendis</strong></span> <span class='ocrx_word' id='word_1_31' title='bbox 1109 435 1218 474; x_wconf 84' lang='lat' dir='ltr'>loeus</span> <span class='ocrx_word' id='word_1_32' title='bbox 1244 434 1374 482; x_wconf 87' lang='lat' dir='ltr'>detur,</span> <span class='ocrx_word' id='word_1_33' title='bbox 1402 448 1466 474; x_wconf 89' lang='lat' dir='ltr'>re-</span> 
     </span>
     <span class='ocr_line' id='line_1_6' title="bbox 139 491 1466 545; baseline -0.002 -12"><span class='ocrx_word' id='word_1_34' title='bbox 139 496 267 533; x_wconf 85' lang='lat' dir='ltr'>laxata</span> <span class='ocrx_word' id='word_1_35' title='bbox 292 493 639 545; x_wconf 73' lang='lat' dir='ltr'>praescriptionum</span> <span class='ocrx_word' id='word_1_36' title='bbox 666 491 918 530; x_wconf 81' lang='lat' dir='ltr'>defensione?</span> <span class='ocrx_word' id='word_1_37' title='bbox 972 491 1216 531; x_wconf 83' lang='lat' dir='ltr'><strong>Accedamus</strong></span> <span class='ocrx_word' id='word_1_38' title='bbox 1248 493 1365 544; x_wconf 84' lang='lat' dir='ltr'>igitur</span> <span class='ocrx_word' id='word_1_39' title='bbox 1390 493 1466 531; x_wconf 90' lang='lat' dir='ltr'>iam</span> 
     </span>
     <span class='ocr_line' id='line_1_7' title="bbox 139 549 1468 603; baseline -0.002 -13"><span class='ocrx_word' id='word_1_40' title='bbox 139 553 228 591; x_wconf 86' lang='lat' dir='ltr'>hinc</span> <span class='ocrx_word' id='word_1_41' title='bbox 255 550 301 590; x_wconf 90' lang='lat' dir='ltr'>ad</span> <span class='ocrx_word' id='word_1_42' title='bbox 328 552 448 603; x_wconf 85' lang='lat' dir='ltr'>ipsam</span> <span class='ocrx_word' id='word_1_43' title='bbox 475 549 538 589; x_wconf 88' lang='lat' dir='ltr'>dei</span> <span class='ocrx_word' id='word_1_44' title='bbox 564 563 780 601; x_wconf 80' lang='lat' dir='ltr'>personam,</span> <span class='ocrx_word' id='word_1_45' title='bbox 806 550 868 588; x_wconf 91' lang='lat' dir='ltr'>vel</span> <span class='ocrx_word' id='word_1_46' title='bbox 895 550 1021 601; x_wconf 90' lang='lat' dir='ltr'>potius</span> <span class='ocrx_word' id='word_1_47' title='bbox 1046 550 1216 589; x_wconf 86' lang='lat' dir='ltr'>umbram</span> <span class='ocrx_word' id='word_1_48' title='bbox 1242 557 1282 588; x_wconf 89' lang='lat' dir='ltr'>et</span> <span class='ocrx_word' id='word_1_49' title='bbox 1306 550 1468 602; x_wconf 88' lang='lat' dir='ltr'>phanta-</span> 
     </span>
     <span class='ocr_line' id='line_1_8' title="bbox 140 605 1470 659; baseline -0.002 -11"><span class='ocrx_word' id='word_1_50' title='bbox 140 622 239 655; x_wconf 88' lang='lat' dir='ltr'>sma,</span> <span class='ocrx_word' id='word_1_51' title='bbox 266 608 475 647; x_wconf 88' lang='lat' dir='ltr'>secundum</span> <span class='ocrx_word' id='word_1_52' title='bbox 503 607 694 645; x_wconf 79' lang='lat' dir='ltr'>Christum</span> <span class='ocrx_word' id='word_1_53' title='bbox 720 608 856 659; x_wconf 86' lang='lat' dir='ltr'>ipsius,</span> <span class='ocrx_word' id='word_1_54' title='bbox 885 620 954 658; x_wconf 88' lang='lat' dir='ltr'>per</span> <span class='ocrx_word' id='word_1_55' title='bbox 979 605 1093 658; x_wconf 86' lang='lat' dir='ltr'>idque</span> <span class='ocrx_word' id='word_1_56' title='bbox 1121 608 1373 654; x_wconf 85' lang='lat' dir='ltr'>examinetur,</span> <span class='ocrx_word' id='word_1_57' title='bbox 1399 620 1470 659; x_wconf 90' lang='lat' dir='ltr'>per</span> 
     </span>
     <span class='ocr_line' id='line_1_9' title="bbox 142 665 1470 719; baseline -0.002 -14"><span class='ocrx_word' id='word_1_58' title='bbox 142 666 244 719; x_wconf 88' lang='lat' dir='ltr'>quod</span> <span class='ocrx_word' id='word_1_59' title='bbox 277 666 446 704; x_wconf 83' lang='lat' dir='ltr'>creatori</span> <span class='ocrx_word' id='word_1_60' title='bbox 477 665 709 716; x_wconf 87' lang='lat' dir='ltr'>praefertur.</span> <span class='ocrx_word' id='word_1_61' title='bbox 771 665 822 702; x_wconf 89' lang='lat' dir='ltr'>Et</span> <span class='ocrx_word' id='word_1_62' title='bbox 853 665 982 716; x_wconf 86' lang='lat' dir='ltr'>utique</span> <span class='ocrx_word' id='word_1_63' title='bbox 1015 671 1128 702; x_wconf 83' lang='lat' dir='ltr'>erunt</span> <span class='ocrx_word' id='word_1_64' title='bbox 1151 665 1314 716; x_wconf 82' lang='lat' dir='ltr'>regulae</span> <span class='ocrx_word' id='word_1_65' title='bbox 1338 671 1470 703; x_wconf 87' lang='lat' dir='ltr'>certae</span> 
     </span>
     <span class='ocr_line' id='line_1_10' title="bbox 142 720 1472 773; baseline -0.002 -10"><span class='ocrx_word' id='word_1_66' title='bbox 142 723 191 764; x_wconf 87' lang='lat' dir='ltr'>ad</span> <span class='ocrx_word' id='word_1_67' title='bbox 229 722 518 763; x_wconf 82' lang='lat' dir='ltr'>examinandam</span> <span class='ocrx_word' id='word_1_68' title='bbox 556 721 619 761; x_wconf 87' lang='lat' dir='ltr'>dei</span> <span class='ocrx_word' id='word_1_69' title='bbox 655 722 880 760; x_wconf 86' lang='lat' dir='ltr'>bonitatem.</span> <span class='ocrx_word' id='word_1_70' title='bbox 945 720 1023 759; x_wconf 86' lang='lat' dir='ltr'>Sed</span> <span class='ocrx_word' id='word_1_71' title='bbox 1055 723 1158 773; x_wconf 89' lang='lat' dir='ltr'>prius</span> <span class='ocrx_word' id='word_1_72' title='bbox 1185 729 1261 769; x_wconf 92' lang='lat' dir='ltr'>est,</span> <span class='ocrx_word' id='word_1_73' title='bbox 1299 729 1342 760; x_wconf 85' lang='lat' dir='ltr'>ut</span> <span class='ocrx_word' id='word_1_74' title='bbox 1366 723 1472 761; x_wconf 87' lang='lat' dir='ltr'>inve-</span> 
     </span>
     <span class='ocr_line' id='line_1_11' title="bbox 143 778 1471 831; baseline -0.002 -11"><span class='ocrx_word' id='word_1_75' title='bbox 143 783 244 820; x_wconf 86' lang='lat' dir='ltr'>niam</span> <span class='ocrx_word' id='word_1_76' title='bbox 281 781 384 819; x_wconf 89' lang='lat' dir='ltr'>illam</span> <span class='ocrx_word' id='word_1_77' title='bbox 422 787 463 819; x_wconf 90' lang='lat' dir='ltr'>et</span> <span class='ocrx_word' id='word_1_78' title='bbox 499 779 783 831; x_wconf 81' lang='lat' dir='ltr'>apprehendam</span> <span class='ocrx_word' id='word_1_79' title='bbox 822 786 862 817; x_wconf 88' lang='lat' dir='ltr'>et</span> <span class='ocrx_word' id='word_1_80' title='bbox 898 780 951 817; x_wconf 87' lang='lat' dir='ltr'>ita</span> <span class='ocrx_word' id='word_1_81' title='bbox 989 778 1037 816; x_wconf 90' lang='lat' dir='ltr'>ad</span> <span class='ocrx_word' id='word_1_82' title='bbox 1069 780 1224 830; x_wconf 78' lang='lat' dir='ltr'>regulas</span> <span class='ocrx_word' id='word_1_83' title='bbox 1249 779 1471 831; x_wconf 82' lang='lat' dir='ltr'>perducam.</span> 
     </span>
     <span class='ocr_line' id='line_1_12' title="bbox 145 836 1472 889; baseline -0.002 -11"><span class='ocrx_word' id='word_1_84' title='bbox 145 840 239 879; x_wconf 91' lang='lat' dir='ltr'>Cum</span> <span class='ocrx_word' id='word_1_85' title='bbox 265 839 365 877; x_wconf 90' lang='lat' dir='ltr'>enim</span> <span class='ocrx_word' id='word_1_86' title='bbox 391 837 660 889; x_wconf 87' lang='lat' dir='ltr'>circumspicio</span> <span class='ocrx_word' id='word_1_87' title='bbox 687 843 879 888; x_wconf 87' lang='lat' dir='ltr'>tempora,</span> <span class='ocrx_word' id='word_1_88' title='bbox 920 849 1101 888; x_wconf 85' lang='lat' dir='ltr'>nusquam</span> <span class='ocrx_word' id='word_1_89' title='bbox 1129 844 1188 875; x_wconf 87' lang='lat' dir='ltr'>est</span> <span class='ocrx_word' id='word_1_90' title='bbox 1212 850 1232 875; x_wconf 88' lang='lat' dir='ltr'>a</span> <span class='ocrx_word' id='word_1_91' title='bbox 1260 836 1472 889; x_wconf 85' lang='lat' dir='ltr'>primordio</span> 
     </span>
     <span class='ocr_line' id='line_1_13' title="bbox 145 893 1475 946; baseline -0.003 -10"><span class='ocrx_word' id='word_1_92' title='bbox 145 897 391 936; x_wconf 84' lang='lat' dir='ltr'>materiarum</span> <span class='ocrx_word' id='word_1_93' title='bbox 423 902 463 934; x_wconf 89' lang='lat' dir='ltr'>et</span> <span class='ocrx_word' id='word_1_94' title='bbox 493 896 531 934; x_wconf 91' lang='lat' dir='ltr'>in</span> <span class='ocrx_word' id='word_1_95' title='bbox 563 895 722 932; x_wconf 88' lang='lat' dir='ltr'>introitu</span> <span class='ocrx_word' id='word_1_96' title='bbox 749 907 985 941; x_wconf 86' lang='lat' dir='ltr'>caussarum,</span> <span class='ocrx_word' id='word_1_97' title='bbox 1014 908 1097 932; x_wconf 91' lang='lat' dir='ltr'>cum</span> <span class='ocrx_word' id='word_1_98' title='bbox 1125 893 1259 946; x_wconf 90' lang='lat' dir='ltr'>quibus</span> <span class='ocrx_word' id='word_1_99' title='bbox 1285 893 1475 933; x_wconf 86' lang='lat' dir='ltr'>debuerat</span> 
     </span>
     <span class='ocr_line' id='line_1_14' title="bbox 146 951 1475 1004; baseline -0.003 -10"><span class='ocrx_word' id='word_1_100' title='bbox 146 954 328 1001; x_wconf 86' lang='lat' dir='ltr'>inveniri,</span> <span class='ocrx_word' id='word_1_101' title='bbox 367 951 506 992; x_wconf 83' lang='lat' dir='ltr'>exinde</span> <span class='ocrx_word' id='word_1_102' title='bbox 534 965 672 1004; x_wconf 86' lang='lat' dir='ltr'>agens,</span> <span class='ocrx_word' id='word_1_103' title='bbox 713 951 813 1003; x_wconf 87' lang='lat' dir='ltr'>quod</span> <span class='ocrx_word' id='word_1_104' title='bbox 846 954 910 1003; x_wconf 86' lang='lat' dir='ltr'>agi</span> <span class='ocrx_word' id='word_1_105' title='bbox 942 951 1087 990; x_wconf 85' lang='lat' dir='ltr'>habuit.</span> <span class='ocrx_word' id='word_1_106' title='bbox 1148 951 1244 990; x_wconf 88' lang='lat' dir='ltr'>Erat</span> <span class='ocrx_word' id='word_1_107' title='bbox 1275 953 1374 990; x_wconf 91' lang='lat' dir='ltr'>enim</span> <span class='ocrx_word' id='word_1_108' title='bbox 1400 952 1475 990; x_wconf 90' lang='lat' dir='ltr'>iam</span> 
     </span>
     <span class='ocr_line' id='line_1_15' title="bbox 146 1009 1474 1061; baseline -0.003 -10"><span class='ocrx_word' id='word_1_109' title='bbox 146 1025 250 1051; x_wconf 89' lang='lat' dir='ltr'>mors</span> <span class='ocrx_word' id='word_1_110' title='bbox 276 1018 316 1050; x_wconf 89' lang='lat' dir='ltr'>et</span> <span class='ocrx_word' id='word_1_111' title='bbox 341 1011 500 1050; x_wconf 87' lang='lat' dir='ltr'>aculeus</span> <span class='ocrx_word' id='word_1_112' title='bbox 526 1011 660 1048; x_wconf 86' lang='lat' dir='ltr'>mortis</span> <span class='ocrx_word' id='word_1_113' title='bbox 686 1009 886 1056; x_wconf 78' lang='lat' dir='ltr'>delictum,</span> <span class='ocrx_word' id='word_1_114' title='bbox 922 1017 962 1048; x_wconf 91' lang='lat' dir='ltr'>et</span> <span class='ocrx_word' id='word_1_115' title='bbox 992 1010 1075 1061; x_wconf 90' lang='lat' dir='ltr'>ipsa</span> <span class='ocrx_word' id='word_1_116' title='bbox 1100 1010 1245 1048; x_wconf 85' lang='lat' dir='ltr'>malitia</span> <span class='ocrx_word' id='word_1_117' title='bbox 1271 1009 1474 1055; x_wconf 88' lang='lat' dir='ltr'>creatoris,</span> 
     </span>
     <span class='ocr_line' id='line_1_16' title="bbox 148 1065 1477 1120; baseline -0.002 -12"><span class='ocrx_word' id='word_1_118' title='bbox 148 1069 333 1108; x_wconf 85' lang='lat' dir='ltr'>adversus</span> <span class='ocrx_word' id='word_1_119' title='bbox 359 1081 469 1120; x_wconf 89' lang='lat' dir='ltr'>quam</span> <span class='ocrx_word' id='word_1_120' title='bbox 496 1067 698 1106; x_wconf 89' lang='lat' dir='ltr'>subvenire</span> <span class='ocrx_word' id='word_1_121' title='bbox 726 1066 889 1105; x_wconf 87' lang='lat' dir='ltr'>deberet</span> <span class='ocrx_word' id='word_1_122' title='bbox 914 1068 1072 1105; x_wconf 85' lang='lat' dir='ltr'>alterius</span> <span class='ocrx_word' id='word_1_123' title='bbox 1099 1065 1162 1106; x_wconf 85' lang='lat' dir='ltr'>dei</span> <span class='ocrx_word' id='word_1_124' title='bbox 1188 1067 1360 1114; x_wconf 89' lang='lat' dir='ltr'>bonitas,</span> <span class='ocrx_word' id='word_1_125' title='bbox 1397 1067 1477 1119; x_wconf 86' lang='lat' dir='ltr'>pri—</span> 
     </span>
     <span class='ocr_line' id='line_1_17' title="bbox 147 1123 1478 1176; baseline -0.002 -11"><span class='ocrx_word' id='word_1_126' title='bbox 147 1140 232 1165; x_wconf 89' lang='lat' dir='ltr'>mae</span> <span class='ocrx_word' id='word_1_127' title='bbox 260 1127 347 1164; x_wconf 89' lang='lat' dir='ltr'>huic</span> <span class='ocrx_word' id='word_1_128' title='bbox 373 1125 532 1176; x_wconf 86' lang='lat' dir='ltr'>regulae</span> <span class='ocrx_word' id='word_1_129' title='bbox 559 1124 710 1163; x_wconf 87' lang='lat' dir='ltr'>divinae</span> <span class='ocrx_word' id='word_1_130' title='bbox 735 1123 920 1162; x_wconf 84' lang='lat' dir='ltr'>bonitatis</span> <span class='ocrx_word' id='word_1_131' title='bbox 947 1137 1170 1172; x_wconf 88' lang='lat' dir='ltr'>occurrens,</span> <span class='ocrx_word' id='word_1_132' title='bbox 1197 1125 1229 1163; x_wconf 92' lang='lat' dir='ltr'>si</span> <span class='ocrx_word' id='word_1_133' title='bbox 1255 1137 1296 1163; x_wconf 91' lang='lat' dir='ltr'>se</span> <span class='ocrx_word' id='word_1_134' title='bbox 1322 1131 1478 1163; x_wconf 84' lang='lat' dir='ltr'>natura-</span> 
     </span>
     <span class='ocr_line' id='line_1_18' title="bbox 149 1181 1479 1235; baseline -0.002 -13"><span class='ocrx_word' id='word_1_135' title='bbox 149 1184 222 1222; x_wconf 86' lang='lat' dir='ltr'>lem</span> <span class='ocrx_word' id='word_1_136' title='bbox 249 1182 453 1235; x_wconf 75' lang='lat' dir='ltr'>probaret,</span> <span class='ocrx_word' id='word_1_137' title='bbox 480 1183 607 1220; x_wconf 85' lang='lat' dir='ltr'>statim</span> <span class='ocrx_word' id='word_1_138' title='bbox 633 1194 882 1228; x_wconf 89' lang='lat' dir='ltr'>succurrens,</span> <span class='ocrx_word' id='word_1_139' title='bbox 909 1189 951 1219; x_wconf 93' lang='lat' dir='ltr'>ut</span> <span class='ocrx_word' id='word_1_140' title='bbox 977 1195 1111 1220; x_wconf 88' lang='lat' dir='ltr'>caussa</span> <span class='ocrx_word' id='word_1_141' title='bbox 1139 1182 1280 1234; x_wconf 82' lang='lat' dir='ltr'>coepit.</span> <span class='ocrx_word' id='word_1_142' title='bbox 1344 1181 1479 1220; x_wconf 89' lang='lat' dir='ltr'>Omnia</span> 
     </span>
     <span class='ocr_line' id='line_1_19' title="bbox 150 1238 1481 1289; baseline -0.002 -11"><span class='ocrx_word' id='word_1_143' title='bbox 150 1241 250 1279; x_wconf 89' lang='lat' dir='ltr'>enim</span> <span class='ocrx_word' id='word_1_144' title='bbox 288 1242 327 1278; x_wconf 89' lang='lat' dir='ltr'>in</span> <span class='ocrx_word' id='word_1_145' title='bbox 359 1239 433 1278; x_wconf 84' lang='lat' dir='ltr'>deo</span> <span class='ocrx_word' id='word_1_146' title='bbox 466 1240 655 1277; x_wconf 84' lang='lat' dir='ltr'>naturalia</span> <span class='ocrx_word' id='word_1_147' title='bbox 688 1246 727 1277; x_wconf 91' lang='lat' dir='ltr'>et</span> <span class='ocrx_word' id='word_1_148' title='bbox 758 1239 932 1289; x_wconf 86' lang='lat' dir='ltr'>ingenita</span> <span class='ocrx_word' id='word_1_149' title='bbox 962 1251 1047 1277; x_wconf 91' lang='lat' dir='ltr'>esse</span> <span class='ocrx_word' id='word_1_150' title='bbox 1080 1238 1293 1286; x_wconf 89' lang='lat' dir='ltr'>debebunt,</span> <span class='ocrx_word' id='word_1_151' title='bbox 1331 1245 1374 1277; x_wconf 92' lang='lat' dir='ltr'>ut</span> <span class='ocrx_word' id='word_1_152' title='bbox 1403 1239 1481 1277; x_wconf 85' lang='lat' dir='ltr'>sint</span> 
     </span>
     <span class='ocr_line' id='line_1_20' title="bbox 150 1293 1479 1348; baseline -0.002 -10"><span class='ocrx_word' id='word_1_153' title='bbox 150 1306 329 1344; x_wconf 82' lang='lat' dir='ltr'>aeterna,</span> <span class='ocrx_word' id='word_1_154' title='bbox 368 1296 577 1336; x_wconf 86' lang='lat' dir='ltr'>secundum</span> <span class='ocrx_word' id='word_1_155' title='bbox 603 1303 741 1335; x_wconf 89' lang='lat' dir='ltr'>statum</span> <span class='ocrx_word' id='word_1_156' title='bbox 767 1297 901 1348; x_wconf 86' lang='lat' dir='ltr'>ipsius,</span> <span class='ocrx_word' id='word_1_157' title='bbox 941 1309 988 1335; x_wconf 90' lang='lat' dir='ltr'>ne</span> <span class='ocrx_word' id='word_1_158' title='bbox 1016 1293 1260 1335; x_wconf 84' lang='lat' dir='ltr'>obvenientia</span> <span class='ocrx_word' id='word_1_159' title='bbox 1286 1303 1326 1335; x_wconf 86' lang='lat' dir='ltr'>et</span> <span class='ocrx_word' id='word_1_160' title='bbox 1350 1303 1479 1335; x_wconf 78' lang='lat' dir='ltr'>extra-</span> 
     </span>
     <span class='ocr_line' id='line_1_21' title="bbox 152 1354 1480 1406; baseline -0.002 -11"><span class='ocrx_word' id='word_1_161' title='bbox 152 1369 226 1394; x_wconf 88' lang='lat' dir='ltr'>nea</span> <span class='ocrx_word' id='word_1_162' title='bbox 251 1362 497 1406; x_wconf 87' lang='lat' dir='ltr'>reputentur,</span> <span class='ocrx_word' id='word_1_163' title='bbox 525 1367 571 1392; x_wconf 92' lang='lat' dir='ltr'>ac</span> <span class='ocrx_word' id='word_1_164' title='bbox 597 1367 667 1405; x_wconf 88' lang='lat' dir='ltr'>per</span> <span class='ocrx_word' id='word_1_165' title='bbox 692 1354 766 1392; x_wconf 90' lang='lat' dir='ltr'>hoc</span> <span class='ocrx_word' id='word_1_166' title='bbox 794 1355 1021 1405; x_wconf 84' lang='lat' dir='ltr'>temporalia</span> <span class='ocrx_word' id='word_1_167' title='bbox 1052 1361 1092 1392; x_wconf 91' lang='lat' dir='ltr'>et</span> <span class='ocrx_word' id='word_1_168' title='bbox 1116 1354 1359 1392; x_wconf 88' lang='lat' dir='ltr'>aeternitatis</span> <span class='ocrx_word' id='word_1_169' title='bbox 1384 1354 1480 1392; x_wconf 82' lang='lat' dir='ltr'>alie-</span> 
     </span>
     <span class='ocr_line' id='line_1_22' title="bbox 153 1410 1480 1463; baseline -0.002 -12"><span class='ocrx_word' id='word_1_170' title='bbox 153 1427 215 1451; x_wconf 88' lang='lat' dir='ltr'>na.</span> <span class='ocrx_word' id='word_1_171' title='bbox 269 1412 328 1449; x_wconf 90' lang='lat' dir='ltr'>Ita</span> <span class='ocrx_word' id='word_1_172' title='bbox 353 1419 392 1450; x_wconf 90' lang='lat' dir='ltr'>et</span> <span class='ocrx_word' id='word_1_173' title='bbox 416 1411 569 1448; x_wconf 86' lang='lat' dir='ltr'>bonitas</span> <span class='ocrx_word' id='word_1_174' title='bbox 595 1412 777 1461; x_wconf 87' lang='lat' dir='ltr'>perennis</span> <span class='ocrx_word' id='word_1_175' title='bbox 803 1417 842 1448; x_wconf 87' lang='lat' dir='ltr'>et</span> <span class='ocrx_word' id='word_1_176' title='bbox 867 1411 966 1461; x_wconf 86' lang='lat' dir='ltr'>iugis</span> <span class='ocrx_word' id='word_1_177' title='bbox 993 1412 1172 1461; x_wconf 83' lang='lat' dir='ltr'>exigetur</span> <span class='ocrx_word' id='word_1_178' title='bbox 1196 1412 1233 1449; x_wconf 92' lang='lat' dir='ltr'>in</span> <span class='ocrx_word' id='word_1_179' title='bbox 1261 1410 1354 1458; x_wconf 92' lang='lat' dir='ltr'>deo,</span> <span class='ocrx_word' id='word_1_180' title='bbox 1382 1423 1480 1463; x_wconf 82' lang='lat' dir='ltr'>quae</span> 
     </span>
     <span class='ocr_line' id='line_1_23' title="bbox 153 1468 1483 1520; baseline -0.001 -12"><span class='ocrx_word' id='word_1_181' title='bbox 153 1472 192 1508; x_wconf 91' lang='lat' dir='ltr'>in</span> <span class='ocrx_word' id='word_1_182' title='bbox 230 1469 420 1508; x_wconf 86' lang='lat' dir='ltr'>thesauris</span> <span class='ocrx_word' id='word_1_183' title='bbox 463 1468 690 1506; x_wconf 87' lang='lat' dir='ltr'>naturalium</span> <span class='ocrx_word' id='word_1_184' title='bbox 734 1468 1012 1519; x_wconf 86' lang='lat' dir='ltr'>proprietatum</span> <span class='ocrx_word' id='word_1_185' title='bbox 1056 1469 1228 1520; x_wconf 86' lang='lat' dir='ltr'>reposita</span> <span class='ocrx_word' id='word_1_186' title='bbox 1270 1475 1310 1507; x_wconf 91' lang='lat' dir='ltr'>et</span> <span class='ocrx_word' id='word_1_187' title='bbox 1345 1475 1483 1520; x_wconf 83' lang='lat' dir='ltr'>parata</span> 
     </span>
     <span class='ocr_line' id='line_1_24' title="bbox 154 1525 1481 1578; baseline -0.001 -13"><span class='ocrx_word' id='word_1_188' title='bbox 154 1525 409 1566; x_wconf 83' lang='lat' dir='ltr'>antecederet</span> <span class='ocrx_word' id='word_1_189' title='bbox 440 1538 596 1564; x_wconf 85' lang='lat' dir='ltr'>caussas</span> <span class='ocrx_word' id='word_1_190' title='bbox 628 1532 668 1563; x_wconf 90' lang='lat' dir='ltr'>et</span> <span class='ocrx_word' id='word_1_191' title='bbox 693 1526 873 1564; x_wconf 82' lang='lat' dir='ltr'>materias</span> <span class='ocrx_word' id='word_1_192' title='bbox 899 1538 1007 1572; x_wconf 91' lang='lat' dir='ltr'>suas,</span> <span class='ocrx_word' id='word_1_193' title='bbox 1044 1533 1084 1564; x_wconf 92' lang='lat' dir='ltr'>et</span> <span class='ocrx_word' id='word_1_194' title='bbox 1109 1527 1267 1578; x_wconf 87' lang='lat' dir='ltr'>primam</span> <span class='ocrx_word' id='word_1_195' title='bbox 1294 1539 1481 1578; x_wconf 87' lang='lat' dir='ltr'>quamque</span> 
     </span>
     <span class='ocr_line' id='line_1_25' title="bbox 155 1581 1481 1636; baseline -0.001 -13"><span class='ocrx_word' id='word_1_196' title='bbox 155 1586 388 1636; x_wconf 82' lang='lat' dir='ltr'>susciperet,</span> <span class='ocrx_word' id='word_1_197' title='bbox 427 1596 502 1621; x_wconf 85' lang='lat' dir='ltr'>non</span> <span class='ocrx_word' id='word_1_198' title='bbox 535 1581 758 1634; x_wconf 79' lang='lat' dir='ltr'>despiceret</span> <span class='ocrx_word' id='word_1_199' title='bbox 788 1589 828 1621; x_wconf 89' lang='lat' dir='ltr'>et</span> <span class='ocrx_word' id='word_1_200' title='bbox 860 1582 1107 1630; x_wconf 84' lang='lat' dir='ltr'>destitueret,</span> <span class='ocrx_word' id='word_1_201' title='bbox 1146 1585 1177 1622; x_wconf 89' lang='lat' dir='ltr'>si</span> <span class='ocrx_word' id='word_1_202' title='bbox 1209 1582 1481 1622; x_wconf 81' lang='lat' dir='ltr'>antecedebat.</span> 
     </span>
     <span class='ocr_line' id='line_1_26' title="bbox 155 1640 1482 1694; baseline -0.002 -13"><span class='ocrx_word' id='word_1_203' title='bbox 155 1642 330 1694; x_wconf 87' lang='lat' dir='ltr'>Denique</span> <span class='ocrx_word' id='word_1_204' title='bbox 363 1648 402 1680; x_wconf 86' lang='lat' dir='ltr'>et</span> <span class='ocrx_word' id='word_1_205' title='bbox 432 1641 494 1679; x_wconf 87' lang='lat' dir='ltr'>hic</span> <span class='ocrx_word' id='word_1_206' title='bbox 526 1654 600 1678; x_wconf 91' lang='lat' dir='ltr'>non</span> <span class='ocrx_word' id='word_1_207' title='bbox 634 1641 756 1680; x_wconf 92' lang='lat' dir='ltr'>minus</span> <span class='ocrx_word' id='word_1_208' title='bbox 788 1653 988 1691; x_wconf 88' lang='lat' dir='ltr'>quaeram,</span> <span class='ocrx_word' id='word_1_209' title='bbox 1028 1654 1096 1680; x_wconf 89' lang='lat' dir='ltr'>cur</span> <span class='ocrx_word' id='word_1_210' title='bbox 1121 1654 1196 1679; x_wconf 92' lang='lat' dir='ltr'>non</span> <span class='ocrx_word' id='word_1_211' title='bbox 1223 1654 1246 1679; x_wconf 87' lang='lat' dir='ltr'>a</span> <span class='ocrx_word' id='word_1_212' title='bbox 1266 1640 1482 1693; x_wconf 46' lang='lat' dir='ltr'>¹primordio</span> 
     </span>
     <span class='ocr_line' id='line_1_27' title="bbox 156 1697 1484 1752; baseline -0.002 -14"><span class='ocrx_word' id='word_1_213' title='bbox 156 1707 316 1752; x_wconf 88' lang='lat' dir='ltr'>operata</span> <span class='ocrx_word' id='word_1_214' title='bbox 343 1700 393 1737; x_wconf 89' lang='lat' dir='ltr'>sit</span> <span class='ocrx_word' id='word_1_215' title='bbox 416 1698 568 1736; x_wconf 87' lang='lat' dir='ltr'>bonitas</span> <span class='ocrx_word' id='word_1_216' title='bbox 594 1698 688 1743; x_wconf 86' lang='lat' dir='ltr'>eius,</span> <span class='ocrx_word' id='word_1_217' title='bbox 716 1712 825 1750; x_wconf 85' lang='lat' dir='ltr'>quam</span> <span class='ocrx_word' id='word_1_218' title='bbox 847 1697 894 1737; x_wconf 92' lang='lat' dir='ltr'>de</span> <span class='ocrx_word' id='word_1_219' title='bbox 915 1701 997 1750; x_wconf 89' lang='lat' dir='ltr'>ipso</span> <span class='ocrx_word' id='word_1_220' title='bbox 1019 1699 1285 1750; x_wconf 84' lang='lat' dir='ltr'>quaesivimus,</span> <span class='ocrx_word' id='word_1_221' title='bbox 1313 1711 1384 1737; x_wconf 85' lang='lat' dir='ltr'>cur</span> <span class='ocrx_word' id='word_1_222' title='bbox 1408 1711 1484 1736; x_wconf 91' lang='lat' dir='ltr'>non</span> 
     </span>
     <span class='ocr_line' id='line_1_28' title="bbox 156 1755 1485 1809; baseline -0.002 -13"><span class='ocrx_word' id='word_1_223' title='bbox 156 1771 180 1796; x_wconf 86' lang='lat' dir='ltr'>a</span> <span class='ocrx_word' id='word_1_224' title='bbox 204 1755 416 1809; x_wconf 87' lang='lat' dir='ltr'>primordio</span> <span class='ocrx_word' id='word_1_225' title='bbox 442 1756 492 1794; x_wconf 91' lang='lat' dir='ltr'>sit</span> <span class='ocrx_word' id='word_1_226' title='bbox 516 1755 733 1798; x_wconf 82' lang='lat' dir='ltr'>revelatus?</span> <span class='ocrx_word' id='word_1_227' title='bbox 794 1755 953 1803; x_wconf 84' lang='lat' dir='ltr'>Quidni,</span> <span class='ocrx_word' id='word_1_228' title='bbox 993 1756 1054 1807; x_wconf 87' lang='lat' dir='ltr'>qui</span> <span class='ocrx_word' id='word_1_229' title='bbox 1086 1769 1157 1807; x_wconf 88' lang='lat' dir='ltr'>per</span> <span class='ocrx_word' id='word_1_230' title='bbox 1186 1756 1397 1795; x_wconf 88' lang='lat' dir='ltr'>bonitatem</span> <span class='ocrx_word' id='word_1_231' title='bbox 1422 1768 1485 1795; x_wconf 79' lang='lat' dir='ltr'>re-</span> 
     </span>
     <span class='ocr_line' id='line_1_29' title="bbox 156 1812 1485 1866; baseline -0.002 -13"><span class='ocrx_word' id='word_1_232' title='bbox 156 1816 277 1853; x_wconf 86' lang='lat' dir='ltr'>velari</span> <span class='ocrx_word' id='word_1_233' title='bbox 315 1813 497 1860; x_wconf 83' lang='lat' dir='ltr'>haberet,</span> <span class='ocrx_word' id='word_1_234' title='bbox 535 1814 567 1851; x_wconf 91' lang='lat' dir='ltr'>si</span> <span class='ocrx_word' id='word_1_235' title='bbox 600 1814 662 1866; x_wconf 89' lang='lat' dir='ltr'>qui</span> <span class='ocrx_word' id='word_1_236' title='bbox 693 1813 854 1852; x_wconf 78' lang='lat' dir='ltr'>fuisset?</span> <span class='ocrx_word' id='word_1_237' title='bbox 912 1812 1003 1851; x_wconf 91' lang='lat' dir='ltr'>Non</span> <span class='ocrx_word' id='word_1_238' title='bbox 1035 1826 1148 1865; x_wconf 87' lang='lat' dir='ltr'>posse</span> <span class='ocrx_word' id='word_1_239' title='bbox 1182 1813 1270 1865; x_wconf 90' lang='lat' dir='ltr'>quid</span> <span class='ocrx_word' id='word_1_240' title='bbox 1303 1812 1376 1852; x_wconf 89' lang='lat' dir='ltr'>deo</span> <span class='ocrx_word' id='word_1_241' title='bbox 1408 1826 1485 1852; x_wconf 90' lang='lat' dir='ltr'>non</span> 
     </span>
     <span class='ocr_line' id='line_1_30' title="bbox 160 1870 1484 1922; baseline -0.002 -12"><span class='ocrx_word' id='word_1_242' title='bbox 160 1873 270 1918; x_wconf 90' lang='lat' dir='ltr'>licet,</span> <span class='ocrx_word' id='word_1_243' title='bbox 309 1870 448 1909; x_wconf 85' lang='lat' dir='ltr'>nedum</span> <span class='ocrx_word' id='word_1_244' title='bbox 480 1871 718 1909; x_wconf 88' lang='lat' dir='ltr'>naturalibus</span> <span class='ocrx_word' id='word_1_245' title='bbox 749 1872 827 1909; x_wconf 90' lang='lat' dir='ltr'>suis</span> <span class='ocrx_word' id='word_1_246' title='bbox 865 1871 990 1922; x_wconf 84' lang='lat' dir='ltr'>fungi,</span> <span class='ocrx_word' id='word_1_247' title='bbox 1031 1884 1127 1922; x_wconf 87' lang='lat' dir='ltr'>quae</span> <span class='ocrx_word' id='word_1_248' title='bbox 1160 1872 1190 1909; x_wconf 87' lang='lat' dir='ltr'>si</span> <span class='ocrx_word' id='word_1_249' title='bbox 1225 1872 1484 1917; x_wconf 88' lang='lat' dir='ltr'>continentur,</span> 
     </span>
     <span class='ocr_line' id='line_1_31' title="bbox 159 1928 1485 1981; baseline -0.001 -14"><span class='ocrx_word' id='word_1_250' title='bbox 159 1942 233 1981; x_wconf 89' lang='lat' dir='ltr'>quo</span> <span class='ocrx_word' id='word_1_251' title='bbox 265 1929 386 1967; x_wconf 84' lang='lat' dir='ltr'>miuus</span> <span class='ocrx_word' id='word_1_252' title='bbox 419 1935 593 1974; x_wconf 85' lang='lat' dir='ltr'>currant,</span> <span class='ocrx_word' id='word_1_253' title='bbox 632 1929 822 1966; x_wconf 86' lang='lat' dir='ltr'>naturalia</span> <span class='ocrx_word' id='word_1_254' title='bbox 853 1942 928 1966; x_wconf 91' lang='lat' dir='ltr'>non</span> <span class='ocrx_word' id='word_1_255' title='bbox 967 1936 1090 1966; x_wconf 87' lang='lat' dir='ltr'>erunt.</span> <span class='ocrx_word' id='word_1_256' title='bbox 1152 1928 1205 1967; x_wconf 86' lang='lat' dir='ltr'>Et-</span> <span class='ocrx_word' id='word_1_257' title='bbox 1234 1929 1352 1967; x_wconf 91' lang='lat' dir='ltr'>otium</span> <span class='ocrx_word' id='word_1_258' title='bbox 1384 1929 1485 1967; x_wconf 88' lang='lat' dir='ltr'>enim</span> 
     </span>
     <span class='ocr_line' id='line_1_32' title="bbox 159 1983 1485 2037; baseline -0.002 -12"><span class='ocrx_word' id='word_1_259' title='bbox 159 1987 218 2025; x_wconf 90' lang='lat' dir='ltr'>sui</span> <span class='ocrx_word' id='word_1_260' title='bbox 257 1992 394 2024; x_wconf 88' lang='lat' dir='ltr'>natura</span> <span class='ocrx_word' id='word_1_261' title='bbox 429 1998 506 2023; x_wconf 91' lang='lat' dir='ltr'>non</span> <span class='ocrx_word' id='word_1_262' title='bbox 538 1986 656 2024; x_wconf 89' lang='lat' dir='ltr'>novit.</span> <span class='ocrx_word' id='word_1_263' title='bbox 719 1984 817 2024; x_wconf 90' lang='lat' dir='ltr'>Hinc</span> <span class='ocrx_word' id='word_1_264' title='bbox 850 1992 1050 2032; x_wconf 87' lang='lat' dir='ltr'>censetur,</span> <span class='ocrx_word' id='word_1_265' title='bbox 1089 1987 1121 2024; x_wconf 91' lang='lat' dir='ltr'>si</span> <span class='ocrx_word' id='word_1_266' title='bbox 1152 1987 1355 2037; x_wconf 79' lang='lat' dir='ltr'>agatur1).</span> <span class='ocrx_word' id='word_1_267' title='bbox 1419 1983 1485 2024; x_wconf 89' lang='lat' dir='ltr'>Sic</span> 
     </span>
     <span class='ocr_line' id='line_1_33' title="bbox 160 2038 1484 2083; baseline -0.001 -1"><span class='ocrx_word' id='word_1_268' title='bbox 160 2057 233 2083; x_wconf 89' lang='lat' dir='ltr'>nec</span> <span class='ocrx_word' id='word_1_269' title='bbox 259 2043 426 2081; x_wconf 89' lang='lat' dir='ltr'>noluisse</span> <span class='ocrx_word' id='word_1_270' title='bbox 457 2041 652 2080; x_wconf 87' lang='lat' dir='ltr'>videbitur</span> <span class='ocrx_word' id='word_1_271' title='bbox 683 2054 871 2081; x_wconf 84' lang='lat' dir='ltr'>exercere</span> <span class='ocrx_word' id='word_1_272' title='bbox 902 2043 1113 2082; x_wconf 88' lang='lat' dir='ltr'>bonitatem</span> <span class='ocrx_word' id='word_1_273' title='bbox 1146 2038 1298 2082; x_wconf 81' lang='lat' dir='ltr'>interim</span> <span class='ocrx_word' id='word_1_274' title='bbox 1324 2049 1484 2082; x_wconf 84' lang='lat' dir='ltr'>naturae</span> 
     </span>
     <span class='ocr_line' id='line_1_34' title="bbox 161 2099 1486 2152; baseline -0.001 -13"><span class='ocrx_word' id='word_1_275' title='bbox 161 2102 327 2140; x_wconf 91' lang='lat' dir='ltr'>nomine.</span> <span class='ocrx_word' id='word_1_276' title='bbox 389 2099 539 2138; x_wconf 87' lang='lat' dir='ltr'>Natura</span> <span class='ocrx_word' id='word_1_277' title='bbox 569 2101 669 2138; x_wconf 90' lang='lat' dir='ltr'>enim</span> <span class='ocrx_word' id='word_1_278' title='bbox 701 2113 742 2138; x_wconf 92' lang='lat' dir='ltr'>se</span> <span class='ocrx_word' id='word_1_279' title='bbox 755 2101 794 2150; x_wconf 80' lang='lat'>2)</span> <span class='ocrx_word' id='word_1_280' title='bbox 821 2113 896 2139; x_wconf 92' lang='lat' dir='ltr'>non</span> <span class='ocrx_word' id='word_1_281' title='bbox 928 2108 1057 2152; x_wconf 88' lang='lat' dir='ltr'>potest</span> <span class='ocrx_word' id='word_1_282' title='bbox 1082 2102 1202 2147; x_wconf 90' lang='lat' dir='ltr'>nolle,</span> <span class='ocrx_word' id='word_1_283' title='bbox 1242 2113 1339 2152; x_wconf 85' lang='lat' dir='ltr'>quae</span> <span class='ocrx_word' id='word_1_284' title='bbox 1365 2113 1406 2139; x_wconf 92' lang='lat' dir='ltr'>se</span> <span class='ocrx_word' id='word_1_285' title='bbox 1432 2101 1486 2138; x_wconf 86' lang='lat' dir='ltr'>ita</span> 
     </span>
     <span class='ocr_line' id='line_1_35' title="bbox 161 2156 1485 2210; baseline -0.001 -13"><span class='ocrx_word' id='word_1_286' title='bbox 161 2158 312 2210; x_wconf 83' lang='lat' dir='ltr'>dirigit,</span> <span class='ocrx_word' id='word_1_287' title='bbox 351 2164 393 2196; x_wconf 89' lang='lat' dir='ltr'>ut</span> <span class='ocrx_word' id='word_1_288' title='bbox 428 2158 460 2195; x_wconf 92' lang='lat' dir='ltr'>si</span> <span class='ocrx_word' id='word_1_289' title='bbox 493 2158 721 2204; x_wconf 91' lang='lat' dir='ltr'>cessaverit,</span> <span class='ocrx_word' id='word_1_290' title='bbox 760 2170 835 2195; x_wconf 89' lang='lat' dir='ltr'>non</span> <span class='ocrx_word' id='word_1_291' title='bbox 861 2158 922 2196; x_wconf 90' lang='lat' dir='ltr'>sit.</span> <span class='ocrx_word' id='word_1_292' title='bbox 985 2157 1064 2197; x_wconf 88' lang='lat' dir='ltr'>Sed</span> <span class='ocrx_word' id='word_1_293' title='bbox 1091 2159 1255 2197; x_wconf 88' lang='lat' dir='ltr'>cessavit</span> <span class='ocrx_word' id='word_1_294' title='bbox 1280 2156 1485 2210; x_wconf 86' lang='lat' dir='ltr'>aliquando</span> 
     </span>
     <span class='ocr_line' id='line_1_36' title="bbox 162 2214 1486 2268; baseline 0 -14"><span class='ocrx_word' id='word_1_295' title='bbox 162 2218 199 2255; x_wconf 90' lang='lat' dir='ltr'>in</span> <span class='ocrx_word' id='word_1_296' title='bbox 226 2215 301 2264; x_wconf 78' lang='lat' dir='ltr'>deo</span> <span class='ocrx_word' id='word_1_297' title='bbox 321 2215 533 2254; x_wconf 88' lang='lat' dir='ltr'>Marcionis</span> <span class='ocrx_word' id='word_1_298' title='bbox 559 2214 606 2254; x_wconf 90' lang='lat' dir='ltr'>de</span> <span class='ocrx_word' id='word_1_299' title='bbox 634 2228 751 2267; x_wconf 91' lang='lat' dir='ltr'>opere</span> <span class='ocrx_word' id='word_1_300' title='bbox 777 2215 960 2253; x_wconf 89' lang='lat' dir='ltr'>bonitatis</span> <span class='ocrx_word' id='word_1_301' title='bbox 974 2215 1026 2268; x_wconf 82' lang='lat'>3).</span> <span class='ocrx_word' id='word_1_302' title='bbox 1088 2215 1194 2267; x_wconf 84' lang='lat' dir='ltr'>Ergo</span> <span class='ocrx_word' id='word_1_303' title='bbox 1222 2229 1297 2259; x_wconf 84' lang='lat' dir='ltr'>non</span> <span class='ocrx_word' id='word_1_304' title='bbox 1323 2216 1395 2255; x_wconf 87' lang='lat' dir='ltr'>fuit</span> <span class='ocrx_word' id='word_1_305' title='bbox 1419 2227 1486 2254; x_wconf 84' lang='lat' dir='ltr'>na-</span> 
     </span>
     <span class='ocr_line' id='line_1_37' title="bbox 162 2272 1487 2325; baseline -0.001 -13"><span class='ocrx_word' id='word_1_306' title='bbox 162 2274 296 2312; x_wconf 83' lang='lat' dir='ltr'>turalis</span> <span class='ocrx_word' id='word_1_307' title='bbox 320 2273 492 2320; x_wconf 83' lang='lat' dir='ltr'>bonitas,</span> <span class='ocrx_word' id='word_1_308' title='bbox 526 2286 622 2325; x_wconf 86' lang='lat' dir='ltr'>quae</span> <span class='ocrx_word' id='word_1_309' title='bbox 648 2274 773 2325; x_wconf 89' lang='lat' dir='ltr'>potuit</span> <span class='ocrx_word' id='word_1_310' title='bbox 797 2272 1002 2325; x_wconf 89' lang='lat' dir='ltr'>aliquando</span> <span class='ocrx_word' id='word_1_311' title='bbox 1030 2286 1222 2321; x_wconf 86' lang='lat' dir='ltr'>cessasse,</span> <span class='ocrx_word' id='word_1_312' title='bbox 1251 2272 1351 2325; x_wconf 89' lang='lat' dir='ltr'>quod</span> <span class='ocrx_word' id='word_1_313' title='bbox 1376 2279 1487 2312; x_wconf 83' lang='lat' dir='ltr'>natu-</span> 
     </span>
     <span class='ocr_line' id='line_1_38' title="bbox 163 2330 1486 2379; baseline -0.001 -10"><span class='ocrx_word' id='word_1_314' title='bbox 163 2331 306 2371; x_wconf 83' lang='lat' dir='ltr'>ralibus</span> <span class='ocrx_word' id='word_1_315' title='bbox 332 2344 409 2370; x_wconf 86' lang='lat' dir='ltr'>non</span> <span class='ocrx_word' id='word_1_316' title='bbox 434 2330 540 2370; x_wconf 87' lang='lat' dir='ltr'>licet.</span> <span class='ocrx_word' id='word_1_317' title='bbox 571 2330 622 2369; x_wconf 92' lang='lat' dir='ltr'>Et</span> <span class='ocrx_word' id='word_1_318' title='bbox 647 2331 679 2369; x_wconf 91' lang='lat' dir='ltr'>si</span> <span class='ocrx_word' id='word_1_319' title='bbox 705 2344 780 2368; x_wconf 91' lang='lat' dir='ltr'>non</span> <span class='ocrx_word' id='word_1_320' title='bbox 807 2332 882 2370; x_wconf 84' lang='lat' dir='ltr'>erit</span> <span class='ocrx_word' id='word_1_321' title='bbox 907 2332 1103 2379; x_wconf 84' lang='lat' dir='ltr'>naturalis,</span> <span class='ocrx_word' id='word_1_322' title='bbox 1131 2332 1203 2370; x_wconf 88' lang='lat' dir='ltr'>iam</span> <span class='ocrx_word' id='word_1_323' title='bbox 1229 2344 1302 2370; x_wconf 84' lang='lat' dir='ltr'>nee</span> <span class='ocrx_word' id='word_1_324' title='bbox 1328 2337 1486 2370; x_wconf 81' lang='lat' dir='ltr'>aeterna</span> 
     </span>
    </p>
   </div>
   <div class='ocr_carea' id='block_1_3' title="bbox 166 2424 1488 2521">
    <p class='ocr_par' dir='ltr' id='par_1_4' title="bbox 166 2424 1488 2521">
     <span class='ocr_line' id='line_1_39' title="bbox 258 2424 1488 2477; baseline -0.001 -12"><span class='ocrx_word' id='word_1_325' title='bbox 258 2433 296 2477; x_wconf 87' lang='lat'>1)</span> <span class='ocrx_word' id='word_1_326' title='bbox 324 2424 711 2476; x_wconf 37' lang='lat' dir='ltr'>ciacconiusslunius,</span> <span class='ocrx_word' id='word_1_327' title='bbox 737 2436 862 2475; x_wconf 78' lang='lat' dir='ltr'>Rigalt.</span> <span class='ocrx_word' id='word_1_328' title='bbox 888 2436 927 2467; x_wconf 81' lang='lat' dir='ltr'>sl</span> <span class='ocrx_word' id='word_1_329' title='bbox 958 2437 1080 2476; x_wconf 78' lang='lat' dir='ltr'>agat;</span> <span class='ocrx_word' id='word_1_330' title='bbox 1116 2435 1150 2466; x_wconf 84' lang='lat' dir='ltr'>si</span> <span class='ocrx_word' id='word_1_331' title='bbox 1181 2445 1259 2466; x_wconf 85' lang='lat' dir='ltr'>nec</span> <span class='ocrx_word' id='word_1_332' title='bbox 1284 2434 1488 2465; x_wconf 69' lang='lat' dir='ltr'>nol-nisse</span> 
     </span>
     <span class='ocr_line' id='line_1_40' title="bbox 166 2479 1487 2521; baseline 0 -11"><span class='ocrx_word' id='word_1_333' title='bbox 166 2482 230 2511; x_wconf 79' lang='lat' dir='ltr'>etc.</span> <span class='ocrx_word' id='word_1_334' title='bbox 327 2482 364 2519; x_wconf 85' lang='lat'>2)</span> <span class='ocrx_word' id='word_1_335' title='bbox 391 2482 473 2513; x_wconf 85' lang='lat' dir='ltr'>Alii:</span> <span class='ocrx_word' id='word_1_336' title='bbox 500 2482 555 2520; x_wconf 71' lang='grc' dir='ltr'>εἰς</span> <span class='ocrx_word' id='word_1_337' title='bbox 581 2483 641 2512; x_wconf 80' lang='lat' dir='ltr'>sed</span> <span class='ocrx_word' id='word_1_338' title='bbox 656 2482 870 2513; x_wconf 75' lang='lat' dir='ltr'>desideratur</span> <span class='ocrx_word' id='word_1_339' title='bbox 891 2483 1050 2521; x_wconf 79' lang='lat' dir='ltr'>vei-bum,</span> <span class='ocrx_word' id='word_1_340' title='bbox 1079 2491 1119 2512; x_wconf 77' lang='lat' dir='ltr'>ac</span> <span class='ocrx_word' id='word_1_341' title='bbox 1142 2481 1260 2512; x_wconf 81' lang='lat' dir='ltr'>nescio</span> <span class='ocrx_word' id='word_1_342' title='bbox 1281 2479 1323 2510; x_wconf 79' lang='lat' dir='ltr'>a&#39;n</span> <span class='ocrx_word' id='word_1_343' title='bbox 1340 2480 1384 2511; x_wconf 83' lang='lat' dir='ltr'>sit</span> <span class='ocrx_word' id='word_1_344' title='bbox 1398 2480 1487 2510; x_wconf 78' lang='lat' dir='ltr'>scri-</span> 
     </span>
    </p>
   </div>
   <div class='ocr_carea' id='block_1_4' title="bbox 164 2523 1488 2603">
    <p class='ocr_par' dir='ltr' id='par_1_5' title="bbox 164 2523 1488 2603">
     <span class='ocr_line' id='line_1_41' title="bbox 164 2523 1488 2602; baseline 0.002 -47"><span class='ocrx_word' id='word_1_345' title='bbox 164 2527 308 2602; x_wconf 49' lang='lat' dir='ltr'>gendutm</span> <span class='ocrx_word' id='word_1_346' title='bbox 322 2536 329 2557; x_wconf 90' lang='lat'>:</span> <span class='ocrx_word' id='word_1_347' title='bbox 344 2536 455 2566; x_wconf 73' lang='lat' dir='ltr'>esse,</span> <span class='ocrx_word' id='word_1_348' title='bbox 472 2529 516 2560; x_wconf 83' lang='lat' dir='ltr'>cf.</span> <span class='ocrx_word' id='word_1_349' title='bbox 531 2529 564 2558; x_wconf 86' lang='lat' dir='ltr'>in</span> <span class='ocrx_word' id='word_1_350' title='bbox 580 2525 763 2568; x_wconf 78' lang='lat' dir='ltr'>proximis:</span> <span class='ocrx_word' id='word_1_351' title='bbox 779 2530 899 2560; x_wconf 77' lang='lat' dir='ltr'>Potest</span> <span class='ocrx_word' id='word_1_352' title='bbox 913 2528 1001 2559; x_wconf 86' lang='lat' dir='ltr'>enim</span> <span class='ocrx_word' id='word_1_353' title='bbox 1018 2531 1051 2559; x_wconf 84' lang='lat' dir='ltr'>et</span> <span class='ocrx_word' id='word_1_354' title='bbox 1065 2537 1133 2558; x_wconf 89' lang='lat' dir='ltr'>non</span> <span class='ocrx_word' id='word_1_355' title='bbox 1150 2536 1225 2558; x_wconf 85' lang='lat' dir='ltr'>esse</span> <span class='ocrx_word' id='word_1_356' title='bbox 1245 2528 1309 2557; x_wconf 79' lang='lat' dir='ltr'>etc.</span> <span class='ocrx_word' id='word_1_357' title='bbox 1364 2523 1400 2567; x_wconf 85' lang='lat'>3)</span> <span class='ocrx_word' id='word_1_358' title='bbox 1412 2526 1488 2567; x_wconf 84' lang='lat' dir='ltr'>Rig.</span> 
     </span>
     <span class='ocr_line' id='line_1_42' title="bbox 196 2581 346 2603; baseline 0.013 -2"><span class='ocrx_word' id='word_1_359' title='bbox 196 2581 264 2602; x_wconf 78' lang='lat' dir='ltr'>oni</span> <span class='ocrx_word' id='word_1_360' title='bbox 281 2581 346 2603; x_wconf 72' lang='lat' dir='ltr'>as.</span> 
     </span>
    </p>
   </div>
  </div>
 </body>
</html>
