1566 2808
0 189 6 193 '
0 0 40 179 “ww->m

358 175 482 226 Anv.
517 168 1096 226 mancioNEMnmEn
1131 196 1156 225 1.
1347 194 1422 231 49

95 285 203 334 dam,
241 287 304 326 cui
327 285 544 326 adscribam
569 286 823 333 substantiae,
863 286 1016 326 scilicet
1041 300 1116 339 qua
1149 294 1320 335 constat,
1360 289 1423 340 qui

3 363 8 373 ι
75 343 192 384 μ«113115
229 341 382 391 dicitur,
421 350 463 382 et
493 356 674 382 summum
707 357 883 395 magnum
916 357 966 383 ex
990 345 1222 392 substantia,
1261 358 1338 384 non
1374 358 1425 384 ex

95 402 272 448 nominc,
296 399 514 453 deputatur.
576 400 750 453 Denique
777 402 852 440 hoc
879 409 919 440 et
943 402 1119 441 Marcion
1146 416 1214 441 suo
1241 402 1316 442 deo
1340 404 1424 442 vin-

94 457 249 507 dicam,
280 457 491 497 secundm
517 465 676 505 statum,
709 473 784 497 non
812 458 1021 498 secundnm
1046 460 1274 498 vocabulum
1299 459 1425 499 vindi-

95 522 189 556 cat·
231 514 274 555 ld
300 529 397 568 ergo
424 529 605 554 summum
632 530 828 568 magnum,
862 516 963 568 quod
990 516 1064 556 deo
1096 517 1351 558 adscribimus
1374 530 1425 556 ex

94 573 328 614 substantiae
360 574 468 624 lege,
507 587 583 612 non
616 587 665 612 ex
701 575 864 612 nominis
903 582 1027 625 sorte,
1069 574 1337 614 contendimus
1374 587 1429 614 ex

92 631 288 683 pal-iesse
315 629 460 670 debere
486 631 525 669 in
551 630 711 678 duobus,
738 633 868 686 quiea
894 632 1106 671 substantia
1131 640 1323 678 constant,
1350 645 1424 683 qua

94 687 190 727 deus
215 687 375 737 dicitur,
415 690 504 740 quia
527 690 566 727 in
599 696 778 740 quantum
805 688 858 727 dii
882 696 1090 734 vocantur,
1128 688 1167 726 id
1195 696 1254 727 est
1279 702 1424 727 summa

93 744 525 797 magna‚'substantiae
562 746 717 784 scilicet
750 747 888 784 merito
919 747 1074 783 innatae
1100 753 1140 784 et
1164 753 1349 784 aeternae
1376 759 1422 784 ac

93 814 167 855 per
187 802 265 841 boc
288 815 451 854 magnae
477 809 518 840 et
542 815 728 849 summae,
755 804 793 841 in
819 810 963 841 tantum
989 817 1065 841 non
1091 804 1215 854 possit
1230 816 1422 842 ‘summum

93 873 271 912 magnum
304 861 424 898 minus
456 867 501 899 et,
528 859 698 899 deterius
728 860 806 898 alio
832 874 976 899 summo
1002 860 1317 911 magnovhaberi.
1379 859 1422 898 Si

92 918 226 956 summi
250 919 379 968 magni
404 917 570 956 felicitas
601 925 642 956 et
676 918 887 956 sublimitas
918 925 959 956 et
994 919 1199 969 integritas
1229 918 1347 956 stabit
1366 919 1422 969 ‘in

92 972 168 1014 deo
192 974 416 1021 Marcionis,
443 975 560 1013 stabit
583 988 706 1027 aeque
732 983 773 1014 et
802 977 840 1014 in
867 982 1019 1023 nosti-03
1057 977 1090 1013 si
1113 989 1198 1017 >non
1223 982 1264 1014 et
1288 977 1327 1013 in
1352 989 1422 1013 no-

93 1038 195 1078 stro,
232 1045 355 1084 aeque
392 1045 465 1071 nec
487 1034 529 1085 in
554 1032 779 1072 Marcionis.
840 1032 947 1084 Ergo
974 1046 1046 1072 nec
1073 1034 1182 1084 paria
1207 1040 1320 1071 erunt
1346 1031 1421 1070 duo

92 1101 233 1128 sumnia
271 1102 427 1145 magna,
467 1092 555 1141 quia
584 1091 766 1142 prohibet
797 1089 982 1142 disposita
1014 1092 1089 1129 iam
1121 1091 1257 1141 regula
1288 1091 1422 1128 summi

92 1147 222 1198 magui
258 1148 585 1198 comparationem
617 1161 693 1184 non
725 1149 965 1192 sustinentis,
1004 1161 1076 1184 nec
1109 1147 1294 1198 disparia,
1334 1148 1422 1197 quia

93 1210 135 1242 et
157 1203 234 1242 alia
258 1205 391 1242 summi
417 1205 544 1254 magni
570 1204 704 1253 regula
725 1205 910 1250 occurrit,
937 1202 1236 1241 deminutionem
1257 1217 1333 1241 non
1353 1202 1421 1241 ad-

93 1260 259 1299 mittens.
304 1260 484 1306 Haesisti,
510 1260 701 1307 Marcion,
727 1261 765 1298 in
790 1259 918 1298 medio
933 1259 1047 1298 Ponti
1071 1261 1126 1299 tui
1151 1268 1273 1307 aestu,
1300 1262 1422 1298 utrin-

93 1330 167 1369 que
198 1324 237 1356 te
266 1318 404 1365 fluctus
435 1318 631 1356 involvunt
659 1318 854 1364 veritatis,
893 1330 965 1356 nec
997 1329 1115 1368 pares
1143 1331 1216 1356 nec
1247 1317 1421 1369 dispares
1466 1327 1468 1332 ’

93 1373 525 1426 deos'sisterc‘potes.
587 1374 673 1412 Duo
705 1375 805 1413 enim
838 1388 914 1412 non
946 1381 1052 1420 sunt,
1091 1373 1192 1426 quod
1224 1375 1422 1426 pertineat

90 1432 249 1484 proprie
273 1431 324 1470 ad
348 1433 496 1470 numeri
522 1438 792 1479 retractatum3
826 1444 1050 1484 quamquam
1077 1438 1157 1470 tota
1182 1432 1346 1470 materia
1372 1430 1419 1470 de

91 1487 241 1528 duobus
265 1488 340 1528 diis
365 1488 588 1535 dimicetur,
620 1489 679 1527 his
704 1490 856 1528 interim
890 1489 1001 1528 lineis
1027 1502 1111 1527 eam
1137 1489 1335 1535 clusimus,
1362 1490 1421 1526 in-

91 1553 154 1586 tra
177 1559 272 1599 quas
302 1546 351 1585 de
383 1546 640 1598 singularibus
670 1547 744 1585 iam
775 1546 1076 1599 proprietatibus
1108 1546 1418 1598 congrediemur.

207 1608 248 1646 8.
302 1604 432 1644 Primo
464 1605 672 1656 supercilio
705 1611 902 1656 stuporem
933 1617 1040 1643 suum
1077 1603 1287 1643 aedificant
1315 1604 1420 1642 Mar-

92 1662 281 1709 cionitae,
319 1661 421 1714 quod
455 1675 590 1700 novum
623 1661 735 1701 deum
766 1663 1008 1728 praeferant,
1048 1662 1154 1713 quasi
1180 1675 1250 1700 nos
1274 1662 1419 1700 veteris

92 1717 157 1758 «lei
181 1718 335 1771 pudeat.
398 1719 585 1758 Inflantur
608 1726 649 1758 et
672 1721 782 1771 pueri
807 1721 916 1758 noxis
942 1720 1105 1765 calceis,
1143 1718 1212 1757 sed
1237 1732 1260 1757 a
1284 1726 1419 1757 vetere

92 1774 324 1828 paedagogo
357 1777 521 1814 calceati
554 1790 643 1814 mox
671 1790 806 1815 vanam
838 1772 1000 1827 gloriam
1029 1776 1275 1827 v.apulabunt
1337 1772 1420 1813 No-

92 1845 179 1872 vum
203 1834 322 1884 igitur
344 1832 505 1871 audiens
525 1832 668 1875 deum
658 1847 696 1871 ιιι
714 1841 849 1872 vetere
868 1833 1008 1871 mundo
1035 1840 1075 1871 et
1098 1834 1136 1871 in
1161 1839 1295 1871 vetere
1321 1845 1418 1870 aevo

93 1897 135 1929 ct
156 1890 226 1929 sub
256 1897 390 1929 vetere
423 1889 498 1929 deo
529 1891 720 1941 ignotum,
753 1890 982 1937 inauditum,
1021 1903 1132 1942 quem
1164 1891 1281 1928 tantis
1310 1896 1418 1927 retro

92 1948 234 1988 seculis
257 1949 447 1987 neminem
473 1954 514 1987 et
536 1949 656 2000 ipsum
682 1949 899 1999 ignorantia
918 1949 1113 1999 antiquum
1133 1946 1285 1999 quidam
1311 1945 1419 1985 lesus

93 2003 269 2045 Christus
305 2012 347 2044 et
381 2006 447 2044 ille
484 2006 523 2043 in
552 2005 749 2044 veteribus
779 2005 994 2044 nominibus
1025 2018 1146 2044 novus
1170 2005 1417 2050 revelaverit,

91 2075 165 2103 nec
189 2064 290 2102 alius
312 2062 490 2109 antehac,
517 2064 663 2114 gratias
687 2076 762 2114 ago
787 2063 875 2102 huic
901 2063 1050 2114 gloriae
1075 2076 1221 2110 eorum,
1253 2062 1417 2100 maximo

91 2118 286 2161 adiutorio
310 2122 402 2161 eius(
418 2120 508 2162 hinc
532 2121 606 2158 iam
632 2121 810 2159 haeresin
834 2120 1085 2172 probaturus,
1118 2120 1241 2158 novae
1266 2120 1420 2158 scilicet

92 2173 301 2217 divinitatis
336 2178 630 2229 professionem.
702 2178 809 2216 Haec
845 2179 922 2216 erit
957 2179 1126 2224 novitas,
1167 2190 1264 2229 quae
1302 2178 1418 2216 etiam

92 2233 258 2273 ethnicis
282 2233 377 2273 deos
401 2236 555 2287 peperit
578 2248 679 2273 novo
699 2248 851 2287 semper
875 2248 921 2274 ac
946 2249 1046 2273 novo
1072 2236 1183 2273 titulo
1211 2245 1418 2273 consecra-

80 2291 209 2340 tionis
234 2292 430 2343 cuiusque.
492 2291 584 2339 Quis
609 2292 703 2331 deus
729 2307 867 2339 novus,
898 2293 970 2331 nisi
995 2292 1137 2330 falsus?
1195 2291 1256 2330 Ne
1284 2289 1418 2328 Satur-

92 2360 180 2387 num
206 2347 358 2401 quidem
389 2355 496 2386 tanta
525 2348 640 2387 hodie
673 2351 877 2401 antiquitas
903 2349 1015 2388 deum
1040 2349 1238 2400 probabit,
1266 2348 1419 2399 quia-et

18 2404 27 2440 ζ
92 2405 198 2445 illum
221 2407 373 2445 novitas
398 2404 601 2457 aliquando
633 2406 880 2457 produxerit,
913 2420 997 2445 cum
1022 2407 1182 2458 primum
1209 2417 1418 2444 consecra-

91 2463 160 2503 vit.
218 2462 275 2502 At
309 2464 412 2502 enim
445 2464 532 2501 viva
568 2469 609 2501 et
644 2476 827 2513 germana
859 2462 1037 2518 diyinitas
1068 2476 1139 2502 nec
1172 2461 1220 2501 de
1246 2463 1417 2500 novitate

27 2515 35 2561 ζ
93 2532 167 2560 nec
192 2519 241 2560 de
271 2527 482 2566 vetustate,
521 2518 588 2558 sed
621 2519 668 2558 de
701 2533 769 2559 sua
791 2510 956 2559 veritate
983 2527 1175 2559 censetur.
1235 2519 1323 2558 Non
1349 2520 1418 2557 ha-

29 2619 31 2621 ,
93 2577 161 2618 bet
183 2585 332 2631 tempus
357 2579 588 2626 aeternitas3
622 2591 733 2617 omne
765 2579 864 2617 enim
891 2585 1039 2629 tempus
1064 2579 1146 2630 ipsa
1171 2585 1244 2616 est.
1307 2575 1416 2625 Quod

151 2647 350 2679 Τειιτυιι..
381 2648 437 2679 111.
1161 2640 1187 2676 4
