1566 2808
138 190 213 228 zo
286 194 360 225 DE
399 194 1035 229 PRAESCRIPTIONIBUS
1072 192 1322 225 HAERET.

138 284 230 324 tudo
258 286 445 325 succedit.
492 286 672 326 Ceterum
698 289 790 326 satis
816 288 1003 339 ineptum,
1036 293 1078 325 ut
1102 286 1209 338 prior
1235 282 1307 335 [in]
1328 284 1365 333 1)
1392 281 1462 322 do-

139 344 263 381 ctrina
289 343 461 383 haeresis
486 345 693 391 habeatur,
730 344 792 384 vel
819 346 995 397 quoniam
1020 345 1102 396 ipsa
1127 350 1204 390 cst,
1239 355 1335 394 quae
1361 341 1464 379 sutu-

139 412 201 438 ras
238 400 422 439 haereses
448 409 500 450 ,et
531 401 722 453 cavendas
754 403 1048 454 praenuntiavit.
1109 399 1172 439 Ad
1204 401 1285 439 eius
1317 397 1463 437 doetri-

137 470 209 494 nae
248 458 453 496 ecclesiam
492 459 674 510 scriptum
712 467 788 507 est,
826 461 901 498 imo
939 461 1021 511 ipsa
1058 457 1234 497 doctrina
1259 453 1309 495 ad
1334 456 1464 495 eccle-

139 515 231 551 siam
257 528 361 553 suam
389 515 541 554 scribit:
581 523 622 555 et
646 518 677 554 si
710 518 869 567 angelus
901 516 948 555 de
983 516 1095 554 coelo
1121 516 1236 554 aliter
1266 513 1464 565 evangeli-

138 573 305 618 zaverit,
333 573 431 610 citra
458 587 567 625 quam
594 587 682 620 nos,
710 575 911 612 anathema
938 575 987 612 sit
1003 575 1056 622 2).
1108 604 1111 606 .

254 632 322 670 30.
372 629 445 668 Ubi
483 638 572 677 tunc
598 631 794 677 Marcion,
833 631 1015 669 Ponticus
1042 629 1264 675 nauclerus,
1305 626 1464 667 Stoicae

138 685 356 724 studiosus?
398 686 471 725 Ubi
501 695 587 726 tunc
614 687 859 735 Valentinus,
894 688 1118 726 Platonicae
1145 687 1342 725 sectator?
1365 684 1465 724 Nam

140 750 292 781 constat
322 744 408 782 illos
440 758 564 796 neque
597 744 696 784 adeo
730 747 817 783 olim
856 746 992 791 fuisse,
1036 743 1223 782 Antonini
1249 744 1333 781 sere
1361 744 1466 794 prin-

139 802 286 852 cipatu,
338 808 378 840 et
421 803 459 839 in
504 803 721 841 catholicae
764 805 886 854 primo
907 804 943 851 3)
985 801 1200 840 doctrinam
1251 799 1464 839 credidisse

138 857 238 909 apud
282 859 488 898 ecclesiam
532 859 811 898 Romanensem
867 860 935 898 sub
987 860 1214 911 episcopatu
1262 857 1466 896 Eleutheri

137 914 352 962 benedicti,
392 916 516 955 donec
545 917 592 955 ob
619 918 825 969 inquietam
852 931 983 956 eorum
1011 929 1161 968 semper
1187 915 1465 962 curiositatem,

139 985 212 1024 qua
248 974 389 1012 fratres
428 988 577 1026 quoque
613 975 877 1022 vitiabant4),
928 974 1046 1012 semel
1084 974 1296 1011 et‘iterum
1334 972 1465 1019 eiecti,

139 1029 331 1077 (Marcion
371 1031 521 1083 quidem
561 1046 643 1071 cum
682 1031 857 1070 ducentis
896 1032 1101 1077 sestertiis,
1148 1043 1245 1082 quae
1272 1029 1466 1068 ecclesiae
1510 1044 1514 1047 ¹
1553 1029 1559 1031 ”

138 1087 349 1135 intulerat,)
379 1090 585 1128 novissime
623 1091 660 1127 in
693 1097 919 1141 perpetuum
953 1088 1149 1126 dissidium
1181 1088 1366 1138 relegati,
1397 1098 1467 1125 ve·
1523 1106 1526 1111 ·

137 1156 234 1179 uena
263 1144 523 1184 doctrinarum
556 1159 707 1183 suarum
741 1145 1085 1183 disseminaverunt
1104 1141 1152 1190 ⁵).
1220 1138 1467 1178 Postmodum

136 1192 314 1230 Marcion
339 1193 616 1244 poenitentiam
644 1194 862 1239 confessus,
902 1211 986 1235 cum
1014 1196 1232 1235 conditioni
1254 1196 1367 1235 datae
1394 1197 1468 1236 sibi

139 1250 330 1295 occurrit,
368 1250 421 1286 ita
453 1261 588 1300 pacem
626 1257 871 1300 recepturus,
912 1250 943 1286 si
977 1256 1131 1288 ceteros
1164 1265 1333 1304 quoque,
1370 1265 1468 1305 quos

140 1305 349 1357 perditioni
376 1305 584 1352 erudisset,
625 1307 818 1344 ecclesiae
845 1307 1088 1352 restitueret,
1128 1314 1251 1344 morte
1277 1319 1468 1357 praeven-

138 1370 198 1400 tus
224 1370 294 1401 est.
347 1362 562 1413 Oportebat
588 1364 687 1401 enim
714 1364 898 1401 haereses
926 1376 1010 1401 esse
1031 1364 1084 1411 ⁶),
1123 1376 1196 1401 nec
1223 1370 1349 1401 tamen
1375 1362 1466 1402 ideo

137 1419 277 1457 bonum
304 1419 494 1466 haeresis,
523 1421 611 1471 quia
636 1433 722 1458 esse
749 1433 814 1458 eas
841 1420 1058 1471 oportebat,
1088 1421 1193 1471 quasi
1219 1433 1296 1457 non
1321 1426 1362 1458 et
1387 1433 1467 1458 ma-

139 1477 214 1515 lum
254 1478 471 1528 oportuerit
509 1490 607 1515 esse.
670 1477 768 1515 Nam
802 1484 841 1515 et
878 1476 1069 1514 dominum
1108 1476 1208 1515 tradi
1247 1477 1466 1528 oportebat,

138 1533 207 1572 sed
237 1547 308 1572 vae
340 1533 593 1584 traditori‘1),
627 1547 674 1573 ne
708 1535 789 1586 quis
829 1535 943 1572 etiam
982 1535 1070 1572 hine
1108 1534 1293 1573 haereses
1331 1533 1467 1574 defen-

138 1590 215 1629 dat.
285 1590 364 1629 Sed
384 1592 419 1641 8)
453 1598 492 1629 et
528 1591 676 1643 Apellis
714 1599 873 1630 stemma
910 1590 1197 1630 retractandum
1235 1598 1305 1630 est.
1372 1590 1467 1632 Tam

140 1662 216 1687 non
242 1656 351 1687 vetus
383 1655 422 1686 et
447 1649 547 1700 ipse,
582 1662 691 1700 quam
723 1649 899 1687 Marcion
926 1650 1122 1687 institutor
1152 1656 1196 1687 et·
1226 1649 1467 1701 praeforma-

138 1713 202 1744 tor
227 1707 326 1753 eius,
354 1705 421 1744 sed
448 1707 573 1757 lapsus
605 1707 642 1743 in
681 1707 822 1744 femina
855 1706 1033 1744 desertor
1065 1707 1327 1745 continentiae
1360 1707 1467 1746 Mar-

140 1764 351 1810 cionensis,
391 1763 437 1801 ab
477 1764 599 1802 oculis
637 1765 866 1802 sanctissimi
904 1765 1076 1814 magistri
1102 1762 1378 1803 Alexandriam
1404 1777 1466 1804 se-

140 1822 271 1859 cessit.
324 1819 416 1859 lnde
443 1829 530 1872 post
555 1835 674 1859 annos
701 1834 902 1872 regressus
928 1835 1003 1859 non
1030 1822 1179 1869 melior,
1207 1822 1279 1860 nisi
1305 1826 1464 1869 tantum,

139 1891 212 1929 qua
237 1879 311 1916 iam
338 1891 413 1915 non
437 1878 709 1926 Marcionites,
754 1880 792 1916 in
819 1880 978 1917 alteram
1004 1879 1182 1917 feminam
1209 1879 1385 1930 impegit,
1419 1879 1466 1917 il—

138 1936 211 1973 lam
247 1936 434 1986 vir'ginem
472 1935 740 1982 Philumenen,
780 1950 889 1988 quam
927 1950 1042 1988 supra
1079 1935 1284 1982 edidimus,
1328 1942 1467 1988 postea

137 2005 230 2031 vero
269 1993 430 2030 immane
468 1993 717 2044 prostibulum
745 2001 784 2031 et
809 1995 946 2045 ipsam,
975 1994 1081 2031 cuius
1113 2001 1361 2044 energemate
1388 1994 1466 2032 eir·

141 2057 379 2096 cumventuS,
420 2063 511 2101 quas
537 2051 583 2088 ab
612 2064 659 2088 ea
685 2050 839 2097 didicit,
877 2051 1130 2102 phaneroseis
1162 2045 1327 2106 scripsit.
1382 2049 1466 2089 Ad-

137 2107 211 2146 huc
238 2109 276 2146 in
301 2107 432 2145 seculo
460 2115 673 2159 supersunt,
702 2109 763 2159 qui
790 2109 1031 2146 meminerint
1056 2119 1201 2154 eorum,
1235 2109 1348 2146 etiam
1373 2121 1465 2160 pro·

137 2165 211 2216 prii
249 2164 461 2213 discentes,
502 2172 541 2204 et
577 2179 826 2204 successores
852 2167 1039 2217 ipsorum,
1084 2178 1132 2204 ne
1157 2165 1396 2217 posteriores
1422 2178 1464 2204 se

586 2219 595 2234 7

232 2304 267 2344 1)
294 2303 469 2334 particula
505 2304 545 2334 in
582 2305 678 2335 deest
713 2306 747 2336 in
780 2305 853 2336 cod.
879 2304 1069 2336 XVouweri.
1187 2302 1226 2348 2)
1256 2304 1331 2335 Gal.
1362 2306 1393 2344 1,
1432 2303 1477 2336 8.

139 2348 172 2388 3)
209 2349 317 2382 Rhen.
342 2350 382 2379 in
416 2350 678 2382 catholicam
709 2361 815 2390 pene
849 2348 975 2392 (ceteri
1006 2351 1101 2382 editt.
1135 2347 1287 2391 primo)
1329 2351 1463 2382 ‹lo-etr.

139 2396 205 2426 Sed
230 2396 360 2427 rectius
385 2396 456 2436 Rig.
489 2397 531 2427 in
561 2398 808 2428 catholicae
839 2398 903 2436 (sc.
938 2393 1123 2436 eeclesiae)
1158 2398 1296 2436 primo
1326 2395 1461 2426 doctr.

138 2442 174 2479 4)
201 2442 274 2481 Rig.
306 2450 325 2473 e
350 2451 413 2477 ms,
437 2452 557 2480 quam
589 2445 750 2474 fratres
783 2453 948 2482 quoque
981 2443 1188 2474 vitabant.
1292 2442 1330 2482 5)
1352 2439 1461 2472 Rhen.

139 2486 281 2518 eiecti.
329 2489 523 2519 Marcion
548 2506 594 2513 --
618 2490 848 2520 discidium
881 2490 1108 2529 relegatus
1133 2505 1179 2516 -ψ-
1209 2487 1462 2523 dissemina-

138 2531 211 2561 vit.
306 2534 342 2572 G)
370 2536 388 2563 1
416 2535 493 2565 Cor.
515 2537 568 2574 11,
593 2536 645 2566 19.
742 2538 778 2575 Ἰ)
805 2533 986 2574 Marc.14,
1005 2536 1060 2566 21.
1156 2532 1382 2573 &Rhemum
1396 2541 1461 2565 ex-

139 2578 239 2616 cepto
254 2577 499 2612 editt.omnes:
524 2582 570 2613 Si
596 2583 635 2613 et
660 2583 727 2621 Ap.
744 2599 780 2604 —
799 2582 978 2612 retract.
1004 2581 1083 2622 ent,
1103 2581 1192 2610 ‘tam
1216 2580 1283 2611 ete.
