1604 2800
551 186 676 218 Anv.
711 184 982 218 lUDAEOS.
1330 186 1432 225 385

104 285 267 332 propter
290 276 455 318 divinam
480 278 720 330 religionem.
768 277 880 318 Alios
905 281 1004 319 enim
1030 278 1309 332 lapidaverunt,
1334 280 1433 320 alios

105 337 348 388 fugaverunt,
373 337 502 389 plures
527 349 621 375 vero
647 336 694 374 ad
721 338 853 375 mortis
878 351 1013 376 necem
1039 336 1299 385 tradiderunt,
1331 337 1435 390 quod

104 406 250 446 negare
265 407 341 432 non
362 402 532 446 possunt.
571 394 655 432 Hoc
676 395 817 445 lignum
838 394 909 433 sibi
924 403 963 434 et
977 395 1099 442 Isaac,
1126 395 1224 433 filius
1237 394 1433 443 Abrahae,

103 450 154 490 ad
178 452 409 491 sacrificium
446 453 528 504 ipse
565 452 766 511 portabat,
807 465 890 490 cum
927 453 999 491 sibi
1031 466 1115 491 eum
1148 452 1241 491 deus
1271 452 1434 491 hostiam

103 508 190 548 fieri
213 510 493 562 praecepisset.
555 508 634 548 Sed
665 511 842 562 quoniam
873 510 970 549 haec
1002 510 1155 548 fuerant
1179 517 1432 557 sacramenta,

104 579 202 619 quae
234 567 471 619 temporibus
503 567 646 605 Christi
676 567 914 619 perficienda
944 568 1215 606 servabantur:
1254 574 1294 606 et
1324 567 1433 606 Isaac

103 637 187 663 cum
213 625 319 676 ligno
351 631 571 663 reservatus
602 631 680 671 est,
715 626 838 663 ariete
870 625 1000 664 oblato
1032 627 1070 663 in
1100 638 1219 677 vepre
1252 624 1434 663 cornibus

101 681 307 730 haerente,
339 689 379 720 et
405 682 578 720 Christus
608 683 685 720 suis
717 683 953 734 temporibus
984 684 1126 734 lignum
1158 683 1326 720 humeris
1357 683 1434 720 suis

100 739 283 791 portavit,
308 740 514 778 inhaerens
541 739 721 778 cornibus
747 741 885 785 crucis,
914 754 1058 778 corona
1083 741 1216 791 spinea
1242 740 1280 777 in
1307 740 1434 790 capite

101 797 187 835 eius
213 795 463 835 circumdata.
537 796 646 834 Hunc
678 798 778 834 enim
811 797 1018 847 oportebat
1042 810 1112 848 pro
1139 796 1313 834 omnibus
1339 809 1435 846 gen-

43 860 58 869 ·
101 853 204 892 tibus
229 854 314 892 fieri
338 853 584 899 sacrificium,
613 854 676 903 qui
702 860 879 904 tanquam
906 855 987 891 ovis
1012 852 1060 890 ad
1084 854 1276 890 victimam
1298 851 1434 890 ductus

102 917 181 958 est,
213 917 255 949 et
283 911 390 949 velut
420 923 541 961 agnus
573 922 703 948 coram
735 909 921 947 tondente
944 923 987 961 se
1013 911 1095 948 sine
1119 923 1237 955 voce,
1270 910 1325 948 sic
1357 923 1433 947 non

101 969 255 1021 aperuit
279 981 322 1006 os
347 980 472 1015 suum;
499 967 586 1019 (hic
613 967 711 1005 enim
733 966 857 1005 Pilato
878 968 1144 1018 interrogante
1166 967 1259 1004 nihil
1284 967 1433 1004 locutus

102 1028 204 1074 θεῖς)
231 1026 269 1064 in
294 1025 508 1063 humilitate
535 1025 634 1062 enim
660 1023 840 1061 iudicium
866 1025 948 1062 eius
974 1024 1161 1062 sublatum
1186 1030 1264 1071 est;
1297 1024 1433 1061 nativi-

100 1089 220 1122 tatem
245 1089 373 1121 autem
398 1083 480 1120 eius
506 1083 588 1133 quis
614 1081 885 1130 enarrabit?¹)
919 1082 1005 1133 quia
1036 1081 1158 1119 nullus
1184 1082 1336 1118 omnino
1362 1080 1433 1118 ho-

100 1141 241 1191 minum
259 1140 470 1178 nativitatis
484 1139 626 1177 Christi
646 1139 717 1176 fuit
737 1139 914 1177 conscius
935 1139 971 1176 in
993 1145 1196 1190 conceptu,
1218 1151 1300 1176 cum
1320 1139 1430 1188 virgo

99 1197 226 1237 Maria
248 1197 370 1237 verbo
396 1196 458 1235 dei
489 1209 706 1249 praegnans
736 1197 990 1242 inveniretur,
1029 1203 1070 1234 et
1105 1196 1192 1247 quia
1230 1195 1433 1233 tolleretur

100 1269 123 1294 a
148 1263 255 1295 terra
283 1255 364 1294 vita
395 1255 488 1293 eius.
558 1254 636 1292 Cur
665 1255 794 1305 itaque
824 1260 912 1305 post
941 1254 1263 1292 resurrectionem
1296 1253 1377 1290 eius
1408 1265 1432 1290 a

99 1315 279 1360 mortuis,
311 1326 408 1365 quae
435 1312 498 1350 die
524 1312 640 1350 tertia
665 1311 807 1350 effecta
832 1317 904 1357 est,
938 1312 1039 1349 coeli
1065 1324 1149 1349 eum
1175 1311 1432 1361 receperunt?

100 1370 311 1410 secundum
346 1370 588 1423 prophetiam
620 1368 811 1416 Esaiae2)
850 1369 1026 1407 emissam
1064 1366 1296 1407 huiusmodi:
1339 1373 1430 1405 aute

99 1429 224 1468 lucem
262 1435 423 1480 surgent
458 1426 505 1465 ad
543 1439 602 1464 me
640 1425 833 1465 dicentes:
872 1438 1002 1464 eamus
1038 1433 1079 1464 et
1113 1431 1352 1463 revertamur
1382 1421 1432 1462 ad

99 1485 293 1526 dominum
330 1485 462 1530 deum,
502 1484 679 1536 quoniam
716 1485 798 1535 ipse
830 1483 971 1534 eripiet
1001 1490 1041 1521 et
1072 1482 1253 1521 liberabit
1289 1481 1430 1531 nos.³)

99 1542 195 1582 Post
223 1542 391 1589 biduum,
424 1541 487 1580 die
513 1542 641 1587 tertia,
669 1553 766 1593 quae
792 1547 852 1579 est
871 1541 1113 1579 resurrectio
1138 1541 1220 1578 cius
1246 1538 1430 1589 gloriosa,

99 1600 151 1640 de
168 1602 333 1640 terrain
353 1600 487 1639 coelos
506 1612 591 1637 eum
610 1600 772 1650 recepit,
798 1596 899 1636 unde
925 1604 965 1636 et
987 1603 1149 1635 venerat
1172 1597 1253 1646 ipse
1274 1596 1430 1645 spiritus

99 1657 149 1697 ad
167 1658 369 1708 virginem,
396 1658 506 1694 cuius
522 1668 646 1706 neque
667 1655 903 1692 nativitatem
922 1666 1047 1704 neque
1067 1653 1282 1703 passionem
1298 1650 1430 1689 Iudaei

98 1721 353 1767 agnoverunt.
402 1713 526 1762 igitur
550 1712 727 1763 quoniam
752 1710 877 1748 adhuc
904 1708 1141 1748 contendunt
1166 1707 1310 1754 Iudaei,
1337 1720 1429 1746 nec-

98 1771 186 1811 dum
216 1772 369 1810 venisse
401 1764 610 1814 Chris-tuin,
649 1781 758 1819 quem
796 1774 856 1805 tot
885 1765 1010 1805 modis
1039 1766 1332 1818 approbavimus
1362 1778 1430 1804 ve·

97 1831 216 1876 nisse,
241 1833 529 1878 recognoscant
542 1824 674 1863 ludaei
693 1826 835 1863 exitum
855 1837 973 1870 suum,
995 1836 1103 1875 quem
1123 1830 1213 1875 post
1225 1821 1428 1861 adventum

98 1887 242 1926 Christi
272 1885 431 1924 relaturi
463 1882 788 1935 praecinebantur
812 1882 861 1920 ob
887 1882 1140 1933 impietatem,
1174 1893 1247 1932 qua
1278 1892 1362 1918 eum
1389 1886 1430 1918 et

98 1940 359 1996 despexerunt
389 1948 430 1980 et
458 1941 755 1979 interfecerunt.
830 1938 958 1977 Primo
995 1939 1115 1984 enim,
1153 1950 1204 1976 ex
1239 1949 1313 1989 qua
1349 1935 1426 1983 die,

97 2000 306 2041 secuudum
332 1999 475 2038 dictum
499 1997 660 2043 Esaiae,
692 1997 858 2049 proiecit
888 1996 1003 2034 homo
1028 1995 1334 2034 abominamenta
1359 2006 1428 2032 sua

97 2071 217 2098 aurea
229 2065 270 2098 et
281 2063 482 2109 argentea,
504 2068 600 2107 quae
620 2056 800 2093 fecerunt
817 2052 1026 2092 adorandis
1042 2053 1152 2091 vanis
1165 2059 1205 2090 et
1219 2052 1425 2100 nocivis,¹)

97 2115 138 2155 id
161 2122 240 2163 est,
264 2128 324 2154 ex
354 2127 428 2166 quo
455 2119 593 2164 gentes
618 2125 687 2150 nos
712 2110 923 2150 dilucidato
948 2118 1109 2162 pectore
1122 2111 1161 2159 ⁵)
1186 2121 1259 2160 per
1282 2108 1425 2146 Christi

95 2174 298 2212 veritatem
313 2171 545 2224 proiecimus
557 2168 675 2215 idola,
702 2168 875 2219 (videant
888 2166 1053 2217 Iudaei,)
1079 2173 1120 2205 et
1139 2164 1239 2217 quod
1252 2165 1425 2216 sequitur

97 2237 328 2283 expunctum
353 2235 431 2267 est:
457 2228 544 2266 tulit
567 2227 667 2265 enim
692 2224 866 2264 dominus
890 2224 1050 2264 sabaoth
1076 2224 1113 2261 in
1134 2221 1286 2261 Iudaeis
1310 2228 1352 2260 et
1374 2220 1422 2259 ab

99 2287 336 2327 Hierusalem
380 2287 483 2324 inter
525 2291 656 2323 cetera
700 2290 740 2322 et
782 2283 992 2335 sapientem
1036 2280 1312 2325 architectum,
1357 2277 1420 2330 qui

97 2344 280 2385 aedificat
314 2342 521 2382 ecclesiam
558 2340 622 2380 dei
658 2340 838 2392 templum
874 2346 916 2378 et
951 2339 1143 2378 civitatem
1180 2343 1350 2374 sanctam
1382 2342 1419 2372 et

190 2492 229 2537 1)
243 2495 306 2525 les.
322 2494 375 2533 53,
388 2494 409 2523 'l
423 2502 474 2531 sq.
571 2492 607 2531 2)
621 2491 683 2521 Ed.
695 2490 797 2521 Fran.
811 2491 847 2520 et
859 2489 933 2529 Rig.
961 2489 1104 2519 ofleae.
1190 2482 1227 2525 3)
1243 2484 1324 2515 uon.
1339 2487 1370 2521 6,
1387 2485 1417 2514 1.

21 2524 28 2528 -
94 2539 137 2584 4)
152 2542 214 2573 le..
228 2541 261 2581 2,
275 2541 329 2571 2⁰.
409 2539 447 2579 5)
460 2538 517 2570 Sic
532 2537 606 2568 eod.
616 2536 731 2574 Futd.;
759 2535 834 2566 eod.
846 2535 979 2565 Divion.
1001 2535 1036 2564 et
1048 2532 1155 2563 Rhen.
1180 2530 1239 2560 dil
1248 2539 1268 2561 u
1278 2539 1295 2560 e
1305 2529 1340 2560 id
1350 2533 1419 2560 att

97 2589 288 2628 pectora.
321 2585 394 2626 Rig.
417 2583 659 2616 dilucidata
683 2590 755 2622 per
780 2580 991 2612 Chri-tum
1019 2578 1217 2610 veritate.
