1566 2808
224 218 299 250 DE
333 218 973 251 PRAE-scnlrrlonUs
1009 217 1263 262 HAERET.
1350 216 1417 253 21

83 323 236 362 negare
267 312 435 364 possint3
475 324 699 363 quamquam
736 317 776 349 et
812 310 861 350 de
900 310 1081 362 operibus
1115 311 1212 357 suis,
1252 316 1295 348 ut
1317 308 1417 348 dixit

85 367 278 415 dominus,
316 369 565 407 revincuntur
585 370 634 418 ¹).
696 367 739 407 Si
776 369 876 406 enim
912 368 1089 406 Marcion
1127 381 1265 406 novum
1295 373 1416 406 testa-

84 431 252 465 mentm
275 438 299 464 a
323 433 457 465 vetere
482 426 695 478 separavit3
729 427 926 477 posterior
950 432 1010 464 est
1035 438 1102 472 eo,
1131 424 1231 477 quod
1258 437 1417 476 separa-

85 483 155 531 vit,
180 483 269 535 quia
293 496 477 536 separare
503 497 580 522 non
605 490 756 535 posset,
784 484 856 522 nisi
883 482 985 536 quod
1017 483 1160 521 unitum
1194 483 1277 521 fuit.
1323 481 1417 522 Uni-

66 546 164 581 ‚tum
188 552 305 592 ergo,
331 548 534 593 antequam
559 548 827 593 separaretur,
853 541 1157 593 postea.factum
1183 546 1415 592 separatum,

82 598 343 650 posteriorem
375 598 545 637 ostendit
576 606 854 650 separatorem.
917 598 1012 637 Item
1042 597 1271 635 Valentinus
1301 597 1418 635 aliter

85 666 284 707 exponens
321 663 362 695 et
396 657 479 695 sine
518 655 633 694 dubio
672 655 898 702 emendans,
936 656 1012 693 hoc
1049 655 1203 692 nomine
1236 652 1416 706 quicquid

84 711 284 760 emendat,
321 720 364 752 ut
387 712 610 752 mendosum
636 720 743 751 retro
775 714 934 751 alterius
952 711 993 763 ²)
1018 712 1136 749 fuisse
1163 710 1416 749 demonstret.

78 768 167 809 flos
190 770 322 822 utique
340 771 378 817 ³)
406 771 659 822 insigniores,
698 777 738 808 et
768 770 1055 821 frequentiores
1086 767 1284 807 adulteros
1314 768 1418 806 veri-

83 827 177 866 tatis
200 828 449 866 nominamus.
506 828 686 866 Ceterum
713 834 753 866 et
776 826 958 878 Nigidius
983 827 1116 865 nescio
1144 827 1227 878 quis
1253 833 1293 865 et
1319 825 1418 864 Her-

85 897 271 936 mogenes
308 892 349 923 et
385 885 492 923 multi
529 885 597 923 alii
633 884 758 923 adhuc
797 885 993 937 ambulant
1029 890 1300 936 pervertentes
1335 884 1419 921 vias

85 939 164 985 dei.
198 941 335 994 Cupio,
364 941 570 981 ostendant
594 943 704 980 mihi:
733 956 782 981 ex
803 954 880 994 'qua
897 943 1141 981 auctoritate
1166 940 1420 993 prodierunt?

85 996 129 1039 Si
153 1000 270 1039 alium
296 999 408 1039 deu'm
433 999 680 1052 praedicant,
708 999 899 1052 quomodo
927 1001 1012 1039 eius
1034 998 1098 1037 dei
1123 999 1240 1037 rebus
1266 1006 1306 1037 et
1331 999 1418 1036 lite-

85 1057 139 1099 ris
175 1064 224 1096 et·
250 1058 465 1096 nominibus
507 1064 681 1104 utuntur,
726 1057 910 1096 adversus
947 1070 1058 1110 quem
1089 1056 1343 1109 praedicant?
1386 1056 1418 1093 si

85 1113 278 1162 eiusdem,
310 1112 520 1167 ·q'uomodo
558 1114 697 1154 aliter?
774 1115 946 1153 Probent
981 1128 1023 1153 se
1062 1127 1182 1152 novos
1219 1113 1418 1166 apostolos

86 1182 193 1220 esst-,3
218 1171 351 1211 dicant
365 1173 557 1211 Christum
582 1173 719 1211 iterum
746 1171 1009 1218 descendisse,
1036 1173 1174 1214 iterum
1200 1172 1320 1223 ipsum
1348 1169 1419 1207 do-

87 1229 233 1276 cuisse,
258 1230 398 1268 iterum
424 1230 667 1276 crucifixum,
706 1230 845 1267 iterum
877 1230 1160 1268 resuscitatum.
1224 1227 1290 1266 Sic
1317 1228 1417 1266 enim

61 1286 284 1338 .apostolus
309 1287 410 1326 solet
434 1288 588 1334 faeere,
622 1286 715 1325 dare
742 1287 818 1325 illis
843 1294 1049 1338 praeterea
1070 1287 1254 1324 vii-tutem
1280 1284 1416 1332 eadem

86 1343 383 1395 signandam,
416 1357 513 1396 quae
540 1351 579 1382 et
603 1345 685 1396 ipse
705 1345 758 1391 4).
819 1343 922 1382 Volo
954 1345 1073 1394 igitur
1095 1344 1258 1381 virtutes
1284 1356 1418 1381 eorum

84 1401 284 1454 proferre,
315 1402 389 1439 nisi
416 1400 517 1452 quod
542 1414 715 1452 agnosco
740 1402 941 1439 maximam
966 1402 1144 1438 virtutem
1171 1413 1317 1446 eorum,
1345 1412 1419 1451 qua

85 1458 286 1510 apostolos
316 1460 355 1496 in
377 1471 612 1525 perversum.
641 1459 894 1499 aemulantur.
957 1458 1017 1496 nli
1050 1458 1149 1496 enim
1182 1456 1230 1496 de
1257 1458 1418 1496 mortuis

86 1514 343 1563 suscitabant,
375 1516 439 1554 isti
465 1515 513 1554 de
540 1516 634 1554 vivis
660 1523 831 1553 mortuos
856 1516 1014 1554 faciunt.

202 1576 271 1615 31.
312 1572 401 1612 -Sed
427 1573 474 1612 ab
501 1587 664 1612 excessu
689 1581 866 1612 revertar
889 1572 938 1611 ad
964 1555 1290 1625 principalitatem
1314 1573 1418 1611 veri-

84 1631 156 1670 tati
191 1638 233 1676 et
266 1633 534 1684 posteritatem
578 1630 827 1670 mendacitati
870 1630 1128 1683 deputandam
1147 1632 1184 1680 ⁵)
1225 1643 1274 1669 ex
1317 1630 1418 1668 illius

85 1701 237 1741 quoque
263 1689 472 1741 parabolae
498 1690 737 1741 patrociniO,
773 1702 869 1741 quae
901 1689 1043 1727 bonum
1075 1701 1205 1727 semen
1237 1689 1420 1726 frumeuti

14 1794 17 1798 ἱ
85 1758 110 1784 a
140 1744 295 1785 domino
326 1748 552 1785 seminatum
583 1748 621 1784 in
653 1747 822 1798 primore
850 1747 1069 1793 constituit,
1107 1758 1313 1783 avenarum
1351 1758 1419 1782 au-

85 1809 163 1842 tem
205 1804 349 1842 sterilis
391 1805 498 1842 foeni
541 1803 770 1842 adulterium
813 1803 860 1841 ab
900 1804 1055 1841 inimico
1093 1802 1249 1840 diabolo
1282 1809 1419 1854 postea

0 1849 8 1863 l
52 1898 55 1900 ,
84 1859 375 1913 επρῐιάιιοίῑθ),
438 1861 599 1912 Proprie
619 1862 655 1911 ⁷)
690 1862 794 1898 enim
832 1859 1095 1899 doctrinarum
1129 1859 1418 1898 distinctionem

84 1917 238 1970 figurat,
265 1919 354 1971 quia
378 1926 419 1958 et
442 1918 535 1957 alibi
560 1918 717 1956 verbum
744 1916 807 1956 dei
832 1919 987 1956 seminis
1012 1915 1222 1956 similitudo
1249 1923 1320 1955 est.
1361 1916 1420 1955 lta

0 1977 18 1994 '³
84 1987 136 2015 ex
158 1977 246 2028 ipso
273 1975 409 2015 ordine
434 1976 719 2021 manifestatur,
753 1974 791 2013 id
824 1988 909 2021 esse
942 1974 1173 2013 dominicum
1206 1981 1246 2013 et
1270 1987 1417 2021 verum,

83 2032 188 2086 quod
221 2032 273 2073 sit
304 2035 412 2087 prius
447 2032 650 2080 traditum,
695 2032 735 2071 id
765 2040 893 2072 autem
931 2040 1156 2071 extraneum
1190 2038 1231 2070 et
1267 2031 1417 2078 falsum,

0 2091 2 2094 ’
63 2090 188 2143 vquod
222 2091 274 2131 sit
307 2093 501 2144 posterius
539 2092 757 2130 immissum.
818 2090 877 2129 Ea
913 2091 1106 2130 sententia
1137 2088 1308 2128 manebit
1350 2088 1419 2128 ad-

81 2160 218 2189 versus
253 2146 494 2202 posteriores
532 2161 699 2202 quasque
739 2149 942 2196 haereses,
998 2148 1135 2200 quibus
1176 2147 1280 2186 nulla
1323 2160 1418 2186 con-

176 2298 214 2338 1)
236 2299 408 2341 mattha,
424 2302 478 2332 16.
574 2300 611 2336 2)
636 2292 818 2331 R'ouw⁷eri
831 2299 986 2331 ms.hoe
1012 2299 1189 2331 omnino
1210 2296 1418 2336 quicquid

84 2344 302 2383 emendat,
341 2348 387 2377 tlt
417 2346 663 2377 mendosum
695 2346 892 2377 anterius
922 2345 946 2377 ί.
979 2344 1078 2375 niem.
1137 2345 1235 2379 Quae
1258 2342 1418 2382 probavit

83 2390 210 2432 Rigalt.
223 2391 450 2431 scripsitque.
475 2392 756 2431 demonstrat,
854 2390 891 2433 3)
916 2392 1060 2422 Praeter
1077 2391 1184 2420 Rhen.
1198 2398 1334 2420 omnes:
1359 2390 1417 2418 ut.

64 2437 123 2478 ’4)
147 2437 231 2469 Cod.
243 2438 364 2478 Agob:
390 2437 459 2469 Sic
486 2438 596 2468 enim
621 2437 850 2475 apostolus
875 2436 1126 2476 descripsit.
1160 2435 1274 2466 nolet
1299 2435 1416 2466 faee-

34 2503 50 2526 -,
81 2491 139 2517 ro.
173 2483 275 2515 dore
308 2487 541 2523 praeterea
573 2482 782 2514 virtutem
813 2483 956 2513 eadem
982 2483 1103 2522 signa
1128 2480 1285 2512 edendi
1307 2489 1415 2519 quae

28 2563 30 2565 ,
83 2530 127 2561 et
148 2528 254 2569 ipae.
349 2529 387 2572 5)
412 2530 489 2570 Rig.
517 2529 565 2560 ad
596 2529 729 2569 princ.
755 2528 958 2559 veritatis
992 2532 1033 2562 et
1057 2531 1220 2567 poster.
1244 2525 1414 2558 menda-

38 2568 592 2663 ἷὶῗέιιξέιὲιριιῐαιιᾶιιιιι.
699 2573 737 2618 6)
763 2573 1038 2617 Matth.13‚³·1
1063 2583 1138 2613 nqq.
1242 2570 1282 2616 ¹1)
1306 2571 1414 2603 Rhen-
