1604 2800
532 159 605 190 DE
644 159 837 191 CARNE
875 160 1130 193 CHRISTI.
1437 162 1494 199 ,ἶ

162 253 236 292 lem
263 266 345 292 eam
371 252 505 291 facere
532 259 776 304 susceperat,
817 254 947 305 utique
981 252 1132 304 dignius
1164 253 1203 293 id
1235 256 1317 294 eius
1341 257 1492 297 visibile

160 311 339 356 fecisset,
378 308 479 362 quod
517 310 706 349 invisibile
739 310 972 358 habebatur,
1013 312 1100 363 quia
1137 324 1209 351 nec
1241 312 1304 351 hic
1336 314 1493 355 menda-

162 369 260 406 cium
287 374 353 407 aut
377 368 578 406 infirmitas
604 367 678 406 deo
705 370 908 420 competit,
935 368 1195 417 mendacium,
1222 371 1254 408 si
1280 371 1384 410 aliud
1411 375 1493 412 ani-

161 439 276 473 mam,
305 439 415 478 quam
442 425 543 478 quod
569 433 666 473 erat,
695 425 984 474 demonstravit,
1013 427 1225 475 infirmitas,
1253 429 1284 467 si
1310 429 1362 476 id,
1390 431 1492 482 quod

160 490 263 532 erat,
291 483 556 523 demonstrare
583 497 658 522 non
683 484 814 522 valuit.
875 484 1000 523 Nemo
1028 485 1235 525 ostendere
1262 488 1395 526 volens
1421 489 1492 526 ho-

159 542 317 589 minem,
368 540 557 581 cassidem
601 548 666 580 ant
702 555 906 594 personam
945 543 982 581 ei
1019 542 1178 582 inducit.
1242 543 1325 583 Hoc
1362 553 1491 585 autem

104 636 105 642 ,
158 599 301 638 factum
326 606 386 638 est
410 601 577 646 animae,
610 600 642 637 si
667 600 705 637 in
733 613 849 638 carne
877 613 1065 639 conversa
1090 602 1254 640 alienam
1280 601 1403 641 induit
1428 617 1490 642 su-

156 657 371 709 perficiem.
436 655 515 696 Sed
541 658 613 696 etsi
639 658 895 709 incorporalis
927 659 1052 697 anima
1085 658 1307 711 deputetur,
1346 668 1388 698 ut
1419 662 1490 699 ali-

157 728 230 767 qua
254 716 291 753 vi
317 716 477 753 rationis
504 715 658 753 occulta
683 716 733 753 sit
759 714 909 766 quidem
936 717 1074 762 anima,
1103 730 1243 768 corpus
1264 724 1391 755 tamen
1412 731 1490 756 non

144 767 216 820 sit,
245 771 425 824 quicquid
451 779 510 810 est
534 773 671 810 anima.
727 771 895 810 Proinde
922 773 1159 823 impossibile
1186 773 1266 812 deo·
1287 788 1363 812 non
1390 783 1488 822 erat,

153 836 194 869 et
229 829 430 882 proposito
468 830 550 868 eius
589 830 864 879 congruentius
901 830 1166 882 competebat,
1217 845 1317 869 nova
1359 832 1489 884 aliqua

153 887 331 940 corporis
368 888 499 939 specie
544 900 628 925 eam
672 886 956 935 demonstrare,
1014 901 1124 940 quam
1173 888 1247 927 ista
1297 892 1488 928 communi

152 946 338 992 omnium,
377 945 536 984 alterius
562 946 636 982 iam
662 946 844 993 notitiae,
879 958 926 984 ne
953 946 1035 984 sine
1063 959 1199 984 caussa
1222 947 1412 994 visibilem
1438 961 1488 986 ex

151 1003 333 1042 invisibili
359 1003 493 1042 facere
520 1004 703 1054 gestisset
728 1004 910 1049 animam,
949 1003 1031 1041 istis
1064 1003 1217 1042 scilicet
1249 1006 1485 1055 quaestioni-

149 1060 220 1100 bus
259 1068 532 1113 opportunam,
572 1073 642 1112 per
673 1061 800 1098 carnis
837 1060 1024 1099 humanae
1063 1059 1342 1101 defensionem.
1405 1061 1485 1101 Sed

150 1131 228 1157 non
253 1125 408 1170 poterat
422 1119 595 1156 Christus
621 1119 723 1156 inter
747 1117 919 1156 homines
946 1118 1017 1155 nisi
1043 1118 1156 1156 homo
1183 1118 1319 1158 videri.
1381 1119 1484 1158 Red-

151 1174 200 1214 de
220 1176 339 1226 igitur
353 1175 507 1213 Christo
534 1174 648 1213 fidem
674 1188 792 1222 suam,
819 1182 873 1222 ut,
902 1175 963 1226 qui
991 1175 1103 1213 homo
1129 1176 1297 1215 voluerit
1322 1176 1482 1215 incede-

149 1245 206 1280 re,
245 1233 409 1271 animam
447 1245 597 1284 quoque
635 1232 822 1270 humanae
861 1231 1094 1271 conditionis
1132 1232 1366 1283 ostenderit,
1405 1248 1482 1273 non

148 1290 298 1330 faciens
323 1303 408 1329 eam
435 1303 626 1337 carneam,
654 1289 724 1329 sed
749 1289 910 1329 induens
937 1303 1018 1328 eam
1047 1304 1178 1330 carne.

266 1352 332 1390 12.
372 1347 535 1387 Ostensa
559 1349 609 1386 sit
634 1361 733 1386 nunc
760 1349 886 1390 anima
911 1360 982 1399 per
1007 1361 1176 1395 carnem,
1203 1350 1236 1388 si
1262 1350 1483 1388 constiterit

146 1405 251 1444 illam
277 1404 567 1452 ostendendam,
595 1418 746 1457 quoquo
774 1404 888 1444 modo
916 1405 1053 1452 fuisse,
1080 1405 1119 1443 id
1145 1413 1216 1453 est,
1243 1407 1482 1458 incognitam

145 1462 220 1503 sibi
245 1469 286 1503 et
308 1462 439 1511 nobis3
479 1476 704 1516 quamquam
730 1464 769 1501 in
794 1463 869 1501 hoc
895 1476 993 1501 vana
1024 1462 1222 1503 distinctio
1255 1471 1332 1511 est,
1372 1466 1481 1516 quasi

143 1533 216 1559 nos
240 1533 415 1560 seorsum
440 1520 488 1560 ab
515 1521 641 1559 anima
665 1521 793 1568 simus,
822 1534 906 1559 cum
927 1528 1048 1559 totum
1074 1520 1176 1574 qnod
1201 1535 1327 1560 sumus
1353 1523 1480 1560 anima

143 1578 213 1626 sit,
252 1577 418 1631 denique
457 1579 538 1617 sine
577 1579 702 1617 anima
734 1578 828 1617 nihil
862 1592 1007 1626 sumuS,
1046 1591 1095 1617 ne
1121 1579 1284 1617 hominis
1311 1578 1479 1631 quidem,

143 1634 213 1675 sed
239 1635 441 1675 cadaveris
466 1649 619 1674 nomen.
682 1634 724 1673 Si
751 1649 846 1686 ergo
873 1637 1094 1686 ignoramus
1120 1637 1300 1686 animam,
1328 1638 1411 1688 ipsa
1436 1650 1479 1675 se

143 1693 312 1745 ignorat.
385 1693 446 1731 Ita
482 1699 659 1743 superest
694 1692 770 1730 hoc
808 1692 1048 1731 solummodo
1086 1693 1298 1744 inspicere,
1349 1707 1397 1731 an
1436 1707 1478 1732 se

143 1750 271 1788 anima
295 1751 505 1800 ignorarit,
531 1756 574 1787 ut
603 1755 714 1795 nota,
755 1762 828 1800 quo
855 1748 969 1787 modo
997 1750 1122 1788 fieret.
1185 1749 1349 1802 Opinor,
1389 1763 1479 1789 sen-

142 1807 259 1845 sualis
296 1812 356 1845 est
391 1806 542 1844 animae
579 1812 728 1843 natura.
789 1804 903 1844 Adeo
929 1806 1023 1845 nihil
1049 1807 1213 1844 animale
1240 1808 1321 1846 sine
1348 1819 1476 1855 sensu,

142 1864 237 1903 nihil
262 1863 439 1903 sensuale
465 1864 548 1901 sine
574 1863 712 1901 anima.
774 1861 825 1901 Et
847 1870 890 1901 ut
914 1864 1083 1915 pressius
1109 1863 1290 1911 dixerim,
1310 1866 1476 1904 animae

141 1923 267 1961 anima
291 1934 426 1960 sensus
451 1927 523 1959 est.
585 1919 709 1971 Igitur
733 1933 818 1958 cum
845 1921 1019 1960 omnibus
1044 1923 1171 1960 anima
1196 1923 1340 1961 sentire
1363 1935 1476 1974 prae-

141 1986 236 2027 stet,
275 1986 315 2018 et
345 1979 429 2030 ipsa
454 1978 595 2017 sentiat
623 1979 786 2016 omnium
812 1979 928 2025 etiam
954 1992 1106 2027 sensus,
1146 1978 1284 2018 nedum
1312 1981 1476 2032 qualita-

142 2044 219 2085 tes,
253 2037 316 2088 qui
346 2036 553 2076 verisimile
581 2042 658 2082 est,
696 2042 738 2074 ut
762 2036 843 2087 ipsa
868 2049 1018 2075 sensum
1045 2038 1103 2075 sui
1128 2037 1175 2076 ab
1202 2038 1311 2076 initio
1338 2039 1475 2077 sortita

141 2107 218 2132 non
243 2095 318 2132 sit?
378 2092 487 2132 Unde
514 2093 569 2131 illi
594 2094 715 2140 scire,
755 2093 857 2146 quod
888 2094 1078 2134 interdum
1110 2095 1184 2134 sibi
1216 2096 1265 2133 sit
1290 2108 1472 2134 necessa·

139 2152 238 2190 rium
263 2163 313 2189 ex
335 2151 554 2199 naturali1)
570 2152 818 2198 necessitate,
845 2153 878 2191 si
903 2165 978 2190 non
1004 2154 1079 2192 scit
1103 2166 1208 2192 suam
1235 2153 1471 2204 qualitatem,

141 2209 204 2247 cui
227 2206 322 2260 quid
347 2209 607 2251 necessarium
633 2210 716 2248 est?
776 2208 861 2248 Hoc
887 2209 1038 2262 quidem
1065 2211 1103 2248 in
1131 2211 1232 2248 omni
1257 2211 1383 2248 anima
1408 2222 1472 2248 re—

140 2278 383 2318 cognoscere
410 2273 487 2312 est,
515 2266 689 2304 notitiam
715 2267 773 2304 sui
799 2265 905 2315 dico,
933 2268 1015 2306 sine
1042 2281 1114 2320 qua
1141 2267 1279 2306 notitia
1304 2268 1362 2304 sui
1387 2267 1470 2305 nul-

139 2325 175 2363 la
200 2324 326 2362 anima
351 2336 393 2362 se
418 2324 636 2363 minis-trare
661 2324 862 2376 potuisset.
924 2324 1021 2363 Puto
1047 2332 1175 2364 autem
1200 2324 1322 2375 magis
1347 2323 1469 2362 homi-

229 2524 267 2565 1)
295 2522 352 2555 Sic
367 2521 439 2552 Get.
459 2521 494 2552 et
514 2520 566 2551 ed.
585 2520 708 2560 Fran.;
733 2519 841 2552 Rhcn.
858 2519 911 2552 ed.
930 2521 955 2551 1.
973 2521 1007 2552 et
1026 2520 1101 2562 Rig.
1116 2530 1134 2552 e
1148 2519 1222 2556 cod.
1236 2518 1388 2551 Pithoeit
1415 2528 1466 2551 ex

136 2569 400 2602 naturalium
423 2575 595 2599 necess.
