1604 2800
157 170 190 206 8
528 163 654 195 Anv.
687 161 1125 193 HERMOGENEM.

158 262 354 302 habuisset
380 259 533 297 omnino
560 263 602 295 ut
627 254 721 295 deus
746 256 784 294 in
811 256 1027 303 materiam,
1067 268 1175 308 quam
1202 255 1338 294 malam
1365 262 1489 303 norat,

160 327 248 359 ante
281 331 364 358 eam
397 318 435 355 in
466 316 606 354 bonum
639 314 894 353 convertisset
926 321 965 352 ut
996 312 1170 352 dominus
1202 320 1241 352 et
1267 313 1414 361 bonus,
1452 319 1495 352 ut

160 379 214 416 ita
246 375 293 416 de
326 375 450 421 hono,
489 386 564 411 non
591 371 639 411 de
665 371 764 410 malo
791 378 978 410 uteretur.
1040 370 1119 411 Sed
1152 371 1239 423 quia
1263 371 1387 410 bonus
1413 369 1494 423 q'ui-

162 435 268 481 dem,
310 432 484 472 dominus
511 438 638 470 autem
664 443 760 475 non,
804 428 914 476 ideo,
953 429 1102 481 qualem
1128 429 1279 476 habuit,
1311 428 1380 467 tali
1404 440 1496 467 usus

163 492 434 531 necessitatem
468 502 572 528 suam
607 486 777 527 ostendit
808 486 1012 526 cedentem
1043 485 1258 526 conditioni
1294 483 1501 534 materiae,

165 564 289 603 quam,
317 550 348 587 si
375 547 551 592 dominus
577 547 725 592 suisset,
753 543 1010 584 emendasset.
1050 543 1116 583 Sic
1139 546 1237 583 enim
1261 543 1499 597 Hermogeni

165 605 475 660 respondendum
503 611 581 651 est,
610 617 694 642 cum
727 616 776 642 ex
801 601 971 642 dominio
998 601 1175 642 defendit
1199 601 1311 642 deum
1338 596 1500 642 materia

166 679 292 711 usum,
331 671 371 703 et
397 662 443 702 de
470 675 512 701 re
539 675 615 700 non
641 674 727 707 sua,
766 661 919 699 scilicet
950 674 1025 699 non
1057 661 1161 699 facta
1187 660 1234 699 ab
1261 661 1361 714 ipso,
1422 659 1501 699 lam

167 735 263 773 ergo
291 721 427 760 malum
454 719 501 758 ab
528 720 631 771 ipso,
665 719 727 770 qui
753 725 813 756 est
837 718 938 764 maii,
971 719 1004 756 si
1030 731 1106 757 non
1132 725 1283 766 auctor,
1311 717 1501 771 quianon

168 779 346 824 effector,
374 783 482 816 certe
507 776 729 827 permissor,
757 776 844 826 quia
871 773 1101 814 dominator.
1153 774 1196 814 Si
1221 789 1315 814 vero
1341 775 1503 814 materia

173 849 249 874 non
275 842 315 873 et
339 834 470 886 ipsius,
498 846 571 884 qua
597 832 734 871 malum
761 831 823 870 dei
850 845 925 870 non
952 839 1029 879 est3
1057 831 1105 870 de
1131 832 1259 871 alieno
1283 845 1379 883 ergo
1400 844 1502 877 usus,

171 901 236 932 aut
261 891 440 945 precario
467 903 555 928 usus
581 896 657 936 est,
697 902 769 941 qua
795 901 916 940 egens
941 890 1041 937 eiuS,
1080 896 1146 928 aut
1170 896 1210 928 et
1234 890 1393 936 iniuria,
1433 901 1506 941 qua

172 949 400 1003 praevalens
432 949 526 987 eius.
589 946 657 985 His
689 948 788 985 enim
824 947 944 996 tribus
977 946 1099 985 modis
1130 947 1257 986 aiiena
1294 953 1504 993 sumuntur,

173 1010 275 1053 iure,
303 1005 514 1052 beneflcio,
541 1006 703 1056 impetu,
731 1003 770 1042 id
795 1011 855 1042 est
880 1003 1063 1051 dominio,
1089 1005 1294 1056 precario„
1309 1005 1385 1042 vi.‘
1428 1003 1507 1042 Do·

176 1066 290 1104 minio
330 1077 405 1102 non
438 1069 680 1115 suppetente,
720 1062 840 1113 eligat
865 1061 1157 1113 Hermogenes,
1196 1060 1286 1114 quid
1312 1060 1387 1101 deo
1413 1073 1509 1100 con·
1542 1063 1554 1071 ⁵

175 1128 301 1175 gruat,
328 1121 508 1173 precario
535 1133 582 1158 an
608 1121 644 1158 vi
671 1118 718 1158 de
745 1120 906 1158 materia
933 1127 1076 1158 cuncta
1101 1120 1257 1159 fecisse,
1294 1118 1385 1158 Non
1411 1131 1508 1170 ergo

176 1180 311 1219 melius
338 1179 552 1217 censuisset
577 1175 690 1222 deus,
718 1177 810 1215 nihil
838 1178 991 1215 omnino
1019 1175 1256 1225 faciendum,
1283 1190 1393 1230 quam
1420 1188 1510 1229 pre-

179 1239 284 1277 cario
312 1243 377 1275 aut
401 1236 437 1273 vi
463 1234 695 1281 faciendum,
727 1241 768 1273 et
793 1233 942 1286 quidem
970 1233 1017 1273 de
1044 1235 1170 1274 malo?

295 1297 361 1335 10.
412 1292 552 1331 Nonne
579 1292 727 1331 etiamsi
754 1292 911 1331 materia
941 1293 1082 1344 optima
1107 1293 1263 1340 fuisset,
1302 1304 1426 1345 aeque
1451 1292 1512 1330 in-

181 1352 363 1391 decorum
402 1350 474 1389 sibi
513 1350 770 1388 existimasset
807 1348 1041 1396 dealieno,
1081 1350 1174 1389 iicet
1211 1350 1339 1389 bono?
1391 1349 1512 1389 Fatue

181 1410 292 1455 satis,
332 1408 362 1445 si
390 1408 493 1454 ita¹)
522 1407 669 1456 gloriae
696 1419 786 1444 suae
814 1419 949 1444 caussa
974 1408 1127 1445 molitus
1153 1414 1213 1446 est
1237 1406 1433 1455 mundum,
1472 1414 1516 1445 ut

184 1466 399 1505 debitorem
425 1476 467 1501 se
494 1464 643 1501 alienae
671 1462 906 1501 substantiae
933 1463 1170 1511 ostenderet,
1198 1472 1238 1503 ct
1263 1464 1414 1517 quidem
1437 1477 1515 1503 non

183 1524 322 1562 bonae.
385 1520 510 1571 Ergo,
549 1521 688 1572 inquit,
727 1532 776 1557 ex
807 1520 926 1558 nihilo
958 1521 1126 1567 faceret,
1164 1528 1206 1559 ut
1231 1522 1329 1560 mala
1363 1532 1514 1573 quoque

185 1579 346 1619 arbitrio
386 1579 467 1616 eius
504 1579 807 1630 imputarentur?
859 1577 1019 1629 Magna,
1070 1578 1171 1617 bona
1209 1577 1303 1626 fide,
1343 1579 1515 1617 caecitas

187 1637 472 1677 haereticorum
500 1649 570 1687 pro
596 1634 811 1674 huiusmodi
838 1637 1191 1686 argumentatione,
1224 1649 1308 1675 cum
1334 1634 1424 1675 ideo
1451 1641 1518 1674 aut

188 1696 302 1734 alium
328 1692 439 1732 deum
472 1693 610 1731 bonum
637 1699 677 1731 et
701 1693 882 1744 optimum
907 1693 1039 1732 volunt
1071 1692 1192 1740 credi,
1221 1694 1307 1745 quia
1333 1693 1423 1732 mali
1447 1705 1517 1731 au-

190 1759 336 1791 ctorem
370 1752 590 1789 existiment
621 1757 858 1797 creatorem,
897 1757 963 1789 aut
993 1752 1192 1790 materiam
1225 1763 1308 1790 cum
1336 1757 1518 1790 creatore

190 1816 424 1862 proponunt,
463 1815 504 1847 ut
529 1808 663 1846 malum
691 1821 713 1847 a
738 1808 918 1856 materia,
956 1822 1032 1847 non
1058 1822 1081 1847 a
1106 1815 1285 1848 creatore
1312 1807 1518 1856 deducant,

193 1866 342 1919 quando
370 1866 492 1904 nulius
519 1867 672 1904 omnino
700 1864 793 1904 deus
819 1865 1006 1905 liberetur
1024 1868 1096 1905 ista
1117 1867 1356 1919 quaestione,
1381 1873 1423 1905 ut
1442 1879 1518 1904 non

192 1931 328 1963 auctor
353 1924 441 1961 mali
464 1923 587 1962 videri
614 1922 775 1975 proinde
802 1925 941 1975 possit,
970 1925 1137 1977 quisquis
1162 1924 1227 1963 ille
1253 1931 1330 1971 est,
1358 1925 1420 1976 qui
1441 1936 1521 1962 ma-

194 1982 269 2020 lum
301 1981 373 2019 etsi
405 1994 479 2018 non
511 1981 592 2032 ipse
620 1981 731 2027 fecit,
771 1987 896 2020 tamen
929 1995 951 2020 a
977 1994 1203 2034 quocunque
1229 1988 1270 2020 et
1293 1981 1393 2020 unde
1419 1979 1520 2019 unde

195 2051 328 2090 passus
359 2044 419 2075 est
450 2037 546 2075 fieri.
607 2037 751 2076 Audiat
783 2039 902 2089 igitur
926 2047 966 2078 et
993 2040 1276 2091 Hermogenes,
1315 2036 1402 2077 dum
1428 2037 1521 2077 alibi

196 2095 243 2134 de
271 2095 357 2133 mali
385 2095 534 2133 ratione
561 2094 838 2146 distinguimus,
865 2097 1015 2136 interim
1042 2111 1083 2136 se
1111 2108 1261 2150 quoque
1280 2096 1372 2135 nihii
1393 2097 1522 2148 egisse

196 2154 268 2191 hac
295 2165 363 2190 sua
388 2152 611 2190 iniectione.
673 2152 778 2191 Ecce
805 2155 924 2201 enim,
963 2155 1037 2194 etsi
1063 2169 1139 2193 non
1165 2160 1321 2201 auctor,
1359 2152 1429 2193 sed
1454 2151 1524 2192 ad·

197 2216 372 2249 sentator
409 2209 496 2248 mali
534 2210 726 2248 invenitur
761 2209 873 2259 deus,
919 2213 980 2264 qui
1018 2214 1154 2252 malum
1192 2212 1377 2251 materiae
1414 2217 1523 2250 tanto

198 2268 375 2306 sustinuit
400 2266 447 2305 de
473 2267 575 2305 bono
601 2275 690 2306 ante
717 2269 843 2307 mundi
869 2271 1195 2317 constitutionem,
1223 2282 1333 2322 quam
1346 2276 1389 2308 ut
1400 2268 1524 2314 honus

199 2333 240 2364 et
276 2325 362 2364 mali
400 2326 569 2364 aemulus
608 2325 831 2365 emendasse
875 2326 1075 2375 debuerat.
1147 2327 1227 2366 Aut
1263 2327 1362 2366 e-nim
1399 2326 1525 2378 potuit

201 2382 420 2429 emendare,
448 2382 516 2422 sed
542 2384 681 2431 noluit3
709 2391 775 2423 aut
798 2385 919 2424 voluit
944 2383 1115 2438 quidem,
1140 2397 1271 2424 verum
1298 2395 1374 2422 non
1398 2383 1524 2435 potuit

295 2519 333 2562 1)
353 2522 410 2553 Sic
434 2522 563 2554 emend.
581 2521 709 2562 Rhen.;
735 2524 786 2554 ed.
813 2524 1099 2557 1.1icetb0no
1125 2524 1271 2555 factae
1296 2520 1416 2553 satin.
1441 2521 1525 2553 Ita-

204 2576 282 2605 que
300 2568 464 2607 gloriae
487 2571 553 2599 etc.
