1604 2800
559 235 685 266 Anv.
721 234 1013 267 PRAXEAN.
1351 230 1454 269 285

126 330 252 377 fluvii,
287 340 360 381 per
395 327 627 367 individuum
664 335 792 366 tamen
827 339 1023 366 numerum
1059 324 1219 364 duorum
1254 333 1295 365 et
1323 328 1452 374 trium,

126 387 242 425 aliter
281 397 367 425 eam
408 384 458 425 ad
499 398 602 424 snam
645 386 888 423 nihilominus
936 384 1163 423 sententiam
1203 384 1454 435 interpretari

126 450 335 490 conantur,
373 450 416 482 nt
445 455 568 495 aeque
600 443 638 481 in
663 455 737 480 una
766 455 934 494 persona
964 448 1165 492 utrumque
1203 438 1452 492 distinguant,

123 507 273 553 patrem
298 507 339 540 et
368 500 503 547 filium,
541 499 717 539 dicentes
748 499 863 538 lilium
896 511 1050 537 carnem
1081 510 1189 544 esse,
1229 497 1269 536 id
1299 505 1358 537 est
1382 498 1454 536 ho-

124 559 276 605 minem,
307 556 346 596 id
372 565 433 597 est
457 557 599 604 lesum,
633 565 780 609 patrem
805 563 931 595 autem
956 556 1148 607 spiritum,
1178 554 1219 593 id
1243 562 1303 594 est
1326 554 1452 601 deum,

123 615 164 654 id
182 623 243 655 est
262 615 467 654 Christum.
506 614 557 653 Et
576 616 639 666 qui
658 628 771 653 unum
791 612 1028 665 eundemque
1050 611 1286 651 contendunt
1303 619 1452 664 patrem

124 680 165 712 et
188 673 325 719 filium,
362 674 437 711 iam
468 674 659 724 incipiunt
688 670 861 710 dividere
887 671 973 709 illos
998 670 1144 722 potius,
1183 683 1292 721 quam
1317 682 1451 708 unare.

124 729 167 768 Si
191 731 292 769 enim
316 731 414 769 alius
439 737 499 768 est
523 730 641 775 lesus,
668 730 765 768 alius
785 728 970 773 Christus,
997 728 1094 765 alius
1119 728 1194 765 erit
1219 727 1330 773 filius,
1356 727 1454 765 alius

122 794 254 839 pater,
285 788 374 839 quia
404 787 503 825 filius
529 786 654 833 lesus,
687 793 728 824 et
757 793 868 837 pater
893 785 1079 823 Christus.
1138 783 1271 822 Talem
1300 796 1455 822 monar-

124 844 249 883 chiam
284 843 386 896 apnd
414 842 661 882 Valentinum
697 844 862 880 fortasse
899 841 1135 886 didicerunt,
1174 839 1270 878 duos
1305 840 1453 885 faeere,

123 901 248 940 Iesum
272 908 315 940 et
338 900 543 939 Christum.
611 898 692 938 Sed
716 905 756 937 et
779 899 878 936 haec
908 898 1067 936 iniectio
1098 909 1230 934 eorum
1256 909 1306 934 ex
1329 900 1455 934 retra'-

123 959 238 997 ctatis
250 959 288 1006 ¹)
321 959 396 996 iam
421 964 552 996 retusa
576 963 655 1003 cst,
688 954 791 1007 quod
820 968 947 994 sermo
972 953 1036 992 dei
1061 954 1121 991 vel
1146 954 1300 1005 spiritus
1326 952 1389 992 dei
1414 961 1455 992 et

121 1016 244 1054 virtus
267 1015 442 1054 altissimi
467 1013 593 1052 dictus
617 1015 679 1060 sit,
711 1025 822 1064 quem
848 1019 994 1063 patrem
1020 1012 1178 1049 faciunt.
1237 1009 1328 1048 Non
1353 1011 1454 1048 enim

123 1073 231 1124 ipsae
255 1079 355 1118 sunt,
382 1073 490 1110 cuius
515 1070 705 1116 dicuntur,
732 1068 801 1107 sed
826 1081 877 1107 ex
901 1070 983 1119 ipso
1010 1074 1050 1106 et
1073 1068 1204 1118 ipsius.
1264 1066 1316 1104 Et
1339 1067 1454 1104 aliter

123 1137 252 1168 tamen
265 1130 303 1167 in
316 1129 392 1167 isto
406 1128 575 1180 capitulo
588 1127 847 1165 revincentur.
886 1125 1006 1171 Ecce,
1032 1125 1217 1175 inquiunt,
1243 1122 1290 1161 ab
1311 1124 1451 1174 angelo

123 1185 387 1238 praedicatum
406 1192 484 1224 cstt
510 1191 718 1236 propterea
732 1182 834 1235 quod
848 1188 1029 1220 nascetur
1041 1187 1225 1226 sanctum,
1250 1180 1453 1218 vocabitur

124 1244 224 1282 filius
253 1242 384 1290 dei.²)
446 1242 547 1280 Caro
578 1243 708 1293 itaque
739 1247 829 1278 nata
859 1247 936 1286 est,
969 1252 1061 1278 caro
1091 1239 1221 1289 utique
1252 1238 1328 1276 erit
1352 1237 1452 1276 lilius

125 1299 203 1340 dei.
247 1300 328 1339 lmo
354 1299 403 1339 de
428 1300 564 1352 spiritu
588 1298 652 1338 dei
678 1297 821 1336 dictum
847 1304 920 1337 est.
974 1296 1092 1334 Certe
1117 1296 1217 1333 enim
1242 1293 1290 1333 «le
1316 1295 1452 1346 spiritu

124 1365 259 1397 sancto
280 1358 389 1407 virgo
412 1357 604 1409 concepit,
632 1363 672 1395 et
697 1354 796 1408 quod
823 1355 1016 1406 concepit,
1042 1351 1081 1391 id
1099 1353 1269 1404 peperit;
1295 1350 1334 1389 id
1354 1364 1450 1402 ergo

124 1417 232 1455 nasci
256 1415 442 1462 habebat,
480 1413 581 1466 quod
613 1421 698 1452 erat
729 1418 957 1464 conceptum
983 1418 1023 1449 et
1046 1408 1291 1462 pariundum,
1328 1407 1368 1446 id
1393 1415 1453 1447 cst

124 1474 293 1526 spiritus,
320 1474 427 1511 cuius
446 1479 486 1510 et
504 1471 708 1510 vocabitur
725 1482 865 1508 nomen
878 1467 1114 1512 Emmanuel,
1134 1465 1235 1518 quod
1255 1473 1318 1504 est
1333 1466 1453 1503 inter-

123 1538 333 1583 pretatum:
359 1530 558 1568 nobiscum
577 1527 683 1567 deus.
697 1528 736 1574 ³)
775 1526 877 1564 Caro
891 1532 1018 1564 antem
1038 1523 1131 1562 deus
1150 1537 1225 1561 non
1245 1529 1317 1568 est,
1343 1530 1385 1560 ut
1403 1521 1451 1560 de

121 1588 189 1627 illa
201 1587 345 1630 (lictum
358 1588 429 1625 sit:
453 1585 556 1637 quod
570 1591 751 1624 nascetur
763 1590 948 1630 sanctum,
962 1581 1167 1621 vocabitur
1180 1580 1277 1619 filius
1292 1579 1368 1626 dei,
1383 1579 1453 1618 sed

122 1645 202 1693 ille,
217 1645 281 1697 qui
297 1645 336 1683 in
350 1657 398 1683 ea
411 1651 522 1683 natus
536 1650 607 1690 est,
623 1642 730 1689 deus,
751 1641 799 1680 de
815 1655 889 1693 quo
904 1648 944 1679 et
955 1640 1139 1691 psalmus:
1166 1638 1343 1688 quoniam
1357 1636 1451 1675 dens

121 1703 238 1741 homo
257 1709 368 1740 natus
387 1708 447 1739 est
465 1702 504 1738 in
524 1701 605 1745 illa,
633 1706 673 1737 et
697 1698 917 1736 aedificavit
942 1708 1024 1733 eam
1044 1695 1240 1732 voluntate
1265 1693 1446 1744 patris.¹)

122 1758 215 1806 Quis
240 1757 335 1796 dens
360 1759 399 1795 in
423 1770 470 1795 ea
495 1757 630 1794 natus?
659 1767 785 1792 sermo
810 1760 852 1791 et
875 1753 1043 1804 spiritus,
1075 1752 1138 1801 qni
1164 1763 1248 1788 cum
1272 1762 1450 1787 sermone

121 1814 171 1853 de
195 1815 315 1866 patris
344 1814 540 1851 voluntate
566 1819 676 1849 natus
701 1817 772 1849 est.
832 1809 956 1860 Igitur
978 1820 1104 1846 sermo
1130 1808 1168 1845 in
1194 1818 1330 1851 carne,
1362 1804 1450 1844 dum

121 1879 163 1911 et
190 1870 240 1909 de
270 1871 347 1908 hoc
377 1867 655 1921 quaerendum,
699 1865 892 1918 quomodo
929 1878 1055 1904 sermo
1095 1877 1186 1902 caro
1224 1864 1273 1901 sit
1302 1863 1448 1910 factns;

119 1936 295 1967 utrumne
327 1927 435 1979 quasi
466 1926 757 1976 transfiguratus
781 1925 821 1962 in
847 1935 984 1968 carne,
1015 1934 1064 1960 an
1088 1920 1242 1959 indutus
1269 1922 1450 1958 carnem?

119 1988 197 2025 imo
222 1983 391 2023 indutus.
453 1983 634 2022 Ceterum
665 1980 778 2020 deum
807 1979 1077 2019 immutabilem
1102 1985 1143 2017 et
1166 1976 1448 2016 informabilem

121 2041 230 2082 credi
247 2053 409 2093 necesse
435 2048 506 2087 est,
532 2046 575 2078 ut
598 2046 809 2078 aeternum.
846 2037 1148 2088 Transfiguratio
1174 2042 1301 2074 autem
1327 2036 1448 2073 inter-

119 2101 262 2152 emptio
288 2105 348 2138 est
370 2098 534 2150 pristini.
591 2096 710 2135 Omne
735 2097 849 2142 enim,
876 2093 1128 2147 quodcunque
1153 2092 1448 2143 transfiguratur

118 2158 160 2195 in
178 2155 295 2202 alind,
322 2155 463 2194 desinit
482 2167 581 2200 esse,
607 2153 709 2205 quod
733 2154 873 2198 fuerat,
899 2159 940 2190 et
962 2151 1099 2203 incipit
1123 2163 1223 2196 esse,
1249 2148 1351 2200 quod
1370 2162 1446 2185 non

119 2220 216 2253 erat.
286 2212 391 2251 Deus
422 2219 548 2250 autem
578 2223 701 2262 neque
727 2209 868 2249 desinit
891 2221 998 2254 esse,
1035 2220 1159 2259 neque
1190 2204 1293 2244 aliud
1318 2210 1447 2256 potest

119 2283 220 2310 esse.
258 2268 396 2309 Sermo
416 2276 543 2307 antem
562 2266 671 2314 deus,
696 2274 739 2306 et
761 2279 888 2305 sermo
914 2265 1057 2307 domini
1082 2269 1211 2302 manet
1234 2263 1272 2299 in
1297 2274 1444 2306 aevum,

118 2325 404 2380 perseverando
441 2326 593 2365 scilicet
620 2326 659 2363 in
690 2337 759 2362 sua
792 2324 929 2362 forma.
1002 2321 1121 2369 Quem
1158 2320 1191 2357 si
1227 2332 1304 2356 non
1341 2318 1446 2369 capit

121 2384 400 2435 transfigurari,
427 2395 667 2435 consequens
691 2388 763 2427 est,
787 2387 831 2418 ut
852 2381 909 2419 sic
935 2391 1026 2417 caro
1052 2378 1176 2415 factus
1194 2375 1442 2425 intelligatur,

122 2441 208 2480 dum
234 2441 276 2479 fit
298 2442 337 2479 in
363 2453 494 2487 carne,
525 2446 566 2478 et
589 2439 854 2478 manifestatur
878 2443 918 2476 et
939 2434 1093 2474 videtur
1114 2439 1156 2472 et
1179 2437 1444 2471 contrectatur

183 2578 250 2656 Ρ1)
275 2579 348 2620 mg.
374 2576 695 2620 praetractatis.
790 2573 824 2614 2)
841 2574 926 2604 Luc.
946 2574 979 2614 1,
998 2573 1052 2603 ³5.
1146 2570 1183 2610 3)
1201 2568 1324 2601 natth.
1338 2569 1371 2607 1,
1384 2568 1428 2598 23

120 2626 159 2667 4)
211 2635 240 2661 ι.
262 2627 318 2668 87,
341 2627 370 2655 5.
