1604 2800
354 177 429 209 DE
463 177 973 209 RESURRECTIONE
1011 180 1238 214 cAans.
1353 180 1459 218 159

134 269 183 310 de
209 282 345 316 carne,
383 268 534 321 quando
561 267 609 308 de
634 268 800 308 homine.
865 269 963 318 Quid
988 284 1084 323 crgo
1109 270 1306 312 dicemus?
1334 288 1461 315 nonne

133 327 175 368 et
198 341 298 367 nunc
330 326 447 366 babet
482 339 574 366 caro
612 327 784 379 spiritum
810 340 860 366 ex
886 326 985 367 lide?
1025 336 1066 367 ut
1102 330 1361 382 quaerendum
1398 333 1460 379 sit,

134 383 325 438 quomodo
352 397 492 436 corpus
516 385 679 423 animale
706 384 857 424 dicatur
881 386 1074 425 seminari.
1090 388 1127 435 ¹)
1165 387 1281 427 Plane
1308 391 1462 442 accepit

133 450 174 482 et
198 443 260 483 bie
291 443 463 495 spiritum
502 455 613 489 caro,
651 440 720 481 sed
757 443 1004 490 arrabonem,
1042 445 1191 484 animae
1227 453 1353 485 autem
1385 461 1460 486 non

133 500 388 547 arrabonem,
437 499 506 539 sed
549 498 835 552 plenitudinem.
921 501 1053 554 ltaque
1096 503 1211 542 etiam
1254 511 1462 556 propterea

133 559 291 598 maioris
326 557 562 597 substantiae
594 559 746 597 nomine
778 558 941 598 animale
974 572 1115 612 corpus
1146 569 1364 613 nuncupata
1389 569 1460 608 est,

89 655 100 661 ,,
133 617 173 654 in
199 628 273 667 qua
297 616 524 663 seminatur,
563 616 690 654 futura
720 615 883 668 proinde
909 629 979 668 per
1003 617 1275 669 plenitudinem
1307 620 1462 671 spin'tus

136 674 293 725 insuper
316 673 508 725 spiritale,
541 674 579 711 in
605 686 676 725 qua
703 675 966 720 resuscitatur.
1029 669 1127 722 Quid
1152 676 1300 722 mirum,
1326 677 1358 714 si
1383 689 1463 715 ma·

132 731 192 782 gis
228 729 325 769 inde
350 731 518 769 vocitata
555 737 632 777 est,
670 729 771 769 unde
809 731 987 770 conferta
1011 738 1088 778 est,
1127 745 1237 783 quam
1267 731 1369 771 unde
1399 745 1463 772 rc1·

137 800 271 840 spersa
296 788 381 826 est?

248 847 317 886 54.
367 843 426 882 Ita
451 843 499 883 de
523 843 798 882 vocabulorum
825 844 1095 883 occasionibus
1119 844 1319 897 plurimum
1346 859 1464 898 quae-

131 902 278 940 stiones
307 900 583 947 subornantur,
615 901 715 940 sicut
740 908 780 940 et
805 899 852 940 de
883 901 1088 941 verborum
1120 904 1460 943 communionibus.

131 957 231 999 Nam
263 959 351 1011 quia
376 965 416 997 et
440 957 533 999 illud
563 957 664 1010 apud
696 959 909 1010 apostolum
947 960 1110 1011 positum
1142 967 1219 998 est:
1258 945 1319 999 uR
1344 960 1463 1000 devo-

131 1023 240 1056 retur
262 1015 425 1055 mortale
450 1029 473 1054 a
498 1015 637 1067 vita,2)
669 1029 761 1054 caro
788 1016 957 1061 scilicet,
995 1015 1284 1056 devorationem
1311 1030 1462 1070 quoque

131 1072 183 1113 ad
205 1072 462 1126 perditionem
490 1073 644 1112 scilicet
669 1073 799 1122 carnis·
820 1073 1020 1124 arripiunt,
1048 1074 1155 1124 quasi
1181 1087 1257 1112 non
1282 1069 1396 1112 bilem
1423 1081 1463 1112 et

133 1129 307 1169 dolorem
333 1129 507 1168 dicamur
531 1129 740 1175 devorare,
774 1128 812 1166 id
838 1136 898 1167 est
922 1129 1163 1168 abscondere
1189 1143 1235 1169 ac
1264 1137 1397 1181 tegere
1423 1137 1463 1169 et

133 1188 234 1226 intra
258 1193 408 1226 nosmet
427 1187 530 1238 ipsos
555 1187 768 1225 continere.
808 1185 980 1238 Denique
1006 1200 1091 1225 cum
1111 1193 1151 1224 et
1170 1186 1260 1225 illud
1280 1189 1461 1240 scriptum

134 1245 203 1283 sit:
235 1250 391 1296 oportet
415 1244 577 1282 mortale
603 1243 676 1282 hoc
702 1242 862 1282 induere
893 1244 1287 1290 immortalitatcm,³)
1333 1252 1461 1284 osten·

136 1300 251 1348 ditur,
279 1300 470 1353 quomodo
497 1301 658 1340 mortale
684 1300 893 1339 devoretur
916 1314 939 1339 a
962 1302 1053 1347 vita,
1086 1300 1172 1339 dum
1198 1300 1367 1340 indutum
1394 1303 1463 1340 im-

135 1358 371 1398 mortalitate
407 1357 656 1398 absconditur
681 1365 720 1396 et
746 1359 890 1408 tegitur
913 1364 954 1396 et
977 1359 1077 1396 intus
1109 1360 1348 1405 continetur,
1386 1372 1462 1397 non

137 1414 223 1456 dum
247 1415 466 1455 absumitur-
481 1423 522 1455 et
544 1416 743 1453 amittitur.
811 1414 917 1465 Ergo
950 1421 990 1452 et
1020 1427 1140 1459 mors,
1179 1416 1321 1468 inquis,
1359 1416 1463 1454 salva

136 1475 223 1520 erit,
250 1486 335 1512 cum
359 1473 478 1511 fuerit
501 1471 699 1513 devorata.
739 1470 832 1510 ldeo
858 1470 1036 1510 discerne
1062 1485 1133 1523 pro
1158 1472 1332 1511 sensibus
1358 1486 1464 1512 com-

134 1531 352 1571 munionem
376 1529 593 1575 verborum,
620 1536 660 1568 et
684 1530 835 1580 integre
862 1529 1060 1580 intelligis.
1099 1527 1216 1568 Aliud
1231 1531 1330 1568 enim
1345 1544 1462 1577 moi-S,

135 1595 175 1628 et
199 1586 303 1629 aliud
326 1588 506 1626 mortale.
578 1587 709 1626 Aliter
730 1588 860 1639 itaque
887 1585 1136 1624 devorabitur
1160 1600 1262 1625 mors
1286 1595 1328 1627 et
1351 1588 1464 1627 aliter

135 1645 310 1685 mortale.
380 1644 489 1682 Mors
523 1658 600 1682 non
631 1645 735 1694 capit
765 1643 1107 1689 immortalitatem,
1144 1644 1305 1683 mortale
1336 1652 1463 1684 autem

137 1703 253 1754 capit.
320 1701 494 1751 Denique
520 1707 561 1738 et
584 1701 765 1750 scriptum
798 1706 874 1745 est,
908 1698 1009 1751 quod
1041 1711 1202 1738 necesse
1227 1702 1277 1738 sit
1301 1701 1462 1739 mortale

136 1759 212 1797 hoc
243 1756 403 1796 induere
440 1757 778 1795 immortalitatem.
852 1754 1051 1803 Quomodo
1088 1769 1184 1806 ergo
1216 1758 1336 1808 capit,
1374 1757 1462 1796 dum

138 1815 347 1854 devoratur
370 1827 393 1852 a
416 1814 507 1860 vita,
533 1812 621 1851 dum
646 1813 832 1863 recipitur
857 1820 897 1850 et
920 1812 1111 1864 redigitur
1134 1820 1174 1851 et
1198 1814 1405 1853 includitur
1424 1816 1463 1853 in

139 1874 285 1925 ipsam?
326 1871 506 1910 Ceterum
542 1882 645 1908 mors
682 1870 818 1915 merito
854 1871 1010 1908 interitu
1042 1869 1266 1918 devoratur,
1286 1873 1393 1924 ,quia
1422 1879 1463 1911 et

139 1932 223 1982 ipsa
246 1930 286 1968 iu
311 1929 385 1967 hoc
411 1927 586 1967 devorat.
641 1926 861 1974 Devoravit,
889 1928 1020 1979 inquit,
1048 1940 1150 1966 mors
1174 1929 1461 1975 invalescendo,

138 1994 180 2027 et
197 1986 287 2027 ideo'
307 1985 492 2026 devorata
504 1986 615 2024 estin
629 1986 928 2033 contentionem.
968 1984 1040 2023 Ubi
1066 1992 1137 2032 est,
1162 1999 1279 2033 mors,
1304 1987 1462 2026 aculeus

139 2046 250 2084 tuus?
274 2044 424 2089 ubiest,
451 2056 565 2088 morS,
592 2043 789 2081 contentio
803 2043 935 2090 tua?⁴)
968 2041 1135 2083 Proinde
1154 2051 1195 2082 et
1211 2045 1302 2091 vita,
1328 2046 1463 2083 mortis

141 2102 293 2141 scilicet
311 2101 471 2147 aemula,
498 2113 569 2152 per
588 2100 873 2138 contentionem
893 2098 1096 2139 devorabit
1108 2102 1145 2140 in
1159 2101 1463 2154 salutem‚.quod

140 2171 212 2211 per
236 2159 524 2198 contentionem
550 2156 805 2202 devoraverat
829 2170 930 2196 mors
954 2158 994 2195 in
1018 2157 1226 2196 interitum.

256 2219 323 2257 55.
386 2215 618 2266 Quamquam
642 2215 760 2265 igitur
782 2221 1085 2254 resurrecturam
1112 2228 1265 2254 carnem
1297 2215 1463 2266 proban·

142 2281 220 2320 tes,
251 2273 325 2312 hoc
351 2273 433 2324 ipso
459 2285 534 2310 non
559 2273 671 2310 aliam
697 2279 997 2311 resurrecturam
1022 2272 1245 2324 probemus,
1278 2285 1388 2323 quam
1413 2271 1462 2310 dc

238 2390 274 2428 1)
295 2389 331 2418 ln
352 2388 457 2419 Rhen.
477 2387 550 2417 edd.
570 2386 685 2418 addita
702 2389 798 2418 nunt:
822 2387 954 2418 Plane
978 2387 1147 2425 accepit
1172 2390 1211 2416 ct
1236 2386 1303 2417 hie
1329 2387 1462 2426 episi·

144 2437 227 2465 tum
253 2443 302 2464 ex
330 2434 433 2471 fide,
469 2435 511 2463 ut
533 2433 818 2471 quaerendum
844 2433 917 2471 ait,
950 2432 1152 2470 quomodo
1187 2441 1341 2470 corpus
1367 2432 1461 2463 ani-

144 2480 254 2511 male
279 2479 449 2510 dicatur
473 2479 689 2510 neminari.
744 2479 842 2513 Quae
857 2487 908 2507 vv.
921 2482 1015 2507 recte
1030 2477 1194 2507 iudicavit
1209 2477 1462 2509 Rhen.1ibrarii

145 2534 263 2556 errore
282 2525 431 2565 repetita
453 2533 541 2563 esse,
567 2527 671 2562 atque
692 2525 869 2555 eiecerunt
887 2523 995 2553 ceteri
1007 2523 1114 2561 editt„
1136 2526 1264 2554 temere
1276 2526 1390 2554 autem
1404 2533 1461 2554 re-

146 2572 236 2610 cepit
249 2571 392 2603 Semler.
488 2571 524 2611 2)
539 2571 644 2601 zcor.
659 2572 691 2609 5,
705 2571 737 2600 4.
831 2570 867 2609 3)
883 2571 901 2599 1
913 2570 988 2601 Cor.
1003 2569 1058 2608 15,
1073 2570 1126 2599 53.
1201 2568 1241 2612 4)
1256 2570 1300 2600 ib.
1317 2579 1347 2601 v.
1362 2571 1416 2600 5⁵.
