1604 2800
550 126 674 157 ADV.
712 125 985 158 11JDAEos.
1331 130 1437 170 810

111 218 262 272 gratiae
281 218 376 264 eius,
395 231 472 271 pro
497 219 638 256 iniuria
661 218 813 256 scilicet
836 220 969 257 mortis
990 218 1266 270 repensandae,
1292 225 1440 274 pariter

112 283 306 316 ostensum
344 282 422 323 est,
460 275 557 315 haec
591 276 699 314 illum
735 283 896 327 propter
930 283 1091 315 mortem
1129 286 1438 328 consecuturum,

109 339 201 387 post
234 340 396 373 mortem
433 334 563 386 utique
599 334 926 372 resurrectionem
963 342 1276 375 consecuturum,
1339 337 1440 378 Nam

110 389 214 443 quod
237 391 276 430 in
300 392 480 443 passione
505 392 588 429 eius
613 390 775 436 accidit,
807 397 848 428 ut
873 390 998 429 media
1022 390 1106 430 dies
1132 393 1438 442 tenebresceret,

108 449 230 488 Auos
259 449 447 501 propheta
479 447 696 494 adnuntiat,
736 447 889 487 dicens:
927 455 967 486 et
997 451 1090 496 crit,
1127 451 1267 502 inquit,
1306 453 1342 490 iu
1374 452 1442 492 die

109 506 194 553 illa,
216 504 314 545 dicit
338 505 525 552 dominus,
553 504 709 545 occidet
733 506 790 544 sol
810 504 936 544 media
956 505 1032 553 die,
1058 507 1306 547 tenebrescet
1323 522 1440 562 super

109 570 252 603 terram
289 562 373 602 dies
410 564 578 610 luminis,
617 570 657 602 et
694 570 915 602 convertam
953 563 1036 602 dies
1067 564 1188 603 festos
1217 573 1368 605 vestros
1398 568 1439 605 in

107 620 271 667 luctum,
308 627 351 659 et
379 621 506 659 omnia
538 622 690 659 cantica
719 628 849 659 vestra
873 622 912 659 iu
936 621 1267 669 lamentationem,
1305 631 1345 662 et
1368 625 1439 662 im·

107 690 248 731 ponam
271 690 389 730 super
418 678 566 716 lumbos
596 685 746 716 vestros
777 691 949 724 saccum,
981 685 1022 717 et
1045 692 1162 730 super
1185 693 1297 719 omne
1323 688 1440 733 caput

108 735 321 782 calvitium,
352 742 393 774 et
422 748 560 787 ponam
585 748 671 774 eum
697 736 803 787 quasi
829 735 970 773 luctum
1002 735 1153 782 dilecti,
1185 744 1226 775 et
1254 750 1342 784 eos,
1375 739 1440 789 qui

107 805 195 831 cun
231 791 318 839 illo,
356 793 464 843 quasi
501 791 602 830 diem
638 793 840 830 moeroris.
856 793 892 839 1)
966 791 1051 830 Hoc
1081 794 1180 831 enim
1212 801 1253 831 et
1281 794 1440 845 Moyses

106 849 220 888 initio
252 849 366 900 primi
390 850 532 887 mensis
557 861 742 887 novorum
767 849 940 886 facturos
963 862 1032 887 vos
1058 850 1321 899 prophetavit,
1354 863 1442 888 cum

107 917 222 949 omne
251 902 389 957 vulgu's
420 905 584 944 filiorum
611 905 731 943 Israel
762 903 811 942 ad
840 917 1041 955 vesperam
1072 918 1211 956 agnum
1243 914 1347 945 esset
1371 908 1442 946 im-

107 963 352 1009 molaturum,
376 969 417 1001 et
441 963 540 1002 hanc
565 962 862 999 sollemnitatem
887 960 966 999 diei
985 962 1106 1008 huius,
1132 961 1171 1000 id
1191 970 1251 1000 est
1269 963 1439 1014 paschae

106 1030 349 1072 azymorum,
383 1031 468 1058 cum
494 1017 747 1056 amaritudine
772 1016 1069 1056 manducaturos
1094 1020 1367 1069 praecanebat,
1400 1028 1441 1058 et

47 1112 50 1114 ,
106 1075 267 1123 adiecit,
292 1076 436 1128 pascha
461 1088 547 1114 esse
574 1074 729 1120 domini,
756 1072 796 1112 id
816 1080 875 1112 est
894 1074 1111 1126 passionem
1132 1075 1290 1117 Christi.
1327 1076 1441 1124 Quod

106 1135 164 1174 ita
189 1146 342 1186 quoque
373 1132 616 1185 adimpletum
650 1138 729 1177 est,
763 1137 805 1168 ut
834 1132 955 1182 prima
985 1130 1049 1169 die
1074 1144 1295 1183 azymorum
1319 1135 1440 1172 inter-

108 1191 282 1231 ficeretis
312 1190 522 1235 Christum,
561 1196 602 1229 et
631 1196 673 1227 ut
702 1188 930 1240 prophetiae
961 1188 1222 1240 implerentur.
1237 1189 1278 1240 2>
1343 1189 1440 1228 Pro-

107 1249 262 1302 peravit
284 1247 368 1286 dies
391 1260 592 1299 vesperam
618 1247 764 1292 facere,
791 1244 831 1284 id
856 1252 915 1284 est
938 1245 1122 1284 tenebras
1147 1246 1314 1292 efficere,
1341 1260 1439 1298 quae

106 1304 235 1346 media
259 1303 322 1344 die
342 1305 476 1353 ,factae
502 1311 603 1351 sunt,
627 1311 742 1355 atque
768 1304 823 1341 ita
847 1301 930 1341 dies
953 1303 1075 1341 festos
1099 1310 1250 1341 vestros
1276 1317 1440 1342 conver-

108 1364 158 1402 fit
176 1362 271 1403 dens
290 1364 328 1401 iu
350 1363 505 1408 luctum,
533 1369 572 1400 et
598 1362 750 1400 cantica
769 1367 899 1399 vestra
923 1361 960 1397 in
986 1360 1310 1399 lamentationem.
1348 1360 1442 1399 Post

108 1421 331 1474 passionem
361 1420 462 1459 enim
491 1419 633 1458 Christi
664 1419 779 1457 etiam
811 1417 1011 1468 eaptivitas
1040 1418 1149 1456 vobis
1180 1425 1222 1456 et
1250 1417 1440 1470 dispersio

109 1478 282 1525 obvenit,
307 1476 507 1530 praedicta
532 1489 605 1529 per
628 1476 802 1528 spiritum
826 1481 1022 1513 sanctum.·

190 1594 249 1622 DE
271 1593 557 1620 VASTA'rloNE
584 1591 747 1617 lsnAEL
771 1590 879 1616 Posr
902 1589 1155 1638 PassloM-:M
1179 1589 1358 1614 Domum.

200 1660 203 1662 ’
227 1653 294 1690 11.
354 1647 453 1685 Nam
479 1654 520 1685 et
543 1660 613 1697 pro
640 1647 723 1683 istis
747 1644 894 1682 meritis
923 1643 1062 1680 vestris
1094 1641 1241 1680 cladem
1273 1649 1439 1682 vestram

108 1707 276 1746 futuram
302 1703 487 1742 Ezechiel
514 1703 673 1747 nuntiat,
701 1707 740 1738 et
766 1713 841 1737 non
866 1699 987 1737 solum
1012 1699 1051 1736 in
1077 1699 1150 1736 isto
1168 1699 1314 1744 seculo,
1335 1711 1438 1750 quae

107 1764 184 1802 iam
213 1761 362 1807 evenit,
400 1759 469 1798 sed
506 1760 544 1796 in
574 1757 637 1796 die
674 1756 1003 1806 tribulationiS‚³)
1041 1768 1137 1806 quae
1173 1756 1439 1807 subsequetur.

112 1819 196 1868 Qua
215 1816 327 1858 clade
347 1830 459 1855 nemo
486 1815 726 1860 liberabitur,
753 1814 825 1851 nisi
851 1814 914 1864 qui
938 1813 1117 1864 passione
1144 1812 1300 1859 Christi,
1328 1826 1439 1864 quem

110 1876 305 1928 respuitis,
331 1875 449 1912 fuerit
473 1873 708 1923 obsignatus.
747 1869 814 1909 Sic
840 1871 941 1908 enim
965 1871 1147 1921 scriptum
1174 1877 1251 1908 est:
1278 1877 1320 1908 et
1343 1869 1440 1912 dixit

110 1933 286 1973 dominus
305 1930 355 1970 ad
380 1943 453 1976 me,
481 1930 534 1968 fili
558 1930 735 1975 hominis,
763 1926 903 1973 vidisti,
931 1929 1222 1978 quaeseniores
1241 1926 1362 1965 Israel
1381 1925 1440 1965 fa-

111 1991 235 2030 ciunt:
260 1989 515 2040 unusquisque
536 2000 668 2025 eorum
681 1987 719 2024 in
735 1985 918 2031 tenebriS,
938 1985 1192 2035 unusquisque
1206 1985 1244 2022 in
1261 1984 1439 2022 cubiculo

109 2048 315 2093 absconso,
331 2046 509 2098 quoniam
523 2043 720 2083 dixerunt:
741 2057 818 2081 non
834 2041 937 2081 videt
950 2055 1019 2080 nos
1033 2040 1219 2088 dominus,
1235 2040 1442 2092 dereliquit

112 2104 287 2144 dominus
307 2111 469 2150 terram;
489 2109 530 2140 et
542 2101 640 2140 dixit
652 2100 700 2139 ad
715 2113 796 2140 me:
821 2099 1169 2139 adhucyconversus
1180 2097 1330 2136 videbis
1343 2098 1440 2135 faci-

110 2175 207 2202 nora
215 2162 375 2205 maiora,
384 2173 482 2212 quae
495 2160 557 2198 isti
571 2159 736 2204 faciunt3
750 2164 792 2196 et
803 2156 1016 2195 introduxit
1028 2168 1086 2194 me
1095 2154 1144 2193 ad
1159 2156 1286 2192 limina
1299 2154 1438 2192 ianuae

113 2218 247 2258 domus
259 2217 417 2263 domini,
433 2230 530 2269 quae
543 2217 683 2267 aspicit
695 2213 743 2253 ad
758 2215 988 2266 aquilonem,
1003 2220 1041 2250 et
1056 2224 1150 2250 ecce
1166 2212 1244 2249 illie
1258 2211 1438 2249 mulieres

112 2275 293 2316 sedentes
318 2282 358 2314 et
383 2275 610 2327 plangentes
633 2273 860 2319 Thammuzr,
892 2278 934 2309 et
963 2268 1060 2308 dixit
1085 2268 1259 2306 dominus
1282 2266 1332 2306 ad
1357 2279 1437 2305 me:

113 2334 168 2374 fili
191 2333 367 2379 hominis,
393 2331 546 2372 vidisti?
570 2328 749 2382 numquid
773 2327 926 2368 modica
950 2327 1075 2366 domui
1102 2324 1208 2371 Iuda,
1234 2329 1275 2363 ut
1293 2325 1439 2363 faciant

206 2471 243 2511 1)
258 2471 360 2500 Amos
376 2471 407 2508 8,
423 2471 455 2502 9.
553 2469 588 2507 2)
601 2467 724 2498 Matth.
738 2468 793 2503 26,
809 2467 862 2496 56.
959 2465 994 2503 3)
1016 2463 1096 2494 eod.
1115 2461 1213 2493 Fuld.
1229 2465 1263 2491 ct
1277 2460 1350 2500 Rig.
1371 2468 1438 2490 re-

114 2516 384 2550 tributionis.
