1604 2800
156 173 220 210 ᾖ,
532 172 656 203 ADv.
692 170 1128 204 HERMOGENEM.

158 267 360 317 imaginem
388 264 450 305 dei
475 266 570 304 fecit
595 265 764 314 illum31)
792 263 944 311 dehinc,
972 264 1137 316 qualiter
1157 264 1310 311 fecerit,
1337 262 1483 303 reddit:

158 332 198 362 et
223 324 332 362 tinxit
356 322 450 362 deus
476 322 665 361 homiuem
691 321 740 361 de
766 322 856 361 limo
881 329 1024 369 terrae,
1053 328 1092 360 et
1117 321 1257 360 afflavit
1282 322 1320 360 in
1345 321 1484 361 faciem

158 383 238 420 eius
269 382 396 420 flatum
433 382 559 427 vitae,
598 387 638 419 ct
663 381 787 419 factus
818 386 878 420 est
903 379 1016 419 homo
1043 380 1081 418 iu
1111 380 1274 418 animam
1298 379 1484 429 vinam.²)

157 440 207 478 Et
233 440 361 491 utique
377 439 431 478 sic
447 437 838 478 decetnarrationem
857 438 968 485 inire,
996 438 1118 490 primo
1140 437 1322 490 praefari,
1349 443 1487 490 postea

156 498 351 550 prosequi,
379 498 589 543 nominare,
617 494 757 535 deinde
784 494 1021 535 describere.
1070 495 1253 548 Alioquin
1279 507 1427 542 vavum,
1453 496 1486 534 si

157 557 238 595 eius
264 556 334 603 rei,
363 556 470 593 cuius
494 554 633 593 nullam
661 554 914 607 praemiserat
943 554 1190 600 mentionem,
1216 552 1255 592 id
1281 559 1340 592 est
1364 558 1487 592 mate·

156 614 263 660 riae,
301 626 350 652 ne
376 613 498 664 ipsum
524 611 676 664 quidem
703 624 861 658 nomen,
900 611 1026 650 subito
1058 611 1218 649 formam
1252 616 1292 649 et
1315 609 1486 649 habitum

157 671 435 723 promulgavit,
474 677 562 709 ante
601 677 782 716 enarrat,
821 669 943 721 qualis
981 675 1108 715 esset,
1147 681 1257 721 quam
1289 681 1336 709 an
1363 674 1485 716 esscte,

157 727 326 766 ostendit
357 727 516 778 figuram
548 726 770 773 deformati,
804 739 943 765 nomen
974 724 1191 765 abscondit.
1252 725 1306 766 At
1343 732 1486 778 quanto

158 784 380 824 credibilius
417 782 625 822 secundum
662 797 732 822 nos
764 785 845 822 eius
878 784 935 821 rei
967 783 1255 835 dispositionem
1293 785 1487 836 scriptura

157 842 369 887 subiunxit,
398 842 504 879 cuius
530 841 806 879 institutionem
833 840 1018 892 simulque
1045 842 1344 879 nominationem
1370 853 1485 893 prae-

157 901 281 938 misit?
319 898 438 947 Quam
464 897 628 949 denique
654 899 807 949 integer
831 910 964 936 sensus
991 904 1068 937 est:
1107 899 1145 936 in
1171 898 1362 950 principio
1389 897 1484 936 deus

157 957 251 996 fecit
288 956 437 995 coelum
474 962 515 994 et
551 962 719 1002 terram,
768 962 874 994 terra
915 961 1040 994 autem
1085 962 1170 994 erat
1206 955 1407 994 invisibilis
1444 962 1485 994 et

157 1013 284 1060 rudis,
305 1015 342 1062 3)
383 1026 492 1065 quam
531 1011 623 1051 deus
660 1013 813 1052 scilicet
841 1013 955 1060 fecit,
996 1011 1043 1051 de
1077 1026 1150 1065 qua
1181 1014 1372 1064 scriptura
1399 1025 1483 1052 cum

156 1073 317 1111 maxime
345 1070 545 1110 edixerat?
569 1069 667 1108 Nam
694 1077 734 1109 et
759 1075 944 1118 „autem“
971 1071 1091 1122 ipsum
1117 1070 1221 1109 velut
1247 1070 1362 1109 fibula
1389 1083 1483 1109 con-

155 1131 345 1168 iunctivae
371 1128 584 1180 particulae
610 1126 659 1167 ad
686 1141 899 1167 connexum
927 1129 1137 1167 narrationi
1163 1128 1376 1180 appositum
1403 1135 1481 1168 est·

154 1196 257 1226 terra
284 1194 423 1226 autem.
487 1185 569 1224 Hoc
602 1186 702 1224 enim
733 1186 853 1224 verbo
886 1172 1094 1225 revertitur
1118 1185 1167 1225 ad
1193 1199 1296 1232 eam,
1335 1184 1382 1224 de
1410 1199 1483 1238 qua

155 1259 267 1297 supra
294 1244 463 1290 dixerat,
501 1251 541 1282 et
565 1243 699 1295 alligat
724 1257 888 1282 sensum.
949 1242 1062 1282 Adeo
1088 1244 1199 1283 aufer
1223 1244 1312 1282 hinc
1339 1250 1480 1291 autem,

155 1311 195 1341 et
219 1303 343 1341 soluta
370 1314 557 1354 compago
584 1308 660 1347 est,
700 1309 740 1339 ut
764 1309 853 1340 tunc
886 1302 1006 1354 possit
1033 1300 1080 1340 de
1106 1302 1181 1341 alia
1209 1308 1311 1341 terra
1339 1300 1481 1340 dictum

154 1359 296 1399 videri:
324 1367 430 1398 terra
455 1366 540 1397 erat
565 1359 764 1398 invisibilis
788 1366 830 1398 et
855 1358 972 1397 rudis.

270 1420 336 1458 27.
377 1415 455 1454 Sed
483 1422 521 1454 tu
547 1417 754 1467 supercilio
782 1417 918 1467 capitis
943 1423 983 1454 et
1008 1424 1099 1454 nutu
1125 1416 1236 1469 digiti
1261 1430 1481 1456 accommo-

155 1474 244 1513 dato
270 1475 383 1513 altius
408 1473 547 1511 tollens
573 1480 612 1511 et
638 1474 743 1524 quasi
770 1480 875 1512 retro
891 1474 1058 1511 iactans:
1086 1482 1182 1521 crat,
1210 1476 1346 1527 inquis,
1374 1475 1483 1527 quasi

153 1545 306 1584 semper
331 1532 465 1576 fuerit,
493 1530 645 1569 scilicet
670 1531 799 1568 innata
825 1538 865 1569 et
890 1530 1053 1577 infecta,
1080 1538 1119 1569 et
1144 1530 1293 1570 idcirco
1319 1533 1482 1571 materia

156 1588 362 1629 credenda.
423 1588 476 1627 At
507 1600 581 1638 ego
608 1589 690 1626 sine
716 1588 793 1626 ullo
821 1588 1015 1626 lenocinio
1043 1589 1365 1640 pronuntiationis
1390 1589 1480 1628 sim-

152 1648 307 1699 pliciter
331 1644 595 1698 respondebo,
634 1644 681 1684 de
709 1646 810 1683 omni
835 1658 878 1684 re
905 1658 1017 1697 posse
1045 1645 1122 1684 dici
1148 1654 1251 1694 erat,
1290 1647 1404 1685 etiam
1431 1646 1480 1686 de

152 1718 217 1751 ea,
257 1718 353 1757 quae
380 1705 501 1749 facta,
542 1716 638 1754 quae
665 1710 753 1742 nata
778 1704 846 1749 sit,
886 1716 982 1754 quae
1009 1702 1215 1755 aliquando
1248 1717 1323 1742 nou
1349 1705 1480 1752 fuerit,

151 1769 192 1801 et
229 1775 325 1814 quae
364 1762 524 1800 materia
557 1773 632 1798 non
664 1761 726 1798 sit.
790 1759 908 1799 Omne
942 1761 1066 1807 enim,
1105 1760 1205 1812 quod
1237 1761 1356 1801 habet
1379 1775 1480 1810 esse,

150 1819 249 1858 unde
287 1817 387 1858 unde
420 1819 560 1865 habet,
599 1819 678 1857 sive
711 1831 782 1870 per
812 1818 959 1856 initium
997 1818 1076 1857 sive
1110 1819 1192 1858 sine
1230 1819 1366 1867 initio,
1403 1819 1479 1860 hoc

150 1879 257 1929 ipso,
297 1876 398 1929 quod
436 1883 518 1923 est,
557 1877 673 1915 etiam
702 1882 788 1914 erat
819 1874 983 1914 dicetur.
1047 1876 1116 1914 Cui
1149 1879 1334 1929 competit
1357 1878 1480 1930 prima

148 1935 256 1973 verbi
282 1936 424 1987 positio
451 1935 488 1973 in
515 1933 791 1980 definitionem,
818 1932 988 1972 eiusdem
1015 1935 1130 1973 etiam
1146 1934 1355 1974 declinatio
1369 1935 1479 1975 verbi

149 1991 331 2031 decurret
368 1994 404 2030 in
441 1992 681 2031 relationem.
742 1991 813 2029 Est
838 1990 1070 2030 definitionis
1097 1999 1230 2045 caput,
1268 2000 1353 2032 erat
1377 1993 1479 2033 rela—

149 2051 244 2089 tioni
270 2051 374 2088 facit.
432 2049 513 2088 Hae
540 2056 628 2088 sunt
651 2049 827 2100 argutiae
854 2056 894 2087 et.
918 2049 1149 2089 subtilitates
1174 2049 1476 2098 haereticorum,

147 2109 427 2160 simplicitatem
456 2107 707 2155 communium
732 2106 939 2145 verborum
967 2114 1193 2160 torquentes
1217 2108 1254 2147 iu
1281 2110 1477 2160 quaestio·-

147 2178 245 2204 uem.
305 2165 447 2217 Magna
471 2166 624 2204 scilicet
650 2165 822 2216 quaestio
850 2171 922 2211 est,
949 2165 980 2203 si
1002 2172 1088 2204 erat
1108 2172 1226 2212 terra,
1253 2179 1350 2218 quae
1371 2167 1477 2206 facta

146 2231 219 2261 est.
290 2222 392 2262 Sane
431 2220 735 2277 discutiendum,
777 2234 825 2259 an
863 2223 899 2260 ei
938 2230 1133 2274 competat
1169 2224 1396 2263 invisibilem
1435 2231 1476 2264 et

146 2279 277 2319 rudem
303 2276 440 2327 fuisse,
480 2293 576 2332 quae
602 2279 707 2317 facta
732 2285 809 2325 est,
847 2292 894 2317 an
922 2280 976 2326 ei,
1016 2293 1065 2319 ex
1090 2293 1164 2332 qua
1189 2281 1292 2320 facta
1317 2289 1395 2329 est,
1434 2289 1474 2320 ut

146 2337 314 2376 eiusdem
341 2340 389 2377 sit
414 2345 511 2384 erat,
539 2337 645 2376 cuius
671 2342 711 2374 et
737 2335 838 2387 quod
865 2343 962 2376 erat

258 2399 326 2436 28.
386 2394 530 2447 Atquin
569 2407 644 2432 non
685 2400 828 2432 tantum
865 2394 1112 2446 probabimus
1154 2396 1265 2435 istum
1302 2397 1470 2436 habitum

239 2564 274 2603 1)
291 2565 413 2606 Gen.1‚
430 2568 482 2596 27.
578 2568 613 2606 2)
640 2567 723 2598 Gen,
740 2568 771 2607 2,
788 2568 819 2598 7.
914 2564 951 2606 3)
978 2566 1062 2600 Gen.
1077 2568 1108 2608 1,
1122 2568 1152 2598 1.
