1566 2808
367 202 491 236 Anv.
526 201 892 235 MARCIONEM
928 203 1104 234 LIBER
1140 204 1180 234 11.
1368 201 1436 240 85

110 304 307 351 postremo
331 309 408 335 non
433 296 612 335 libertate
645 307 717 334 nec
748 302 942 348 potestate
974 296 1123 335 arbitrii
1149 297 1308 335 fecisset
1332 296 1438 335 infir-

111 368 230 402 mum,
265 352 335 394 ned
370 354 499 407 potius
530 352 752 392 defectione
783 366 927 392 earum.
988 353 1115 406 Atque
1147 353 1246 392 adeo
1273 353 1438 395 eundem

110 412 322 459 honinem,
359 410 520 450 eandem
547 411 795 449 substantiam
828 412 996 458 animae,
1035 410 1196 450 eundem
1222 410 1333 450 Adae
1358 418 1437 450 sta-

111 477 191 509 tum
214 466 351 510 eadem
375 469 523 507 arbitrii
556 468 715 507 libertas
746 475 786 507 et
809 476 982 520 potestas
1008 469 1194 507 victorem
1221 469 1342 508 efficit
1367 469 1437 507 ho-

111 525 175 566 die
211 525 260 566 de
297 525 435 566 eodem
473 526 648 582 diabolo,
688 540 771 565 cum
809 525 1016 565 secundum
1050 527 1272 603 obsequium
1311 527 1436 578 legum

109 585 193 624 eius
217 583 517 624 administratur.

226 645 267 684 9.
317 642 477 694 Quoquo
503 649 649 688 tamen,
689 643 830 694 inquiS,
869 641 983 680 modo
1010 642 1222 682 substantia
1248 643 1438 680 creatoris

111 698 248 739 delicti·
271 712 394 751 capax
418 700 627 745 invenitur,
667 712 751 737 cum
777 699 924 737 afflatus
950 698 1031 745 dci,
1070 698 1108 736 id
1134 705 1193 737 est
1217 699 1360 745 anima,
1399 699 1437 737 in

110 756 264 796 homine
290 755 461 807 deliquit.
504 755 590 794 Nec
622 763 750 807 potest
774 769 850 793 non
876 755 924 794 ad
951 756 1177 807 originalem
1192 756 1229 804 1)
1256 769 1437 795 summam

109 812 258 853 referri
274 814 473 866 corruptio
499 812 700 865 portionis.
738 812 800 851 Ad
827 813 900 852 hoc
926 813 1217 866 interpretanda
1243 815 1319 852 erit
1345 826 1437 866 qua-

111 871 394 911 litasanimac.
456 870 632 922 Inprimis
664 870 888 918 tenendum,
929 871 1027 923 quod
1063 871 1215 910 Graeca
1247 873 1438 923 scriptura

111 929 295 981 signavit,
335 929 499 968 afflatum
532 929 748 976 nominans,
788 942 863 966 non
900 930 1086 980 spiritum.
1144 928 1308 977 *Quidam
1336 930 1437 968 enim

111 985 160 1026 de
185 985 347 1026 ‘Graeco
383 988 701 1038 interpretantes,
740 985 816 1024 non
853 988 1070 1037 recogitata
1109 986 1327 1025 differentia
1365 999 1437 1026 nec

111 1042 247 1084 'curata
276 1045 515 1097 proprietate
546 1044 769 1090 verborum,
807 1057 877 1096 pro
909 1044 1036 1083 afflatu
1073 1045 1245 1096 spiritum
1277 1051 1436 1096 ponunt,

111 1109 154 1141 et
188 1101 283 1140 dant
318 1100 526 1141 haereticis
563 1103 808 1140 occasionem
847 1103 1018 1152 spiritum
1058 1101 1120 1139 dei
1158 1101 1302 1139 delicto
1338 1102 1438 1139 infu-

112 1158 263 1206 scandi,
302 1158 341 1197 id
367 1166 427 1198 est
450 1160 570 1210 ipsum
597 1157 721 1197 deum.
783 1158 833 1195 Et
857 1166 1037 1210 usurpata
1063 1160 1136 1196 iam
1164 1160 1338 1210 quaestio
1364 1165 1436 1198 est.

112 1215 290 1267 Intellige
310 1217 452 1269 itaque,
479 1216 644 1254 afflatum
665 1217 850 1254 minorem
872 1216 1007 1267 spiritu
1023 1217 1058 1262 ¹)
1074 1229 1178 1262 esse,
1206 1217 1279 1254 etsi
1298 1215 1345 1255 de
1360 1217 1437 1268 spi-

112 1275 188 1313 ritu
213 1273 375 1320 accidit,
413 1281 456 1312 ut
486 1274 655 1312 aurulam
687 1274 787 1319 eius,
814 1287 890 1311 non
917 1281 1043 1313 tamen
1069 1274 1260 1325 spiritum3
1287 1287 1372 1312 nam
1398 1280 1439 1312 et

111 1344 210 1371 aura
234 1338 350 1371 vento
380 1333 527 1377 rarior,
565 1332 638 1369 etsi
670 1330 718 1369 de
743 1337 858 1369 vento
884 1344 995 1377 aura,
1034 1344 1110 1368 non
1144 1338 1270 1369 tamen
1300 1337 1437 1369 ventus

111 1401 217 1428 am.
279 1388 539 1440 Capit'etiam
570 1389 774 1439 imaginem
806 1388 961 1439 spiritus
992 1387 1125 1426 dicere
1163 1389 1311 1437 statum3
1350 1401 1436 1426 nam

111 1453 152 1486 et
174 1445 264 1485 ideo
290 1446 404 1484 homo
429 1447 566 1496 imago
583 1444 659 1492 dei,
687 1444 734 1483 id·
751 1451 812 1484 est
836 1445 1003 1496 spiritus,
1031 1444 1125 1483 deus
1146 1446 1246 1491 enim
1267 1446 1435 1497 spiritus.

110 1503 243 1556 Imago
267 1517 364 1556 ergo
390 1504 546 1555 spiritus
568 1503 728 1541 afflatus.
757 1522 761 1525 f
790 1501 912 1540 Porro
939 1504 1066 1554 imago
1091 1503 1246 1541 veritati
1273 1516 1348 1541 uon
1374 1516 1437 1541 us·

84 1577 91 1580 ·
111 1574 335 1614 quequaque
360 1560 650 1613 adaequabitur.
665 1607 667 1609 Ι
685 1586 689 1590 «
704 1559 824 1599 Aliud
849 1567 909 1599 est
934 1561 1034 1599 enim
1060 1560 1267 1599 secundum
1292 1562 1436 1599 verita-

106 1626 187 1669 tem
213 1632 318 1667 esse,
345 1618 448 1658 aliud
474 1620 594 1671 ipsam
617 1619 822 1658 veritatem
849 1631 948 1657 esse.
1005 1617 1071 1657 Sic
1097 1626 1139 1657 et
1163 1619 1323 1665 afflatus,
1352 1632 1436 1657 cum

109 1678 237 1729 imago
253 1678 313 1715 'sit
336 1678 509 1729 spiritus,
542 1683 618 1714 non
644 1683 772 1728 potest
797 1678 851 1715 ita
875 1677 1081 1728 imaginem
1106 1675 1169 1714 dei
1195 1689 1435 1727 comparare,

110 1741 170 1780 ut,
208 1735 296 1786 quia
319 1735 480 1785 veritaS,
519 1733 556 1771 id
583 1741 643 1772 est
667 1735 840 1785 spiritus,
879 1733 918 1771 id
944 1740 1006 1772 est
1033 1733 1145 1780 deus,
1184 1735 1266 1771 sine
1292 1732 1436 1771 delicto

111 1797 189 1838 est,
226 1789 316 1829 ideo
342 1798 383 1829 et
407 1790 573 1836 afflatus,
610 1789 651 1828 id
676 1797 735 1828 est
759 1792 906 1841 imago,
934 1804 1008 1828 non
1028 1789 1214 1828 ‘debuerit
1237 1788 1436 1829 admisisse

110 1848 326 1888 delictum..
362 1847 405 1890 ln
431 1848 505 1886 hoc
531 1848 608 1885 erit
632 1847 758 1898 imago
785 1849 910 1886 minor
933 1848 1097 1886 veritate
1123 1855 1163 1886 et
1187 1847 1334 1886 afflatus
1359 1849 1437 1899 spi-

108 1907 186 1951 ritu
210 1906 385 1952 inferior,
413 1905 558 1944 habens
582 1905 667 1943 illas
694 1904 821 1957 utique
848 1903 971 1943 lineas
995 1904 1078 1951 dei,
1111 1918 1185 1957 qua
1210 1905 1437 1944 immortalis

109 1965 253 2011 anima,
291 1977 365 2016 qua
391 1963 513 2002 libera
538 1966 582 2001 et
602 1963 659 2000 sui
686 1962 855 2010 arbitrii,
896 1976 970 2014 qua
994 1964 1173 2014 praescia
1197 1963 1434 2015 plerumque,

109 2035 183 2075 qua
207 2021 426 2068 rationalis,
466 2033 591 2072 capax
613 2021 832 2059 intellectus
857 2027 898 2059 et
922 2021 1129 2067 scientiae,
1172 2027 1301 2060 tamen
1332 2027 1373 2059 et
1398 2022 1436 2059 iu

108 2079 168 2118 his
192 2080 319 2131 imago
345 2086 386 2118 et
409 2091 487 2116 non
512 2091 630 2130 usque
661 2077 710 2116 ad
735 2079 854 2130 ipsam
878 2079 953 2116 vim
986 2077 1208 2117 divinitatis,
1270 2076 1336 2117 Sie
1362 2091 1436 2117 nec

107 2149 228 2189 usque
264 2135 314 2176 ad
351 2135 615 2187 integritatem
643 2148 669 2189 a
699 2135 863 2183 delicto,
902 2137 988 2188 quia
1015 2136 1090 2175 hoc
1115 2137 1189 2175 soli
1214 2135 1289 2175 deo
1308 2135 1433 2182 cedit,

107 2192 246 2233 idest
278 2195 452 2240 veritati,
491 2198 532 2232 ct
567 2193 642 2232 hoc
678 2193 799 2232 solum
836 2194 994 2245 imagini
1030 2207 1107 2232 non
1145 2195 1249 2233 licet.
1325 2192 1437 2231 Sicut

109 2251 371 2303 enim-imago,
392 2264 476 2290 cum
496 2256 629 2290 omnes
647 2251 979 2303 lineasiexprimat
992 2252 1183 2297 veritatis,
1209 2251 1246 2288 vi
1261 2250 1433 2298 tamen³)

107 2309 192 2363 ipsa
217 2314 343 2356 caret,
382 2321 457 2347 non
482 2309 628 2348 habens
652 2316 813 2357 motum·
845 2310 900 2347 ita
931 2315 971 2347 et
1000 2309 1143 2355 anima,
1170 2310 1297 2359 imago
1323 2308 1435 2359 spiri-

108 2373 188 2414 tus,
214 2367 336 2419 solam
363 2367 438 2404 vim
464 2367 546 2412 eius
571 2367 788 2418 exprimere
820 2380 895 2404 non
915 2365 1057 2412 valuit,
1090 2365 1128 2404 id
1155 2372 1232 2412 est,
1265 2378 1341 2403 non
1366 2364 1435 2403 de-

109 2423 306 2477 linquendi
330 2424 570 2463 felicitatem.
620 2424 801 2462 Ceterum
826 2437 903 2462 nou
929 2430 1033 2462 esset
1057 2424 1201 2470 anima,
1227 2421 1295 2461 sed
1320 2423 1434 2475 spiri·-

202 2565 239 2604 1)
263 2563 339 2604 mg.
359 2563 583 2604 originem.
679 2563 717 2600 2)
743 2563 849 2595 Rhen.
864 2563 917 2594 ed.
933 2564 957 2593 1.
977 2562 1190 2602 spiritum.
1285 2563 1322 2602 3)
1347 2561 1431 2594 Pro-

109 2609 220 2642 banda
235 2610 369 2642 videtur
381 2610 525 2642 Seuileri
541 2610 757 2642 coniectura:
786 2610 873 2640 vita
897 2613 1044 2640 tamen.
