1566 2808
351 245 474 294 A-nv.
509 243 875 276 MARCIONEM
910 243 1086 274 LtBER
1118 242 1173 272 ιν.
1319 239 1424 276 159

94 337 304 391 trepidanti
336 336 384 386 de
417 338 577 389 copiosa
608 335 789 387 indagine
822 337 1002 387 piscium:
1047 348 1094 374 ne
1131 336 1238 382 time,
1283 335 1422 375 abhinc

97 396 198 435 enim
231 395 407 434 homines
440 395 518 433 eris
550 395 720 446 capiens.
783 393 866 432 Hoc
906 394 1004 431 enim
1041 392 1148 431 dicto
1186 393 1423 432 intellectum

95 453 172 492 illis
196 452 431 504 suggerebat
456 448 686 503 adimpletae
713 452 956 504 prophetiae,
983 464 1024 489 se
1040 464 1126 489 eum
1141 463 1240 497 esse,
1269 452 1331 503 qui
1354 464 1426 503 per

98 509 339 550 Hieremiam⁴
363 511 650 562 pronuntiarat:
685 522 780 548 ecce
805 506 888 560 'ego
915 510 1059 546 mittam
1086 510 1304 560 piscatores
1330 509 1425 547 mul-

96 568 170 614 to⁸s,
197 574 238 606 et
262 568 513 620 piscabuntur
546 567 633 605 illos
648 569 700 614 ¹),
727 567 902 605 homines
927 567 1091 604 scilicet.
1154 565 1338 618 Denique
1362 579 1424 605 re-

97 625 198 664 lictis
235 626 421 664 naviculis
448 625 580 663 'secuti
619 631 713 667 sunt¹
742 637 846 671 eum,
886 625 1004 675 ipsum
1042 623 1322 674 intelligentes,
1356 625 1425 675 ‘qui

97 689 286 734 coeperat
310 683 456 729 facere,
486 681 586 734 quod
614 682 803 720 edixerat.
853 681 969 719 Aliud
996 689 1067 726 est„
1095 682 1126 718 si
1152 681 1350 719 affectavit
1375 681 1423 719 de

98 740 420 780 naviculariorum
449 739 618 789 collegio
643 740 832 790 allegere,
860 739 1060 776 habiturus
1074 738 1290 789 apostolum
1304 735 1424 790 quan-

98 796 223 848 doque
255 797 476 835 nauclerum
507 796 760 834 Marcionem.
824 795 1144 834 Praestruximus
1167 794 1321 847 quidem
1355 795 1423 834 ad-

98 866 233 893 versus
283 852 509 893 Antitheses
559 852 652 892 nihil
702 854 896 905 prolicere
946 854 1148 904 proposito
1193 853 1422 899 Marcionis,

70 917 72 919 ’
97 924 208 964 quam
239 917 349 965 pultat
379 911 643 965 diversitatem
676 911 773 962 legis
804 918 844 949 et
876 911 1087 962 evangelii,
1126 918 1168 948 ut
1199 918 1239 949 et
1270 911 1369 949 hanc
1402 924 1425 949 a

98 976 278 1014 creatore
305 969 545 1021 dispositam,
573 968 739 1021 denique
766 968 1029 1020 praedicatam
1061 969 1098 1006 in
1124 970 1423 1020 repromissione

99 1028 334 1078 novaelegis
359 1034 400 1065 et
425 1028 511 1065 novi
538 1028 725 1066 sermonis
742 1034 782 1065 et
807 1028 896 1064 novi
922 1028 1154 1065 testamenti.
1209 1025 1287 1064 Sed
1303 1039 1424 1078 quon-

98 1085 173 1123 iam
199 1086 381 1134 attentius
414 1092 706 1136 argumentatur
737 1084 837 1136 apud
870 1085 972 1122 illum
1007 1097 1112 1122 suum
1146 1085 1279 1122 nescio
1314 1097 1423 1135 quem

99 1142 431 1194 συκαλαίπωρον,
458 1142 496 1179 id
523 1149 582 1180 est
608 1143 939 1187 commiseronem,
967 1149 1007 1179 et
1031 1138 1358 1192 συμμισούμειόν,
1386 1139 1423 1178 id

99 1206 161 1237 est
191 1198 442 1247 coodibilem,
482 1200 518 1237 in
553 1199 695 1249 leprosi
727 1200 992 1250 purgationem
1008 1200 1066 1244 2),
1106 1212 1180 1235 non
1214 1198 1362 1249 pigebit
1387 1199 1423 1236 ei

101 1269 311 1295 occurrere
338 1263 380 1295 et
403 1257 440 1294 iu
466 1257 598 1308 primis
624 1256 811 1306 figuratae
840 1256 937 1306 legis
961 1257 1035 1293 vim
1064 1254 1290 1302 ostendere,
1326 1268 1423 1307 quae

100 1315 138 1352 in
165 1315 341 1366 exemplo
364 1315 510 1365 leprosi
537 1328 611 1351 non
639 1313 904 1364 contingendi,
931 1314 1006 1351 imo
1033 1313 1080 1350 ab
1109 1314 1209 1350 omni
1236 1327 1425 1351 commer-

102 1371 459 1417 ciosubmovendi,
494 1372 877 1416 communicationem
903 1370 1136 1422 prohibebat
1167 1370 1331 1407 hominis
1358 1370 1424 1408 dc-

98 1429 202 1477 lictis
223 1427 507 1475 commaculati,
536 1442 620 1467 cum
635 1429 809 1479 qualibus
835 1435 875 1466 et
900 1428 1096 1481 apostolus
1110 1428 1147 1474 ³)
1177 1428 1301 1465 cibum
1329 1441 1423 1479 quo-

101 1499 177 1538 que
210 1493 316 1527 vetat
351 1499 520 1532 sumere,
565 1487 789 1537 participari
826 1486 929 1524 enim
963 1486 1141 1536 stigmata
1179 1484 1422 1531 delictorum,

65 1572 67 1574 -
100 1545 212 1596 quasi
239 1556 289 1582 ex
315 1544 567 1595 contagione,
601 1545 632 1582 si
665 1545 746 1596 quis
778 1556 819 1582 se
851 1557 935 1581 cum
968 1540 1179 1595 peccatore
1212 1543 1421 1581 miscuerit.

99 1601 446 1654 ltaque-dominus
482 1602 615 1650 volens
653 1602 765 1640 altius
803 1601 969 1652 intelligi
1006 1601 1130 1652 legem
1157 1614 1228 1652 per
1253 1601 1422 1639 carnalia

100 1659 287 1711 spiritalia
319 1659 617 1710 significantem,
651 1666 690 1698 et
711 1660 795 1698 ·hoc
827 1660 979 1697 nomine
1006 1673 1081 1696 non
1108 1657 1332 1706 destruens,
1356 1658 1422 1697 scd

99 1717 222 1767 magis
247 1723 464 1763 exstruens,
493 1730 603 1767 quam
629 1716 1064 1769 pe1·tinentius·volebat
1089 1717 1268 1766 agnosci,
1296 1717 1424 1766 tetigit

102 1773 368 1825 leprosumsa
393 1787 468 1824 quo
501 1774 718 1811 etsihomo
752 1774 942 1824 inquinari
975 1774 1181 1824 potuisset,
1216 1772 1309 1811 deus
1337 1775 1423 1826 >uti-

101 1843 176 1883 que
213 1843 290 1868 non
327 1831 618 1882 inquinaretur,¹
650 1830 1000 1870 incontaminabilis
1031 1830 1195 1868 scilicet.
1231 1830 1315 1869 ‚Ita
1346 1844 1422 1869 non

101 1887 392 1940 praescribetur
415 1887 489 1934 illi,
528 1886 630 1938 quod
654 1887 846 1926 ,debuerit
882 1888 1007 1939 legem
1047 1888 1255 1926 observare
1278 1894 1322 1927 'et
1346 1901 1422 1927 non

101 1946 330 1997 contingere
362 1944 611 1992 immundum,
644 1958 753 1997 quem
785 1950 987 1984 contactus
1019 1944 1198 1984 immundi
1220 1950 1306 1984 juon
1339 1954 1424 1985 erat

100 2003 376 2056 inquinaturus.
439 2003 522 2041 Hoc
555 2004 676 2053 magis
706 2016 790 2042 meo
824 2003 977 2042 Christo
1011 2010 1242 2056 competere>
1265 2005 1320 2042 sic
1355 2003 1423 2043 do-

101 2073 195 2108 ceo,
214 2060 303 2100 dum
329 2067 394 2099 tuo
419 2062 503 2098 non·
523 2068 743 2112 competere
760 2059 1003 2101 demonstro..
1044 2060 1086 2099 Si
1112 2062 1212 2100 enim
1238 2069 1280 2099 ut
1293 2075 1422 2100 aemu-

102 2119 159 2163 lus
184 2118 282 2169 legis
318 2119 448 2169 tetigit
474 2119 685 2169 leprosum,
721 2116 835 2157 'nihili
865 2119 1288 2171 facienspraeceptum
1323 2121 1421 2171 legis

101 2187 173 2227 per
203 2182 461 2228 contemptum
494 2177 785 2227 inquinamenti,
833 2177 1023 2228 quo‘modo
1055 2185 1187 2229 posset
1217 2178 1420 2228 inquinaii,

101 2232 163 2284 qui
204 2246 344 2285 corpus
390 2247 466 2271 non
503 2233 670 2280 habebat
707 2233 808 2286 quod
844 2235 1155 2286 inquinaretur?
1192 2234 1421 2273 Phantasma

101 2291 224 2332 enim·
234 2291 424 2343 inquinari
458 2304 550 2329 non
566 2282 712 2357 posset.
777 2292 849 2339 Qui
881 2305 976 2343 ergo
1011 2292 1201 2343 inquinari
1239 2305 1315 2329 non
1348 2306 1419 2344 po-

99 2354 211 2401 terat
227 2355 268 2386 ut
292 2348 533 2400 phantasma,
566 2349 639 2387 iam
662 2363 744 2387 non
777 2350 918 2388 virtute
945 2350 1071 2388 divina
1099 2349 1420 2388 incontaminabi-

99 2405 146 2444 lis
170 2407 258 2453 erit,
285 2405 352 2444 sed
373 2406 645 2457 phantasmatis
670 2407 874 2455 inanitate3
901 2420 973 2446 nec
995 2407 1271 2458 contempsisse
1295 2406 1421 2445 videri

98 2459 231 2515 potest
253 2464 595 2515 inquinamentum,
638 2466 745 2503 cuius
782 2465 979 2504 materiam
1018 2479 1093 2502 non
1119 2464 1421 2503 habebat.1ta

99 2531 171 2559 nec
209 2520 335 2573 legem
373 2520 627 2569 destruxisse,
666 2522 729 2574 qui
767 2522 1088 2574 inquinamentum
1125 2535 1175 2560 ex
1212 2523 1419 2562 occasione

191 2645 225 2687 1)
249 2649 314 2679 ler.
330 2650 385 2690 16,
402 2651 453 2682 16.
551 2649 585 2691 2)
611 2650 695 2682 Luc.
711 2652 742 2685 5.
761 2652 917 2681 12—14.
1015 2652 1051 2691 3)
1081 2653 1096 2682 1
1113 2653 1188 2683 Cor.
1201 2653 1231 2691 5,
1248 2653 1302 2684 ss.
