1624 2826
210 205 316 243 ξοδ
468 208 592 239 Anv.
628 207 989 238 ΜΑΒοιοΝΕΜ
1024 206 1201 237 nmen
1232 183 1314 237 ivs

211 301 284 338 iam
309 312 403 337 vero
429 306 469 337 et
493 300 704 337 humilitate
733 299 821 338 fidei
846 300 1020 352 pusillas:
1060 299 1211 337 facilius
1236 298 1366 349 utique
1394 296 1531 336 erede-

211 370 309 403 mus,
337 355 498 395 eundem
525 357 637 396 etiam
664 357 830 408 parvulis
855 358 1047 396 revelasse
1075 370 1143 407 per
1170 356 1379 401 Christum,
1407 355 1469 406 qui
1494 361 1534 394 et

210 421 315 452 retro
343 413 590 452 absconderit
615 420 654 452 et
677 427 747 465 per
762 414 949 453 Christum
964 414 1238 453 revelationem
1253 412 1531 464 repromiserit.

208 470 288 509 Aut
313 472 344 509 si
370 470 463 509 deus
487 471 697 509 Marcionis
723 485 782 518 en,
811 485 905 523 quae
927 486 947 510 a
970 479 1148 510 creatore
1174 469 1401 509 abscondita
1426 476 1532 508 retro

209 529 385 575 fuerant,
419 529 629 580 patefecit,
662 541 757 579 ergo
784 530 858 566 iam
884 530 1054 567 creatori
1081 529 1276 579 negotium
1301 528 1444 579 gessit,
1471 539 1534 565 res

210 587 291 624 eius
312 585 547 624 edisserens.
611 584 689 624 Sed
715 587 753 624 in
786 586 1105 633 destructionem,
1144 587 1285 637 inquis,
1323 586 1379 623 uti
1405 583 1534 622 tradu-

210 650 319 681 ceret
344 656 422 681 ens.
484 643 589 694 Ergo
616 644 690 681 illis
718 643 931 682 traduxisse
965 643 1174 689 debuerat,
1214 642 1355 694 quihus·
1380 648 1536 680 creator

209 700 477 747 abscondidit,
515 701 750 752 sapientibus
776 708 816 739 et
840 700 1101 752 prudentibus.
1165 698 1207 738 Si
1233 701 1332 738 enim
1357 699 1534 750 benigni·

210 765 288 795 tate
326 758 520 803 faciebat,
559 758 633 795 illis
660 765 744 796 erat
775 759 922 808 agnitio
957 756 1209 809 praestanda,
1250 757 1383 808 quibus
1409 757 1536 794 fuerat

210 822 376 865 negata,
417 828 493 852 non
518 815 708 865 parvulis,
748 815 881 866 quibus
908 816 998 853 nihil
1031 821 1187 853 creator
1218 813 1422 852 inviderat.
1485 812 1535 851 Et

211 880 336 910 tamen
362 885 479 923 usque
506 871 653 918 adhuc,
692 879 807 937 puto,
847 872 1050 938 probamus
1083 872 1382 911 exstructionem
1409 870 1534 922 potius

211 930 308 980 legis
334 937 374 968 et
397 929 669 981 prophetarum
696 930 857 970 inveniri
889 930 926 966 in
954 929 1126 975 Christo,
1166 941 1274 980 quam
1301 927 1535 966 destructio-

211 1000 310 1025 nem.
372 986 506 1024 Omnia
531 986 602 1024 sibi
629 985 767 1024 tradita
794 985 889 1024 dicit
913 999 935 1024 a
960 993 1082 1051 patre.
1105 984 1143 1038 ¹)
1205 984 1363 1051 Credas,
1391 986 1422 1023 si
1449 996 1534 1023 cre-

211 1044 330 1082 atoris
367 1051 426 1082 est
452 1043 648 1089 Clnistus,
689 1045 794 1081 cuius
820 1044 967 1090 onmia,
1008 1043 1093 1094 quia
1126 1056 1199 1081 non
1226 1043 1362 1081 minori
1388 1055 1429 1080 se
1455 1048 1534 1080 tra-

211 1100 308 1138 didit
334 1101 477 1146 omnia,
507 1101 582 1138 filio
611 1108 778 1146 creator,
807 1113 902 1151 quae
928 1114 999 1151 per
1023 1113 1107 1138 eum
1135 1098 1330 1146 condidit,
1357 1112 1428 1151 per
1451 1111 1533 1145 ser-

211 1170 360 1195 monem
386 1171 491 1196 suum
518 1158 680 1195 scilieet.
743 1157 947 1204 Ceterum,
986 1158 1016 1196 si
1043 1154 1289 1210 ἐπερχόμενος
1313 1157 1403 1203 ille,
1437 1169 1533 1208 quae

211 1222 298 1253 sunt
323 1215 462 1261 omnia,
490 1227 584 1266 quae
612 1215 666 1252 illi
693 1228 712 1252 a
740 1222 848 1266 patre
875 1221 962 1255 sunt
986 1214 1158 1253 tradita?
1189 1227 1285 1266 quae
1311 1221 1398 1253 sunt
1423 1226 1533 1253 crea-

212 1273 330 1311 toris?
377 1271 483 1323 Ergo
509 1272 611 1309 bona
636 1279 741 1318 sunt,
782 1285 877 1324 quae
903 1279 1015 1324 patei
1040 1273 1118 1310 filio
1145 1271 1320 1319 tradidit,
1347 1279 1387 1310 et
1411 1271 1534 1310 bonus

212 1331 285 1367 iam
313 1337 479 1376 creator,
508 1331 613 1368 cuius
640 1331 764 1367 omnia
791 1330 901 1368 bona
917 1337 1014 1377 sunt,
1041 1337 1080 1368 et
1105 1330 1169 1368 ille
1196 1331 1268 1368 iam
1295 1340 1369 1368 non
1397 1329 1532 1376 bonus,

212 1388 274 1438 qui
299 1388 337 1424 in
363 1387 488 1425 aliena
512 1387 614 1425 bona
640 1388 794 1434 invasit,
834 1394 874 1425 ut
902 1387 978 1425 lilio
1005 1386 1195 1434 traderet,
1235 1386 1379 1426 docens
1404 1385 1537 1427 alieno

212 1444 421 1482 abstinere.
455 1443 571 1482 Certe
599 1443 913 1490 mendicissimus,
942 1445 1003 1495 qui
1030 1457 1101 1482 nee
1129 1445 1244 1482 lilium
1271 1443 1370 1482 unde
1391 1443 1533 1482 ditaret

211 1501 367 1547 habuit,
406 1501 478 1538 nisi
510 1499 557 1539 de
583 1501 723 1538 alieno.
784 1500 864 1539 Aut
889 1502 920 1539 si
947 1501 1038 1539 nihil
1064 1500 1111 1539 ‹le
1139 1502 1326 1539 creatoris
1351 1499 1530 1539 traditum

210 1565 270 1597 est
294 1559 331 1596 ei
357 1571 380 1596 a
404 1565 527 1609 patre,
554 1566 594 1596 et
619 1557 807 1609 quomodo
834 1559 1024 1596 hominem
1046 1559 1234 1596 creatoris
1253 1557 1532 1596 sibivindicat?

210 1623 275 1654 aut.
305 1616 337 1654 si
374 1616 476 1654 solus
513 1615 627 1653 homo
665 1616 700 1653 ei
740 1614 900 1654 traditus
931 1623 1001 1662 est,
1035 1616 1161 1654 omnia
1192 1615 1306 1659 honio
1344 1629 1420 1664 non
1458 1623 1529 1654 est.

211 1673 412 1724 Scriptura
449 1680 575 1712 autem
614 1674 777 1711 omnium
815 1672 933 1711 edicit
971 1672 1217 1711 traditionem
1256 1673 1333 1710 lilio
1366 1673 1528 1715 factam.

211 1730 289 1769 Sed
321 1731 394 1769 etsi
427 1732 551 1769 omnia
582 1729 631 1768 ad
663 1731 853 1768 hominum
884 1724 1048 1782 genera,
1087 1730 1124 1768 id
1151 1729 1282 1768 estad
1308 1743 1438 1768 omnes
1465 1743 1531 1768 na-

209 1789 354 1834 tiones,
381 1788 718 1840 interpretaberis,
746 1795 786 1827 et
804 1788 877 1826 has
905 1788 982 1826 filio
1010 1784 1214 1826 tradidisse
1242 1786 1431 1826 creatoris
1449 1790 1529 1837 ‚est-

208 1845 318 1884 Dabo
346 1846 414 1884 tibi
440 1853 575 1896 gentes
602 1844 880 1885 haereditatem
913 1852 1014 1884 tuam
1036 1853 1086 1884 et
1116 1846 1398 1897 possessionem
1429 1852 1530 1889 tuam

208 1904 391 1941 terminos
418 1911 562 1942 terrae.
579 1903 616 1951 2)
676 1902 756 1942 Aut
780 1904 811 1941 si
839 1903 954 1942 habet
985 1911 1025 1942 et
1050 1904 1132 1955 ipse
1158 1903 1284 1954 aliqua
1309 1915 1393 1949 sua,
1434 1915 1530 1954 qnae

209 1961 334 1997 onmia
361 1961 437 1998 filio
466 1960 649 2007 traderet,
678 1962 823 2012 pariter
849 1974 931 1999 cum
958 1961 1110 1999 homine
1138 1961 1340 2007 creatoris,
1368 1959 1529 1998 ostende

207 2031 318 2055 unuin
341 2018 504 2067 aliquem
523 2018 560 2063 ³)
600 2030 649 2056 ex
681 2018 852 2056 omnibus
884 2019 922 2056 in
955 2017 1091 2064 sidem,
1136 2019 1174 2056 in
1205 2018 1455 2070 exemplum,
1481 2030 1529 2055 ne

206 2082 282 2112 tam
310 2075 446 2112 merito
473 2087 548 2112 non
575 2074 729 2112 credam
756 2076 837 2114 eius
864 2089 948 2114 csse
976 2069 1120 2121 onmia,
1149 2076 1255 2113 cuius
1281 2074 1374 2112 nihil
1398 2073 1527 2122 video,

207 2145 317 2184 quam
344 2132 480 2170 merito
508 2131 680 2178 credam,
715 2133 828 2171 etiam
857 2146 952 2185 quae
981 2146 1056 2170 non
1082 2131 1196 2170 video
1223 2133 1303 2170 eius
1330 2143 1434 2181 esse,
1462 2145 1530 2170 cn-

206 2191 264 2228 ius
290 2196 376 2227 sunt
399 2190 590 2235 universa,
618 2202 714 2241 quac
740 2189 866 2228 video.
908 2189 984 2228 Sed
1012 2203 1123 2228 nemo
1150 2190 1234 2236 seit,
1264 2190 1324 2241 qui
1341 2189 1527 2241 sitpater,

206 2248 277 2285 nisi
315 2247 438 2293 filius,
476 2254 516 2285 et
541 2247 603 2298 qui
640 2248 689 2284 sit
729 2247 838 2292 lilius,
878 2248 948 2285 nisi
986 2254 1109 2298 pater,
1151 2250 1278 2295 [nemo
1317 2248 1424 2296 enim,
1454 2247 1529 2285 scit

204 2312 372 2356 patrem,
398 2304 470 2342 nisi
497 2304 612 2350 filius,
646 2311 685 2343 et
710 2304 825 2342 filiuni
852 2305 921 2342 nisi
947 2305 1096 2356 pater,]
1124 2311 1164 2342 et
1189 2305 1402 2356 cuicunque
1430 2303 1526 2342 filius

205 2362 496 2411 1·evelaverit.4)
532 2360 659 2413 Atque
685 2362 738 2400 ita
759 2362 931 2401 Christus
958 2363 1128 2414 ignotum
1143 2361 1253 2401 deum
1273 2360 1523 2414 praedicavit.

298 2466 333 2503 1)
359 2467 442 2498 luc.
463 2466 518 2506 10,
533 2467 587 2498 22.
682 2466 719 2506 2)
745 2467 799 2497 rs.
818 2468 847 2506 2,
865 2467 895 2497 8.
992 2463 1028 2507 3)
1056 2466 1241 2497 Ciaconius
1262 2467 1296 2495 et
1313 2464 1389 2504 mg.
1402 2473 1525 2494 unum

206 2512 392 2549 aliquod.
488 2513 525 2552 4)
557 2513 641 2544 Luc.
669 2514 723 2558 10,
745 2514 799 2545 22
840 2488 903 2543 ’nvi
935 2513 1034 2543 uncis
1060 2512 1194 2543 inclusa
1220 2512 1342 2541 desunt
1368 2510 1402 2540 in
1429 2510 1526 2540 editt.

204 2557 393 2588 l’mncliiet
407 2558 493 2597 Rig„
518 2568 580 2589 nec
606 2559 689 2590 licet
715 2559 881 2596 dubitare,
910 2559 991 2597 quin
1013 2568 1033 2590 a
1058 2558 1197 2589 librario
1211 2556 1355 2596 quodam
1371 2555 1525 2587 eMatth.

205 2604 259 2642 11,
276 2604 330 2634 27.
341 2603 474 2634 adiecta
489 2605 566 2636 sint.
587 2607 636 2638 cf.
653 2606 860 2644 lr,enaeus4
877 2605 931 2634 14.
