1604 2800
175 160 281 200 15⁰
401 162 473 192 DE
506 158 1018 191 nEsunnEctrioNE
1053 160 1280 193 etiams.

178 255 413 295 substantiae
441 253 780 292 resurrectionem.
833 249 875 290 Si
901 252 1014 300 enim,
1042 253 1142 291 sicut
1165 253 1204 291 in
1229 250 1354 292 Adam
1381 267 1514 294 omnes

177 314 409 359 moriuntur,
448 312 502 349 ita
539 317 578 349 et
609 311 647 348 in
681 310 835 349 Christo
874 323 1006 349 omnes
1042 309 1356 359 vivificabuntur,
1395 324 1514 352 carne

175 369 472 409 vivificabuntur
497 370 535 407 in
562 367 739 415 Christo,
779 369 878 406 sicut
908 368 947 406 in
978 366 1102 407 Adam
1136 381 1254 408 carne
1285 369 1513 410 moriuntur.

179 428 444 480 Unusquisque
471 433 597 465 autem
624 426 662 464 in
688 439 756 464 suo
783 424 932 474 ordine,
949 427 984 475 ¹)
1019 420 1171 466 scilicet
1204 427 1292 479 quia
1316 433 1358 466 et
1382 427 1420 465 in
1446 439 1516 467 sno

178 498 357 538 corpore.
433 483 537 523 Ordo
570 485 671 523 enim
702 484 925 523 meritorum
959 483 1236 537 dispositorum·
1258 479 1412 532 nomine
1439 483 1518 524 dis-

176 550 355 596 ponetur.
370 544 408 591 2)
447 542 589 581 Merita
609 549 735 581 autem
758 555 842 581 cum
870 543 1026 594 corpori
1055 555 1206 595 quoque
1232 541 1516 596 adscribantur,

179 600 274 640 ordo
297 613 448 653 quoque
469 613 675 653 corporum
697 599 923 652 disponatur
949 613 1110 639 necesse
1129 607 1201 648 est,
1229 603 1270 650 u't
1289 596 1518 654 possit'esse

177 660 415 698 meritorum.
468 657 509 696 Si
531 665 657 697 autem
679 665 718 696 et
736 658 983 710 baptizantur
1013 657 1164 710 quidam
1190 671 1260 711 pro
1287 656 1517 706 mortuis,‘³)

176 716 408 763 videbimus,
441 730 488 754 an
521 716 685 755 ratione.
755 715 872 755 Certe
905 716 970 755 illa
1003 717 1315 768 praesumptione
1346 715 1423 755 hoc
1449 728 1519 755 eos

180 775 390 812 instituisse
430 773 642 820 contendit,
662 774 701 823 ⁴²)
740 787 812 824 qua
851 774 915 811 alii
954 775 1067 812 etiam
1110 774 1218 813 carni
1255 780 1297 813 ut
1331 773 1518 813 vicarium

178 831 364 883 baptisma
406 830 644 882 profuturum
684 830 950 868 existimarent
981 831 1030 869 ad
1062 844 1168 883 spem
1202 832 1517 877 resurrectionis,

181 901 277 941 quae
305 889 376 926 nisi
404 888 632 939 corporalis,
661 901 736 925 non
763 888 891 926 alias
880 901 917 925 1n
939 887 1168 940 baptismate
1196 889 1392 944 corporali
1420 887 1520 927 obli-

180 953 352 998 garetur.
417 945 514 994 Quid
541 952 581 984 et
606 946 708 997 ipsos
735 945 923 997 baptizari
950 946 1023 984 ait:
1040 948 1075 994 ⁵)
1110 947 1142 984 si
1167 959 1243 984 non
1271 956 1368 998 quae
1393 945 1522 998 bapti-

180 1011 318 1042 zantur
356 1016 523 1070 corpora
560 1003 842 1053 resurgunt?⁶)
882 1001 1020 1041 Anima
1059 1004 1159 1041 enim
1199 1015 1273 1040 non
1312 1003 1521 1051 lavatione,

181 1060 249 1100 sed
275 1062 527 1113 responsione
555 1061 738 1098 sancitur.
814 1058 912 1108 Quid
938 1066 978 1098 et
1003 1073 1086 1106 nos,
1120 1059 1261 1111 inquit,
1296 1061 1398 1099 omni
1425 1060 1523 1100 hora

180 1119 470 1171 periclitamur?
482 1118 520 1166 ⁷)
549 1118 678 1169 utique
702 1130 772 1169 per
792 1129 962 1156 carnem.
1006 1116 1188 1165 Quotidie.
1210 1117 1367 1165 morior,
1390 1117 1523 1170 utique

180 1176 364 1228 periculis
380 1176 519 1222 carnis,
548 1188 618 1228 per
638 1189 746 1227 quam
769 1181 808 1214 et
828 1174 1063 1228 depugnavit
1083 1174 1131 1213 ad
1151 1175 1296 1214 bestias
1311 1174 1468 1228 Ephesi,
1482 1176 1520 1223 ⁸)

180 1235 265 1273 illas
291 1234 443 1272 scilicet
467 1233 612 1272 bestias
637 1232 836 1272 Asiaticae
863 1246 1080 1285 pressurae,
1115 1231 1163 1271 ‹le
1191 1246 1263 1285 qua
1289 1233 1327 1272 in
1353 1231 1524 1272 secunda

182 1291 230 1330 ad
253 1291 430 1330 eosdem:
458 1291 633 1329 nolumus
659 1292 759 1329 enim
779 1304 848 1330 vos
869 1291 1065 1342 ignorare,
1093 1291 1247 1338 fratres,
1273 1289 1322 1329 de
1341 1302 1523 1343 pressura

181 1356 316 1387 nostra
347 1347 447 1399 apud
472 1347 625 1395 Asiam,
664 1347 765 1400 quod
797 1360 914 1400 super
943 1362 1053 1402 quam
1092 1349 1360 1401 supragravati
1396 1361 1524 1388 sumus

184 1407 282 1443 citra
308 1405 428 1451 vircs,
461 1406 516 1442 uti
543 1404 590 1443 de
617 1406 693 1443 vita
720 1406 1010 1445 haesitaremus.
1025 1407 1063 1457 ⁹)
1138 1405 1273 1445 Omnia
1297 1406 1416 1454 haec,
1450 1405 1524 1444 nisi

183 1462 312 1508 fallor,
346 1474 393 1499 eo
421 1468 640 1508 enumerat,
671 1468 725 1508 ut,
759 1463 894 1500 nolens
924 1476 1059 1501 vanam
1093 1463 1201 1502 credi
1234 1465 1362 1503 carnis
1388 1463 1524 1503 confli-

186 1519 410 1564 ctationem,
432 1517 644 1556 indubitate
659 1519 752 1556 velit
767 1518 875 1557 credi
890 1520 1017 1557 carnis
1032 1522 1377 1560 resurrectionem.
1410 1519 1524 1560 Vana

185 1577 284 1614 enim
306 1574 482 1614 habenda
497 1582 556 1614 est
571 1576 808 1614 conflictatio
824 1577 919 1623 eius,
942 1577 1048 1614 cuius
1063 1577 1165 1615 nulla
1181 1578 1255 1615 erit
1267 1579 1522 1616 resurrectio.

187 1632 266 1673 Sed
293 1632 397 1671 dicet
423 1634 525 1685 quis:
554 1632 744 1685 quomodo
773 1640 977 1684 resurgent
1002 1634 1157 1681 mortui,
1185 1647 1259 1686 quo
1286 1641 1412 1673 autem
1435 1647 1524 1674 cor-

185 1703 280 1743 pore
306 1691 567 1741 venienww)
601 1690 678 1728 Iam
705 1690 766 1729 hic
789 1689 835 1729 de
857 1690 1104 1743 qualitatibus
1126 1704 1332 1743 corporum
1354 1690 1524 1739 disserit,

185 1762 233 1787 an
257 1747 395 1787 eadem
433 1749 533 1815 ipsa,
572 1761 620 1786 an
659 1748 733 1786 alia
771 1755 1024 1787 resumantur.
1101 1746 1179 1787 Sed
1218 1761 1302 1787 cum
1334 1746 1524 1788 eiusmodi

187 1806 361 1858 quaestio
383 1806 581 1858 posterior
599 1805 800 1854 habeatur,
828 1805 993 1845 sufficiet
1017 1807 1169 1844 interim
1197 1818 1247 1844 ex
1271 1806 1346 1845 hoc
1373 1812 1525 1859 quoque

188 1864 429 1916 corporalem
463 1862 614 1902 deliniri
646 1865 993 1912 resurrectionem,
1026 1877 1110 1903 cum
1142 1862 1191 1902 de
1224 1864 1408 1916 qualitate
1435 1870 1525 1902 co'r-

187 1934 319 1972 porum
348 1922 555 1972 quaeritur.
589 1948 592 1950 v

301 1981 370 2020 49.
434 1978 597 2017 Ventum
624 1986 683 2018 est
710 1992 807 2017 nunc
833 1978 882 2018 ad
909 1991 1064 2018 carnem
1085 1985 1124 2017 et
1143 1980 1365 2031 sanguinem
1387 1991 1525 2018 revera

188 2035 305 2073 totius
320 2036 566 2086 quaestionis,
583 2050 674 2089 quas
692 2037 700 2062 ¹
717 2038 755 2085 ¹)
782 2037 1013 2076 substantias
1028 2036 1128 2089 quali
1142 2035 1366 2075 conditione
1381 2036 1525 2075 exhae-

187 2091 384 2131 redaverit
404 2094 633 2146 apostolusa
650 2094 712 2133 dei
733 2108 871 2147 regno,
897 2107 1022 2147 aeque
1049 2093 1096 2133 de
1122 2092 1441 2132 antecedentibus
1466 2090 1526 2132 di-

189 2162 300 2188 scere
334 2157 405 2189 est.
472 2150 631 2199 Primus,
664 2153 804 2205 inquit,
837 2153 951 2191 homo
978 2151 1026 2191 de
1053 2158 1156 2190 terra
1183 2151 1361 2198 choicus,
1394 2149 1433 2190 id
1465 2158 1526 2190 est

285 2288 323 2332 1)
350 2289 431 2321 lbid.
446 2299 476 2322 v.
492 2291 535 2320 22
549 2299 598 2329 sq.
690 2292 724 2331 2)
752 2292 808 2324 Sic
823 2292 890 2332 leg.
906 2292 938 2322 in
956 2291 1062 2322 Rhen.
1078 2291 1128 2322 ed.
1144 2292 1168 2323 1.
1183 2290 1218 2322 et:
1232 2289 1306 2322 cod.
1319 2288 1472 2327 Pithoei5
1493 2298 1526 2320 v.

191 2335 283 2375 disp
294 2336 503 2367 ositorum
522 2336 617 2367 deest
631 2339 722 2376 apud
737 2338 928 2369 Gelenium.
942 2338 1004 2370 Ed.
1018 2337 1121 2368 Fran.
1136 2339 1170 2368 et
1184 2336 1258 2377 Εἰς.
1278 2336 1390 2366 Ordo
1415 2334 1525 2366 enim

191 2390 271 2412 non
298 2381 432 2421 aliud,
458 2391 574 2421 quam
600 2384 848 2414 meritorum
877 2383 1126 2424 dispositor.
1216 2379 1524 2420 3)1cor.15,29.

192 2427 229 2462 4)
258 2427 364 2459 Rhen.
387 2429 618 2466 portendit.
715 2430 750 2468 5)
777 2430 883 2460 Rhen.
904 2430 1041 2466 Quiet
1059 2429 1121 2460 i.b.
1136 2428 1213 2460 ait:
1234 2428 1276 2459 id
1296 2429 1381 2466 ent,
1405 2426 1440 2457 si
1458 2428 1524 2458 etc.

193 2473 229 2510 (i)
256 2474 358 2505 1Cor.
379 2475 433 2515 15,
455 2476 508 2506 29.
604 2474 641 2512 7)
670 2475 752 2507 [bid.
774 2485 804 2507 v.
826 2474 882 2509 30.
980 2477 1015 2514 8)
1042 2477 1088 2507 lb.
1103 2484 1134 2506 v.
1149 2476 1190 2506 31
1206 2484 1256 2513 aq.
1357 2471 1395 2515 9)
1417 2473 1525 2503 2Cor.

194 2519 271 2595 1,8b.
298 2566 312 2594 ε
368 2520 426 2560 10)
453 2522 558 2552 icor.
581 2522 634 2561 15,
657 2522 710 2552 35.
814 2519 876 2564 11)
902 2521 965 2552 Ed.
983 2522 1085 2552 Fran.
1105 2519 1378 2560 quaestioni·
1404 2517 1525 2557 quasi

194 2573 239 2594 su
275 2573 290 2595 s
315 2586 322 2592 .
