1566 2808
2 196 20 204 ..r

0 84 24 121 ἐρ,

329 193 456 227 Αυν.
491 194 855 225 ΜΑΒοιοΝΕΜ
891 194 1067 226 tumn
1101 195 1158 226 iv.
1299 194 1399 232 182

75 287 148 336 Qui
173 293 215 326 et
239 285 566 326 inobaudientiam
591 287 667 325 illis
692 286 932 338 exprobrare
958 294 1102 339 posset,
1128 288 1279 326 etiamsi
1304 301 1400 327 nun-

71 357 184 397 quam
207 344 303 384 alias
326 344 626 401 exprobrasset?
651 343 772 383 Porro
800 346 862 396 qui
888 352 978 383 ante
999 345 1211 384 Christum:
1238 346 1401 397 populus

70 403 145 441 iste
181 414 241 441 me
278 401 390 441 labiis
427 401 571 452 diligit,
611 415 682 440 cor
711 409 839 440 autem
871 415 1003 441 eorum
1042 403 1158 455 longe
1196 402 1349 442 absistit
1378 417 1400 442 a

70 458 199 513 me,¹)
237 461 489 499 concionatus
520 465 598 506 est,
635 466 808 498 veterem
845 461 976 512 utique
1007 461 1083 499 illis
1120 462 1401 500 contumaciam

70 517 295 569 imputabat.
354 516 538 569 Alioquin
563 530 674 568 quam
700 516 924 564 absurdum,
963 524 1004 556 ut
1029 531 1148 557 novus
1173 517 1288 566 deus,
1331 532 1402 557 no-

72 587 141 614 vus
166 574 359 621 Christus,
396 587 520 613 novae
547 581 752 627 tantaeque
784 576 985 626 religionis
1016 576 1269 623 illuminator,
1308 589 1403 615 con-

71 630 256 671 tumaces·
269 638 310 690 et
333 632 633 684 inobsequentes
658 634 945 684 pronuntiaret,
984 646 1080 685 quos
1111 647 1188 672 non
1212 635 1405 685 potuisset

72 685 275 742 experiri?

192 750 257 788 18.
305 746 396 785 Pro
498 745 722 786 extollenda
753 745 829 785 fide
855 748 1119 793 centurionis,
1158 746 1402 789 incredibile,

73 805 107 843 si
130 805 165 842 is
187 803 387 855 professus
508 804 625 842 talem
650 816 692 842 se
715 803 834 842 fidem
847 805 972 842 necin
990 803 1132 845 lsraele
1147 805 1354 850 invenisse,
1362 805 1403 854 2)

72 859 124 900 nd
156 867 270 918 quem
306 874 382 899 non
413 861 635 913 pertinebat
666 860 763 900 fides
801 860 968 900 Israelis.
1038 860 1117 900 Sed
1150 875 1222 901 nec
1261 861 1402 901 exinde

71 919 272 972 pertinere
298 925 454 970 poterat
477 917 603 957 adhuc
629 918 762 965 cruda,
788 926 830 957 ut
855 919 1090 971 probaretur
1112 920 1174 959 vel
1202 932 1404 972 compara-

72 982 204 1023 retur,
241 989 290 1015 ne
321 975 484 1015 dixerim
515 975 641 1015 adhuc
672 976 787 1015 nulla.
850 976 929 1015 Sed
962 990 1031 1015 cur
1061 991 1137 1015 non
1170 978 1325 1016 licuerit
1348 977 1404 1015 illi

73 1033 225 1076 atienae
251 1032 341 1073 fidei
366 1032 543 1086 exemplo
569 1035 649 1072 uti?
709 1034 894 1082 Quoniam
919 1035 952 1073 si
981 1036 1037 1073 ita
1062 1042 1190 1082 esset,
1229 1034 1403 1081 dixisset,

73 1091 191 1131 tatem
214 1090 347 1130 fidem
341 1105 426 1130 nec
452 1093 489 1130 in
515 1090 661 1130 Israele
686 1105 848 1158 unquam
875 1093 1006 1130 fnisse.
1062 1092 1243 1131 Ceterum
1269 1091 1404 1130 dicens

73 1148 209 1188 talen
222 1147 336 1201 fidem
371 1148 551 1187 debuisse
587 1150 751 1187 inveniri
793 1151 831 1187 in
870 1149 1034 1195 Israele,
1074 1150 1212 1201 quique
1249 1148 1298 1187 ad
1329 1149 1405 1187 hoc

73 1206 257 1252 venisset,
281 1212 326 1244 ut
349 1217 433 1244 eam
457 1206 660 1251 inveniret,
687 1205 785 1245 deus
806 1207 958 1245 scilicet
982 1213 1022 1243 et
1036 1205 1211 1245 Christus
1236 1206 1404 1257 Israelis,

65 1263 187 1315 &luam
213 1276 289 1301 non
314 1263 572 1314 suggillasset,
599 1263 671 1301 nisi
697 1270 860 1302 exactor
879 1270 919 1302 et
938 1270 1111 1302 sectator
1130 1264 1237 1302 eius?
1259 1263 1404 1302 Aemu-

76 1321 136 1360 lus
170 1333 266 1359 vero
303 1321 418 1359 etiam
457 1321 662 1359 maluisset‘
682 1334 766 1359 eam
792 1321 919 1359 talem
957 1322 1169 1367 inventam,
1212 1320 1261 1359 ad
1294 1334 1404 1372 quam

75 1376 339 1417 infirmandam
370 1384 411 1416 et
441 1377 711 1416 destruendam
742 1379 863 1428 magis
893 1385 1073 1425 venerat,
1109 1391 1186 1416 non
1207 1376 1266 1416 -ad
1300 1391 1405 1416 com-

75 1433 327 1487 probandam.
388 1433 647 1475 Resuscitavit
670 1442 710 1472 et
734 1442 921 1472 mortuum
949 1435 1065 1473 lilium
1089 1434 1248 1474 viduae·
1238 1435 1295 1482 3³)
1328 1448 1405 1472 non

76 1505 214 1538 novum
245 1490 528 1541 documentum.
591 1491 675 1530 Hoc
708 1499 747 1530 et
786 1492 999 1544 prophetae
1039 1493 1232 1531 creatoris
1268 1491 1405 1530 edide-

76 1556 183 1596 rant,
209 1555 351 1601 quanto
377 1550 499 1600 magis
531 1549 685 1587 lilius?
699 1548 828 1587 Adeo
839 1556 964 1588 autem
991 1550 1029 1587 in
1060 1549 1153 1588 illud
1178 1563 1296 1602 usque
1323 1563 1405 1587 mo-

75 1607 195 1647 menti
229 1606 371 1646 nullum
397 1607 511 1644 alium
545 1605 721 1644 dominus
754 1606 929 1645 Christus
960 1608 1162 1655 intulerat,
1198 1615 1242 1646 ut
1272 1620 1406 1646 omnes

42 1678 47 1682 ·
74 1664 158 1704 illic
182 1664 352 1705 creatori
378 1664 537 1714 gloriam
559 1664 775 1710 retulerint,
803 1663 990 1710 dicentes,
1017 1678 1176 1716 magnus
1195 1665 1406 1717 prophetes

77 1720 286 1773 prodiitin
301 1721 442 1766 euobis,
481 1728 522 1758 et
545 1722 718 1772 respexit
742 1720 837 1759 deus
861 1722 1041 1773 populum
1071 1736 1192 1761 suum.
1211 1724 1249 1770 ⁴)
1314 1721 1406 1768 Quis

78 1777 199 1832 deus?
246 1776 386 1828 Utique
413 1778 521 1815 cuius
545 1777 726 1828 populuS,
759 1784 799 1815 et
821 1791 846 1815 a
870 1791 944 1829 quo
970 1779 1198 1830 prophetae.
1261 1777 1407 1825 Quodsi

78 1835 142 1884 illi
167 1833 567 1886 quidem-creatorem
600 1834 892 1883 glorificabant,
932 1834 1106 1874 Christus
1135 1849 1231 1875 vero
1262 1842 1304 1874 et
1338 1848 1407 1873 au-

78 1891 189 1932 diens
214 1898 256 1930 et
278 1891 406 1930 sciens
430 1905 507 1929 non
538 1891 779 1942 corrigebat,
817 1898 857 1930 et
887 1891 1038 1944 quidem
1076 1894 1114 1931 in
1146 1899 1253 1932 tanto
1285 1891 1407 1931 docn-

79 1955 210 1988 mento
247 1950 387 1987 mortui
423 1949 642 1987 resuscitati
680 1955 897 1987 creatorem
935 1949 1061 1989 adhuc
1097 1958 1272 1998 orantes;
1323 1951 1405 1989 sine

80 2006 198 2046 dnbio
229 2013 295 2045 aut
325 2019 402 2052 non
433 2006 547 2044 alium
580 2006 878 2045 circumferebat
907 2006 1039 2054 deum,
1077 2021 1186 2060 quam
1219 2021 1329 2060 quem
1367 2009 1406 2046 in

80 2065 160 2103 suis
196 2063 400 2106 beneficiis
442 2070 556 2115 atque
597 2064 800 2103 virtutibus
836 2064 1019 2103 honorari
1061 2061 1310 2112 sustinebat,
1342 2072 1408 2103 aut

82 2121 296 2173 pale-est,
333 2128 376 2160 ut
399 2121 486 2159 illos
513 2128 588 2160 tam
613 2120 676 2159 diu
702 2128 877 2160 errantes
902 2123 1127 2170 sustineret,
1165 2122 1214 2162 ad
1240 2124 1315 2162 hoc
1339 2135 1406 2161 ve-

82 2179 207 2225 niens,
231 2185 275 2217 ut
297 2180 424 2218 errori
450 2191 582 2217 eorum
609 2178 853 2218 mederetur?
878 2178 956 2218 Sed
982 2180 1268 2219 scandalizatur
1293 2180 1407 2219 loan-

83 2248 152 2274 nes
176 2234 317 2282 auditis
341 2236 544 2275 virtutibus
570 2235 776 2283 christu-⁵)
811 2244 851 2276 ut
874 2238 1047 2277 alterius.
1106 2237 1160 2276 At
1184 2251 1259 2289 ego
1285 2238 1407 2275 ratio-

83 2306 168 2340 nem
199 2292 371 2337 scandali
402 2295 506 2345 prius
537 2293 755 2345 expediam,
793 2308 867 2346 quo
898 2295 1050 2334 facilius
1081 2295 1270 2334 baeretici
1294 2307 1408 2333 scan-

83 2349 214 2389 dalunt
246 2349 478 2402 explodam.'
525 2350 613 2402 Ipso
652 2352 725 2390 iam
757 2351 911 2390 domino
942 2354 1122 2391 virtutum
1153 2364 1330 2391 sermone
1367 2359 1408 2390 et

83 2409 219 2460 spiritu
254 2409 375 2460 patris
413 2415 598 2460 operante
634 2409 673 2447 in
710 2410 824 2448 terris
860 2417 900 2448 et
936 2410 1206 2462 praedicante,
1244 2421 1406 2448 necesse

175 2547 216 2584 1)
242 2546 304 2577 les.
330 2526 475 2587 29,1:‹t.·
554 2547 592 2584 2)
620 2548 702 2578 nuc.
726 2549 757 2587 τ,
784 2527 929 2587 ι’-ιο,
1026 2548 1062 2588 a)
1087 2548 1170 2578 Luc.
1192 2548 1406 2588 ’μμ-ιτ.

83 2592 121 2630 4)
146 2591 229 2624 hnc.
242 2594 275 2633 7,
291 2594 347 2623 16.
444 2594 480 2633 5)
504 2593 588 2623 Luc.
603 2593 636 2632 ⁴1,
652 2595 707 2623 20.
1325 2612 1335 2619 ,
