1604 2800
514 148 637 180 ADV.
675 149 964 182 PRAXEAN.
1299 152 1408 191 ²80

84 254 179 295 quos
220 253 402 281 aevorum
445 240 541 280 fines
582 240 899 281 decucurrerunt.
979 240 1045 282 Sic
1089 244 1205 282 etiam
1247 245 1410 286 affectus

81 299 267 339 humanos
291 298 442 338 sciebat
465 300 539 338 iam
565 306 668 346 tunc,
700 307 945 352 suscepturus
971 301 1085 339 etiam
1109 302 1211 353 ipsas
1236 302 1411 342 substan-

82 357 157 396 tias
180 356 362 404 hominis,
395 369 550 395 carnem
576 364 616 395 et
639 358 819 404 animam,
852 358 1096 409 interrogans
1119 357 1263 406 Adam,
1303 362 1410 412 quasi

82 414 281 454 nesciens:
318 414 383 453 ubi
413 427 474 461 es,
504 413 655 453 Adam?
667 416 702 463 1)
742 415 962 466 poenitens,
1001 415 1102 468 quod
1133 416 1321 456 hominem
1352 419 1411 456 fe-

84 471 271 520 cisset‚²)
310 471 418 524 quasi
454 485 531 510 non
567 473 814 524 praesciens,
860 479 1011 512 tentans
1046 472 1265 521 Abraham,
1305 476 1413 528 quasi

82 530 286 581 ignorans,
318 527 410 581 quid
435 530 484 566 sit
508 530 546 567 in
571 529 791 578 homine,³)
818 530 1003 577 offensus,
1036 532 1310 570 reconciliatus
1336 534 1411 570 eis:-

83 585 183 634 dem,
209 592 250 624 et
273 587 306 625 si
328 599 405 638 qua
429 586 617 624 haeretici
641 586 932 638 apprehendunt
957 589 1063 639 quasi
1089 587 1161 626 dco
1181 588 1337 640 indigna
1363 588 1411 627 ad

83 641 385 682 destructionem
411 645 620 690 creatoris,
653 645 896 695 ignorantes,
927 645 1025 683 haec
1050 646 1089 683 in
1114 645 1230 683 filium
1257 659 1412 698 compe-

81 701 196 748 tisse,
227 701 292 753 qui
322 701 437 739 etiam
467 702 666 752 passiones
697 701 879 739 humanas
911 709 951 739 et
980 702 1081 739 sitim
1113 709 1153 740 et
1183 704 1346 741 esuriem
1373 710 1414 741 et

82 757 262 797 lacrimas
282 765 323 796 et
341 759 461 809 ipsam
487 758 724 795 nativitatem
749 758 945 809 ipsamque
970 765 1132 796 mortem
1158 766 1243 797 erat
1267 760 1413 797 subitu-

81 827 167 862 rus,
202 821 366 866 propter
400 814 476 852 hoc
513 814 723 851 minoratus
754 826 778 851 a
806 821 917 864 patre
960 813 1150 852 modicum
1188 814 1277 866 quid
1315 817 1412 853 citra

81 869 313 923 angelos.⁴)
373 868 453 909 Sed
484 869 675 908 haeretici
706 868 857 922 quidem
883 883 956 909 nec
982 870 1061 909 filio
1089 870 1152 910 dei
1178 870 1414 924 deputabunt

82 924 306 975 convenire,
333 939 429 980 quae
457 934 495 966 tu
520 929 593 979 ipsi
616 928 718 979 patri
743 926 904 974 inducis,
933 929 1039 979 quasi
1065 929 1146 979 ipse
1172 942 1213 967 se
1240 928 1412 968 demino-

81 986 230 1026 raverit
251 987 415 1037 propter
436 998 519 1031 nos,
547 997 632 1022 cum
657 985 847 1035 scriptura
868 985 981 1022 alium
1001 983 1107 1023 dicat
1126 985 1173 1022 ab
1194 986 1270 1023 alio
1290 988 1413 1024 mino-

81 1044 221 1089 ratum,
247 1054 324 1079 non
349 1042 469 1093 ipsum
495 1054 519 1080 a
542 1047 664 1079 semet
688 1042 785 1092 ipso.
831 1039 931 1089 Quid
951 1042 983 1079 si
1009 1048 1049 1079 et
1073 1041 1181 1087 alius,
1210 1044 1271 1094 qui
1299 1055 1413 1080 coro-

82 1099 249 1139 nabatur
272 1098 398 1150 gloria
423 1105 463 1137 et
486 1098 648 1145 honore,
674 1098 771 1136 alius
797 1099 860 1150 qui
886 1097 1110 1145 coronabat,
1138 1099 1267 1150 utique
1294 1099 1414 1138 filium

82 1158 220 1209 pater?
249 1155 429 1194 Ceterum
444 1154 554 1208 quale
575 1162 646 1202 est,
666 1162 710 1193 ut
728 1153 821 1194 deus
841 1156 1081 1207 omnipotens
1100 1156 1178 1202 ille,
1200 1156 1412 1203 invisibilis,

84 1226 196 1266 quem
220 1226 333 1252 nemo
357 1212 454 1251 vidit
477 1213 670 1251 hominum
694 1225 767 1251 nec
792 1211 925 1251 videre
949 1220 1096 1264 potest,
1129 1213 1193 1251 ille
1220 1214 1281 1265 qui
1307 1214 1414 1251 inac-

85 1270 303 1310 cessibilem
339 1270 464 1309 lucem
500 1269 666 1317 habitat,
681 1271 717 1317 ⁵)
755 1270 821 1309 ille
853 1271 916 1322 qui
948 1283 1024 1307 non
1054 1270 1202 1308 habitat
1233 1271 1271 1308 in
1303 1284 1416 1308 manu

82 1329 214 1379 factis,
228 1328 267 1377 ὅ)
305 1340 328 1366 a
354 1329 461 1366 cuius
498 1334 711 1380 conspectu
747 1334 853 1366 terra
891 1328 1226 1378 contremiscit‚⁷)
1264 1334 1414 1366 montes

83 1385 302 1438 liquescunt
330 1392 372 1423 ut
403 1383 568 1437 cera,⁸)
606 1385 670 1436 qui
703 1391 822 1422 totum
853 1384 986 1423 orbem
1016 1397 1129 1422 manu
1159 1383 1417 1436 apprehendit

81 1443 190 1482 velut
212 1441 415 1493 nidum,⁹)
448 1443 509 1480 cui
541 1442 691 1480 coelum
722 1441 881 1479 thronus
906 1448 948 1479 et
972 1442 1078 1479 terra
1107 1441 1329 1487 scabellum,
1345 1442 1415 1493 ¹⁰)

82 1501 123 1539 in
148 1513 223 1553 quo
249 1500 371 1538 omnis
396 1499 523 1545 locus,
556 1512 633 1537 non
658 1499 741 1550 ipse
767 1499 806 1536 in
832 1499 940 1545 loco,
974 1499 1037 1550 qui
1062 1499 1321 1537 universitatis
1347 1511 1415 1536 ex-

83 1564 210 1596 trema
238 1557 342 1595 linea
372 1563 450 1604 est,
488 1556 553 1595 ille
584 1556 806 1603 altissimus,
845 1557 883 1594 in
920 1554 1101 1607 paradiso
1133 1554 1182 1592 ad
1212 1567 1415 1605 vesperam

83 1608 407 1659 deambulaverit,
451 1626 639 1664 quaerens
670 1611 812 1657 Adam,
851 1618 891 1648 et
926 1624 1056 1648 arcam
1094 1617 1182 1662 post
1218 1611 1414 1648 introitum

82 1670 176 1710 Noe·
199 1670 400 1715 clauserit,
434 1675 474 1706 et
498 1667 598 1720 apud
623 1667 818 1705 Abraham
844 1667 911 1705 sub
939 1679 1082 1718 quercu
1107 1667 1414 1716 refrigeraverit,

49 1744 60 1755 .
84 1733 126 1766 et
147 1725 311 1778 Moysen
337 1724 385 1763 de
411 1725 507 1762 rubo
533 1723 685 1762 ardenti
710 1724 870 1769 vocarit,
898 1729 937 1760 et
961 1724 998 1760 in
1025 1724 1183 1761 fornace
1211 1722 1416 1774 Babylonii

84 1784 191 1835 regis
211 1788 367 1834 quartus
392 1781 625 1832 apparuerit,
652 1792 875 1831 quamquam
895 1779 993 1817 filius
1014 1779 1177 1817 hominis
1197 1786 1256 1817 est
1276 1778 1414 1827 dictus,

85 1841 126 1879 ni
155 1840 254 1878 haee
285 1839 324 1876 in
355 1838 520 1888 imagine
552 1843 593 1876 et
622 1836 781 1888 speculo
818 1842 858 1874 et
894 1837 1110 1887 aenigmate
1147 1837 1414 1887 fuissentbss)

87 1895 250 1936 Scilicet
274 1902 314 1934 et
338 1895 435 1933 haec
462 1907 534 1932 nec
560 1893 608 1932 de
634 1893 713 1931 filio
740 1892 803 1931 dei
830 1891 1025 1932 credenda
1050 1893 1180 1940 fuisse,
1213 1895 1245 1932 si
1271 1894 1416 1945 scripta

85 1967 164 1992 non
188 1959 336 1999 essent,
368 1953 534 1990 fortasse
566 1963 642 1988 non
676 1949 873 1989 credenda
897 1949 945 1988 de
970 1957 1100 2002 patre,
1133 1951 1227 1989 licet
1257 1952 1414 2002 scripta,

88 2023 200 2064 quem
230 2011 295 2049 isti
324 2010 363 2047 in
392 2009 540 2047 vulvam
565 2007 714 2046 Mariae
740 2006 951 2055 deducunt,
983 2014 1023 2046 et
1048 2008 1086 2045 in
1111 2007 1224 2046 Pilati
1248 2008 1414 2046 tribunal

86 2069 303 2120 imponunt,
341 2073 382 2105 et
416 2067 455 2103 in
491 2066 742 2103 monumentis
771 2064 909 2117 Ioseph
946 2064 1240 2104 re‘concludunt.
1317 2064 1414 2102 Hinc

86 2125 206 2177 igitur
229 2130 390 2176 apparet
415 2136 527 2162 error
550 2122 714 2160 illorum.
776 2121 1003 2172 Ignorantes
1029 2123 1128 2160 enim
1155 2135 1176 2160 a
1201 2119 1413 2172 primordio

89 2194 238 2221 omnem
258 2179 432 2219 ordinem
453 2179 605 2217 divinae
626 2178 887 2230 dispositionis
906 2191 978 2230 per
996 2179 1111 2217 lilium
1132 2177 1413 2223 decucurrisse,

88 2241 210 2291 ipsum
241 2236 404 2276 credunt
432 2244 581 2290 patrem
606 2242 646 2274 et
668 2236 787 2274 visum
814 2242 855 2274 et
879 2249 1125 2288 congressum
1152 2241 1191 2273 et
1216 2240 1412 2286 operatum

183 2356 219 2395 1)
234 2356 317 2386 Gen.
333 2357 364 2394 3,
380 2356 412 2385 9.
499 2351 534 2390 2)
549 2351 633 2381 Gen.
647 2353 679 2389 6,
694 2353 725 2381 6.
810 2350 846 2390 3)
860 2352 906 2381 lo.
920 2351 952 2389 2,
968 2351 1023 2381 25.
1102 2347 1137 2388 4)
1149 2348 1204 2379 Pu.
1218 2349 1250 2386 8,
1265 2349 1296 2377 6.
1377 2347 1413 2383 5)

23 2401 29 2410 ’
91 2402 254 2438 trimo,
269 2403 321 2431 16.
406 2395 443 2440 6)
459 2397 772 2436 Act.App.17‚24.
857 2395 1035 2434 7)10e1.2‚
1051 2395 1106 2424 10.
1189 2392 1227 2434 ε)
1242 2394 1366 2428 Pas-1,
1382 2396 1414 2425 5.

91 2447 130 2488 9)
147 2449 213 2480 len.
232 2449 288 2486 1⁰,
309 2448 364 2477 14.
460 2444 519 2481 1⁰)
539 2444 603 2473 les.
623 2444 677 2482 66,
697 2444 730 2474 1.
826 2440 884 2479 11)
902 2441 999 2471 Hanc
1020 2440 1126 2470 Rhen.
1140 2439 1415 2469 emendationem

92 2502 210 2525 omnen
225 2494 362 2533 praeter
374 2491 431 2522 Fr.
446 2489 579 2519 lunium
595 2490 628 2518 et
644 2488 834 2519 semlerum
849 2488 1037 2526 probarunt
1051 2485 1125 2517 edd.
1135 2501 1180 2508 —
1193 2485 1254 2515 Ed.
1268 2486 1292 2516 1.
1314 2487 1353 2515 et
1372 2484 1413 2514 in

92 2539 276 2580 imagine
302 2542 343 2570 et
368 2547 422 2577 sp.
450 2537 488 2565 et
515 2534 765 2574 aenigmate.
814 2532 995 2564 Scilicet
1022 2533 1085 2561 ete.
