<?xml version="1.0" encoding="UTF-8"?>
<!DOCTYPE html PUBLIC "-//W3C//DTD XHTML 1.0 Transitional//EN"
    "http://www.w3.org/TR/xhtml1/DTD/xhtml1-transitional.dtd">
<html xmlns="http://www.w3.org/1999/xhtml" xml:lang="en" lang="en">
 <head>
  <title>
</title>
<meta http-equiv="Content-Type" content="text/html;charset=utf-8" />
  <meta name='ocr-system' content='tesseract 3.04.00' />
  <meta name='ocr-capabilities' content='ocr_page ocr_carea ocr_par ocr_line ocrx_word'/>
</head>
<body>
  <div class='ocr_page' id='page_1' title='image "./operatert34tertuoft_0123.png"; bbox 0 0 1566 2808; ppageno 0'>
   <div class='ocr_carea' id='block_1_1' title="bbox 12 208 1435 255">
    <p class='ocr_par' dir='ltr' id='par_1_1' title="bbox 12 208 1435 255">
     <span class='ocr_line' id='line_1_1' title="bbox 12 208 1435 255; baseline 0.004 -9"><span class='ocrx_word' id='word_1_1' title='bbox 12 208 57 239; x_wconf 50' lang='lat'>:⁴</span> <span class='ocrx_word' id='word_1_2' title='bbox 362 219 487 250; x_wconf 65' lang='lat' dir='ltr'>anv.</span> <span class='ocrx_word' id='word_1_3' title='bbox 522 217 887 255; x_wconf 63' lang='lat' dir='ltr'>mancioNEM</span> <span class='ocrx_word' id='word_1_4' title='bbox 922 217 1099 248; x_wconf 71' lang='grc' dir='ltr'><strong>ιιΒΕιι</strong></span> <span class='ocrx_word' id='word_1_5' title='bbox 1128 218 1184 247; x_wconf 82' lang='lat'>111.</span> <span class='ocrx_word' id='word_1_6' title='bbox 1334 214 1435 252; x_wconf 68' lang='lat'>11³</span> 
     </span>
    </p>
   </div>
   <div class='ocr_carea' id='block_1_2' title="bbox 105 308 1472 2653">
    <p class='ocr_par' dir='ltr' id='par_1_2' title="bbox 105 308 1472 1617">
     <span class='ocr_line' id='line_1_2' title="bbox 106 308 1435 362; baseline -0.001 -12"><span class='ocrx_word' id='word_1_7' title='bbox 106 309 301 350; x_wconf 66' lang='lat' dir='ltr'>tiu-bavit?</span> <span class='ocrx_word' id='word_1_8' title='bbox 349 308 495 362; x_wconf 83' lang='lat' dir='ltr'>Atquin</span> <span class='ocrx_word' id='word_1_9' title='bbox 531 311 570 348; x_wconf 91' lang='lat' dir='ltr'>in</span> <span class='ocrx_word' id='word_1_10' title='bbox 605 316 806 362; x_wconf 90' lang='lat' dir='ltr'>utrumque</span> <span class='ocrx_word' id='word_1_11' title='bbox 846 310 1055 356; x_wconf 84' lang='lat' dir='ltr'><strong>commisit,</strong></span> <span class='ocrx_word' id='word_1_12' title='bbox 1092 316 1181 361; x_wconf 90' lang='lat' dir='ltr'>post</span> <span class='ocrx_word' id='word_1_13' title='bbox 1217 315 1435 349; x_wconf 80' lang='lat' dir='ltr'>creatorem</span> 
     </span>
     <span class='ocr_line' id='line_1_3' title="bbox 109 366 1434 420; baseline -0.001 -13"><span class='ocrx_word' id='word_1_14' title='bbox 109 366 263 420; x_wconf 87' lang='lat' dir='ltr'>quidem</span> <span class='ocrx_word' id='word_1_15' title='bbox 294 373 373 407; x_wconf 78' lang='lat' dir='ltr'>tam</span> <span class='ocrx_word' id='word_1_16' title='bbox 403 366 515 406; x_wconf 85' lang='lat' dir='ltr'>tarde</span> <span class='ocrx_word' id='word_1_17' title='bbox 544 367 757 413; x_wconf 84' lang='lat' dir='ltr'>revelatus,</span> <span class='ocrx_word' id='word_1_18' title='bbox 796 373 884 405; x_wconf 85' lang='lat' dir='ltr'>ante</span> <span class='ocrx_word' id='word_1_19' title='bbox 913 366 1105 405; x_wconf 80' lang='lat' dir='ltr'>Christum</span> <span class='ocrx_word' id='word_1_20' title='bbox 1129 379 1224 404; x_wconf 80' lang='lat' dir='ltr'>vero</span> <span class='ocrx_word' id='word_1_21' title='bbox 1250 367 1334 405; x_wconf 88' lang='lat' dir='ltr'>eius</span> <span class='ocrx_word' id='word_1_22' title='bbox 1356 374 1434 406; x_wconf 90' lang='lat' dir='ltr'>tam</span> 
     </span>
     <span class='ocr_line' id='line_1_4' title="bbox 106 417 1472 477; baseline -0.001 -13"><span class='ocrx_word' id='word_1_23' title='bbox 106 437 288 477; x_wconf 84' lang='lat' dir='ltr'>propere.</span> <span class='ocrx_word' id='word_1_24' title='bbox 327 417 512 464; x_wconf 71' lang='lat' dir='ltr'>&#39;Alterum</span> <span class='ocrx_word' id='word_1_25' title='bbox 536 437 631 463; x_wconf 86' lang='lat' dir='ltr'>vero</span> <span class='ocrx_word' id='word_1_26' title='bbox 657 426 731 462; x_wconf 91' lang='lat' dir='ltr'>iam</span> <span class='ocrx_word' id='word_1_27' title='bbox 757 423 897 462; x_wconf 91' lang='lat' dir='ltr'>dudum</span> <span class='ocrx_word' id='word_1_28' title='bbox 920 423 1110 463; x_wconf 80' lang='lat' dir='ltr'><strong>debuerat</strong></span> <span class='ocrx_word' id='word_1_29' title='bbox 1122 422 1352 472; x_wconf 71' lang='lat' dir='ltr'><strong>traduxisse,</strong></span> <span class='ocrx_word' id='word_1_30' title='bbox 1378 425 1435 463; x_wconf 88' lang='lat' dir='ltr'>al-</span> <span class='ocrx_word' id='word_1_31' title='bbox 1457 439 1472 451; x_wconf 45' lang='grc' dir='ltr'><em>Ι</em></span> 
     </span>
     <span class='ocr_line' id='line_1_5' title="bbox 107 480 1436 534; baseline -0.001 -13"><span class='ocrx_word' id='word_1_32' title='bbox 107 488 233 521; x_wconf 81' lang='lat' dir='ltr'>terum</span> <span class='ocrx_word' id='word_1_33' title='bbox 257 480 443 529; x_wconf 83' lang='lat' dir='ltr'>nondum3</span> <span class='ocrx_word' id='word_1_34' title='bbox 478 494 526 520; x_wconf 85' lang='lat' dir='ltr'>ne</span> <span class='ocrx_word' id='word_1_35' title='bbox 545 482 661 520; x_wconf 71' lang='lat' dir='ltr'>&#39;illum</span> <span class='ocrx_word' id='word_1_36' title='bbox 688 480 840 534; x_wconf 86' lang='lat' dir='ltr'>quidem</span> <span class='ocrx_word' id='word_1_37' title='bbox 866 488 942 520; x_wconf 87' lang='lat' dir='ltr'>tam</span> <span class='ocrx_word' id='word_1_38' title='bbox 968 480 1033 520; x_wconf 89' lang='lat' dir='ltr'>diu</span> <span class='ocrx_word' id='word_1_39' title='bbox 1058 482 1295 520; x_wconf 84' lang='lat' dir='ltr'>saevientem</span> <span class='ocrx_word' id='word_1_40' title='bbox 1321 483 1436 520; x_wconf 84' lang='lat' dir='ltr'>susti-</span> 
     </span>
     <span class='ocr_line' id='line_1_6' title="bbox 106 538 1436 591; baseline 0 -13"><span class='ocrx_word' id='word_1_41' title='bbox 106 539 256 586; x_wconf 76' lang='lat' dir='ltr'>unisse,</span> <span class='ocrx_word' id='word_1_42' title='bbox 291 539 404 578; x_wconf 85' lang='lat' dir='ltr'>istum</span> <span class='ocrx_word' id='word_1_43' title='bbox 439 552 534 578; x_wconf 79' lang='lat' dir='ltr'>vero</span> <span class='ocrx_word' id='word_1_44' title='bbox 572 538 697 578; x_wconf 89' lang='lat' dir='ltr'>adhuc</span> <span class='ocrx_word' id='word_1_45' title='bbox 736 540 998 591; x_wconf 76' lang='lat' dir='ltr'>quiescentem</span> <span class='ocrx_word' id='word_1_46' title='bbox 1035 539 1290 590; x_wconf 76' lang='lat' dir='ltr'>inquietasse,</span> <span class='ocrx_word' id='word_1_47' title='bbox 1329 540 1436 578; x_wconf 82' lang='lat' dir='ltr'>circa</span> 
     </span>
     <span class='ocr_line' id='line_1_7' title="bbox 106 595 1437 648; baseline -0.001 -13"><span class='ocrx_word' id='word_1_48' title='bbox 106 595 241 635; x_wconf 78' lang='lat' dir='ltr'>ambos</span> <span class='ocrx_word' id='word_1_49' title='bbox 265 595 451 636; x_wconf 84' lang='lat' dir='ltr'>excidens</span> <span class='ocrx_word' id='word_1_50' title='bbox 475 596 523 635; x_wconf 86' lang='lat' dir='ltr'>ab</span> <span class='ocrx_word' id='word_1_51' title='bbox 550 597 683 648; x_wconf 84' lang='lat' dir='ltr'>optimi</span> <span class='ocrx_word' id='word_1_52' title='bbox 708 595 771 636; x_wconf 92' lang='lat' dir='ltr'>dei</span> <span class='ocrx_word' id='word_1_53' title='bbox 796 597 921 643; x_wconf 87' lang='lat' dir='ltr'>titulo,</span> <span class='ocrx_word' id='word_1_54' title='bbox 948 603 1056 635; x_wconf 86' lang='lat' dir='ltr'>certe</span> <span class='ocrx_word' id='word_1_55' title='bbox 1080 597 1208 634; x_wconf 87' lang='lat' dir='ltr'>varius</span> <span class='ocrx_word' id='word_1_56' title='bbox 1233 603 1273 635; x_wconf 91' lang='lat' dir='ltr'>et</span> <span class='ocrx_word' id='word_1_57' title='bbox 1291 597 1374 648; x_wconf 86' lang='lat' dir='ltr'>ipse</span> <span class='ocrx_word' id='word_1_58' title='bbox 1396 604 1437 636; x_wconf 91' lang='lat' dir='ltr'>et</span> 
     </span>
     <span class='ocr_line' id='line_1_8' title="bbox 106 652 1435 706; baseline -0.001 -14"><span class='ocrx_word' id='word_1_59' title='bbox 106 654 300 701; x_wconf 83' lang='lat' dir='ltr'>incertus,</span> <span class='ocrx_word' id='word_1_60' title='bbox 331 653 483 706; x_wconf 90' lang='lat' dir='ltr'>tepidus</span> <span class='ocrx_word' id='word_1_61' title='bbox 513 654 669 693; x_wconf 84' lang='lat' dir='ltr'>scilicet</span> <span class='ocrx_word' id='word_1_62' title='bbox 698 655 736 692; x_wconf 90' lang='lat' dir='ltr'>iu</span> <span class='ocrx_word' id='word_1_63' title='bbox 769 661 987 692; x_wconf 83' lang='lat' dir='ltr'>creatorem</span> <span class='ocrx_word' id='word_1_64' title='bbox 1020 660 1061 692; x_wconf 87' lang='lat' dir='ltr'>et</span> <span class='ocrx_word' id='word_1_65' title='bbox 1085 652 1232 692; x_wconf 88' lang='lat' dir='ltr'>calidus</span> <span class='ocrx_word' id='word_1_66' title='bbox 1256 654 1297 691; x_wconf 92' lang='lat' dir='ltr'>in</span> <span class='ocrx_word' id='word_1_67' title='bbox 1322 654 1435 692; x_wconf 87' lang='lat' dir='ltr'>Chri-</span> 
     </span>
     <span class='ocr_line' id='line_1_9' title="bbox 106 710 1436 762; baseline -0.001 -12"><span class='ocrx_word' id='word_1_68' title='bbox 106 717 221 757; x_wconf 81' lang='lat' dir='ltr'>stum,</span> <span class='ocrx_word' id='word_1_69' title='bbox 258 717 301 750; x_wconf 89' lang='lat' dir='ltr'>et</span> <span class='ocrx_word' id='word_1_70' title='bbox 333 724 453 750; x_wconf 82' lang='lat' dir='ltr'>vanus</span> <span class='ocrx_word' id='word_1_71' title='bbox 489 711 706 762; x_wconf 85' lang='lat' dir='ltr'>utrobique.</span> <span class='ocrx_word' id='word_1_72' title='bbox 767 710 858 749; x_wconf 91' lang='lat' dir='ltr'>Non</span> <span class='ocrx_word' id='word_1_73' title='bbox 894 711 1015 761; x_wconf 85' lang='lat' dir='ltr'>magis</span> <span class='ocrx_word' id='word_1_74' title='bbox 1052 711 1152 748; x_wconf 91' lang='lat' dir='ltr'>euim</span> <span class='ocrx_word' id='word_1_75' title='bbox 1196 712 1436 762; x_wconf 83' lang='lat' dir='ltr'>compescuit</span> 
     </span>
     <span class='ocr_line' id='line_1_10' title="bbox 108 767 1434 820; baseline 0 -14"><span class='ocrx_word' id='word_1_76' title='bbox 108 774 341 814; x_wconf 73' lang='lat' dir='ltr'>creatorem,</span> <span class='ocrx_word' id='word_1_77' title='bbox 367 781 478 820; x_wconf 89' lang='lat' dir='ltr'>quam</span> <span class='ocrx_word' id='word_1_78' title='bbox 504 767 654 805; x_wconf 89' lang='lat' dir='ltr'>obstitit</span> <span class='ocrx_word' id='word_1_79' title='bbox 674 767 844 806; x_wconf 87' lang='lat' dir='ltr'>Christo.</span> <span class='ocrx_word' id='word_1_80' title='bbox 895 767 1030 805; x_wconf 89' lang='lat' dir='ltr'>Manet</span> <span class='ocrx_word' id='word_1_81' title='bbox 1054 774 1094 805; x_wconf 91' lang='lat' dir='ltr'>et</span> <span class='ocrx_word' id='word_1_82' title='bbox 1116 774 1284 814; x_wconf 87' lang='lat' dir='ltr'>creator,</span> <span class='ocrx_word' id='word_1_83' title='bbox 1313 769 1434 819; x_wconf 89' lang='lat' dir='ltr'>qualis</span> 
     </span>
     <span class='ocr_line' id='line_1_11' title="bbox 107 824 1432 876; baseline 0 -14"><span class='ocrx_word' id='word_1_84' title='bbox 107 825 262 863; x_wconf 84' lang='lat' dir='ltr'>omnino</span> <span class='ocrx_word' id='word_1_85' title='bbox 293 825 373 873; x_wconf 75' lang='lat' dir='ltr'>e&#39;st3</span> <span class='ocrx_word' id='word_1_86' title='bbox 404 825 536 863; x_wconf 89' lang='lat' dir='ltr'>veniet</span> <span class='ocrx_word' id='word_1_87' title='bbox 566 831 607 863; x_wconf 88' lang='lat' dir='ltr'>et</span> <span class='ocrx_word' id='word_1_88' title='bbox 638 824 831 871; x_wconf 89' lang='lat' dir='ltr'>Christus,</span> <span class='ocrx_word' id='word_1_89' title='bbox 864 825 987 876; x_wconf 89' lang='lat' dir='ltr'>qualis</span> <span class='ocrx_word' id='word_1_90' title='bbox 1019 831 1059 862; x_wconf 92' lang='lat' dir='ltr'>et</span> <span class='ocrx_word' id='word_1_91' title='bbox 1088 825 1283 862; x_wconf 87' lang='lat' dir='ltr'>scribitur.</span> <span class='ocrx_word' id='word_1_92' title='bbox 1336 825 1432 873; x_wconf 84' lang='lat' dir='ltr'>Quid</span> 
     </span>
     <span class='ocr_line' id='line_1_12' title="bbox 105 881 1434 934; baseline 0 -14"><span class='ocrx_word' id='word_1_93' title='bbox 105 882 215 920; x_wconf 83' lang='lat' dir='ltr'>venit</span> <span class='ocrx_word' id='word_1_94' title='bbox 242 888 332 933; x_wconf 87' lang='lat' dir='ltr'>post</span> <span class='ocrx_word' id='word_1_95' title='bbox 362 888 599 928; x_wconf 81' lang='lat' dir='ltr'>creatorem,</span> <span class='ocrx_word' id='word_1_96' title='bbox 639 894 751 934; x_wconf 90' lang='lat' dir='ltr'>quem</span> <span class='ocrx_word' id='word_1_97' title='bbox 782 881 989 920; x_wconf 89' lang='lat' dir='ltr'>emendare</span> <span class='ocrx_word' id='word_1_98' title='bbox 1028 895 1105 919; x_wconf 90' lang='lat' dir='ltr'>uon</span> <span class='ocrx_word' id='word_1_99' title='bbox 1135 882 1280 920; x_wconf 79' lang='lat' dir='ltr'>valuit?</span> <span class='ocrx_word' id='word_1_100' title='bbox 1335 882 1434 930; x_wconf 81' lang='lat' dir='ltr'>Quid</span> 
     </span>
     <span class='ocr_line' id='line_1_13' title="bbox 106 938 1434 991; baseline -0.001 -13"><span class='ocrx_word' id='word_1_101' title='bbox 106 945 199 978; x_wconf 74' lang='lat' dir='ltr'>aute</span> <span class='ocrx_word' id='word_1_102' title='bbox 223 938 416 977; x_wconf 83' lang='lat' dir='ltr'>Christum</span> <span class='ocrx_word' id='word_1_103' title='bbox 447 939 531 977; x_wconf 86' lang='lat' dir='ltr'>eius</span> <span class='ocrx_word' id='word_1_104' title='bbox 561 939 755 977; x_wconf 82' lang='lat' dir='ltr'>revelatus</span> <span class='ocrx_word' id='word_1_105' title='bbox 786 946 864 985; x_wconf 87' lang='lat' dir='ltr'>est,</span> <span class='ocrx_word' id='word_1_106' title='bbox 898 951 1010 990; x_wconf 88' lang='lat' dir='ltr'>quem</span> <span class='ocrx_word' id='word_1_107' title='bbox 1041 952 1230 978; x_wconf 82' lang='lat' dir='ltr'>revocare</span> <span class='ocrx_word' id='word_1_108' title='bbox 1261 952 1338 977; x_wconf 92' lang='lat' dir='ltr'>non</span> <span class='ocrx_word' id='word_1_109' title='bbox 1363 954 1434 991; x_wconf 89' lang='lat' dir='ltr'>po-</span> 
     </span>
     <span class='ocr_line' id='line_1_14' title="bbox 106 994 1433 1048; baseline 0.001 -14"><span class='ocrx_word' id='word_1_110' title='bbox 106 997 251 1035; x_wconf 73' lang='lat' dir='ltr'>tuerit?</span> <span class='ocrx_word' id='word_1_111' title='bbox 283 994 366 1035; x_wconf 87' lang='lat' dir='ltr'>Aut</span> <span class='ocrx_word' id='word_1_112' title='bbox 394 997 428 1034; x_wconf 90' lang='lat' dir='ltr'>si</span> <span class='ocrx_word' id='word_1_113' title='bbox 459 994 678 1034; x_wconf 83' lang='lat' dir='ltr'>emendavit</span> <span class='ocrx_word' id='word_1_114' title='bbox 702 1003 941 1043; x_wconf 79' lang='lat' dir='ltr'>creatorem,</span> <span class='ocrx_word' id='word_1_115' title='bbox 984 1003 1074 1048; x_wconf 90' lang='lat' dir='ltr'>post</span> <span class='ocrx_word' id='word_1_116' title='bbox 1102 996 1206 1034; x_wconf 91' lang='lat' dir='ltr'>illum</span> <span class='ocrx_word' id='word_1_117' title='bbox 1240 997 1433 1035; x_wconf 76' lang='lat' dir='ltr'>revelatus</span> 
     </span>
     <span class='ocr_line' id='line_1_15' title="bbox 106 1052 1433 1106; baseline 0.001 -15"><span class='ocrx_word' id='word_1_118' title='bbox 106 1059 187 1100; x_wconf 84' lang='lat' dir='ltr'>est,</span> <span class='ocrx_word' id='word_1_119' title='bbox 224 1060 268 1091; x_wconf 90' lang='lat' dir='ltr'>ut</span> <span class='ocrx_word' id='word_1_120' title='bbox 301 1052 542 1092; x_wconf 84' lang='lat' dir='ltr'>emendanda</span> <span class='ocrx_word' id='word_1_121' title='bbox 578 1052 883 1106; x_wconf 70' lang='lat' dir='ltr'>praecederent,</span> <span class='ocrx_word' id='word_1_122' title='bbox 921 1066 1017 1105; x_wconf 86' lang='lat' dir='ltr'>ergo</span> <span class='ocrx_word' id='word_1_123' title='bbox 1055 1060 1096 1092; x_wconf 93' lang='lat' dir='ltr'>et</span> <span class='ocrx_word' id='word_1_124' title='bbox 1121 1053 1314 1092; x_wconf 87' lang='lat' dir='ltr'>Christum</span> <span class='ocrx_word' id='word_1_125' title='bbox 1352 1056 1433 1092; x_wconf 90' lang='lat' dir='ltr'>eius</span> 
     </span>
     <span class='ocr_line' id='line_1_16' title="bbox 107 1109 1434 1163; baseline -0.001 -14"><span class='ocrx_word' id='word_1_126' title='bbox 107 1122 232 1162; x_wconf 76' lang='lat' dir='ltr'>aeque</span> <span class='ocrx_word' id='word_1_127' title='bbox 262 1109 534 1150; x_wconf 80' lang='lat' dir='ltr'>emendaturus</span> <span class='ocrx_word' id='word_1_128' title='bbox 557 1118 807 1163; x_wconf 85' lang='lat' dir='ltr'>exspectasse</span> <span class='ocrx_word' id='word_1_129' title='bbox 834 1110 1040 1158; x_wconf 81' lang='lat' dir='ltr'>debuerat,</span> <span class='ocrx_word' id='word_1_130' title='bbox 1078 1110 1242 1162; x_wconf 80' lang='lat' dir='ltr'>proinde</span> <span class='ocrx_word' id='word_1_131' title='bbox 1268 1118 1309 1149; x_wconf 89' lang='lat' dir='ltr'>et</span> <span class='ocrx_word' id='word_1_132' title='bbox 1333 1112 1434 1149; x_wconf 89' lang='lat' dir='ltr'>illius</span> 
     </span>
     <span class='ocr_line' id='line_1_17' title="bbox 109 1166 1433 1220; baseline 0 -14"><span class='ocrx_word' id='word_1_133' title='bbox 109 1168 310 1220; x_wconf 76' lang='lat' dir='ltr'>posterior</span> <span class='ocrx_word' id='word_1_134' title='bbox 333 1167 565 1206; x_wconf 87' lang='lat' dir='ltr'>emendator</span> <span class='ocrx_word' id='word_1_135' title='bbox 589 1169 752 1214; x_wconf 80' lang='lat' dir='ltr'>futurus,</span> <span class='ocrx_word' id='word_1_136' title='bbox 779 1170 880 1206; x_wconf 90' lang='lat' dir='ltr'>sicut</span> <span class='ocrx_word' id='word_1_137' title='bbox 905 1169 1109 1206; x_wconf 82' lang='lat' dir='ltr'>creatoris.</span> <span class='ocrx_word' id='word_1_138' title='bbox 1158 1166 1276 1207; x_wconf 89' lang='lat' dir='ltr'>Aliud</span> <span class='ocrx_word' id='word_1_139' title='bbox 1302 1175 1374 1214; x_wconf 86' lang='lat' dir='ltr'>est,</span> <span class='ocrx_word' id='word_1_140' title='bbox 1401 1169 1433 1206; x_wconf 91' lang='lat' dir='ltr'>si</span> 
     </span>
     <span class='ocr_line' id='line_1_18' title="bbox 109 1223 1434 1277; baseline 0 -14"><span class='ocrx_word' id='word_1_141' title='bbox 109 1231 152 1264; x_wconf 90' lang='lat' dir='ltr'>et</span> <span class='ocrx_word' id='word_1_142' title='bbox 174 1225 258 1276; x_wconf 82' lang='lat' dir='ltr'>ipse</span> <span class='ocrx_word' id='word_1_143' title='bbox 282 1232 370 1277; x_wconf 89' lang='lat' dir='ltr'>post</span> <span class='ocrx_word' id='word_1_144' title='bbox 394 1226 498 1264; x_wconf 90' lang='lat' dir='ltr'>illum</span> <span class='ocrx_word' id='word_1_145' title='bbox 524 1238 661 1263; x_wconf 88' lang='lat' dir='ltr'>rursus</span> <span class='ocrx_word' id='word_1_146' title='bbox 686 1224 879 1270; x_wconf 75' lang='lat' dir='ltr'>adveniet,</span> <span class='ocrx_word' id='word_1_147' title='bbox 908 1232 949 1263; x_wconf 91' lang='lat' dir='ltr'>ut</span> <span class='ocrx_word' id='word_1_148' title='bbox 962 1226 1084 1277; x_wconf 91' lang='lat' dir='ltr'>primo</span> <span class='ocrx_word' id='word_1_149' title='bbox 1100 1223 1251 1276; x_wconf 90' lang='lat' dir='ltr'>quidem</span> <span class='ocrx_word' id='word_1_150' title='bbox 1266 1224 1434 1264; x_wconf 80' lang='lat' dir='ltr'>adventu</span> 
     </span>
     <span class='ocr_line' id='line_1_19' title="bbox 109 1281 1434 1334; baseline 0 -14"><span class='ocrx_word' id='word_1_151' title='bbox 109 1283 349 1334; x_wconf 83' lang='lat' dir='ltr'>processerit</span> <span class='ocrx_word' id='word_1_152' title='bbox 383 1281 566 1321; x_wconf 89' lang='lat' dir='ltr'>adversus</span> <span class='ocrx_word' id='word_1_153' title='bbox 603 1290 840 1328; x_wconf 85' lang='lat' dir='ltr'>creatorem,</span> <span class='ocrx_word' id='word_1_154' title='bbox 879 1282 1004 1333; x_wconf 87' lang='lat' dir='ltr'>legem</span> <span class='ocrx_word' id='word_1_155' title='bbox 1042 1288 1084 1320; x_wconf 89' lang='lat' dir='ltr'>et</span> <span class='ocrx_word' id='word_1_156' title='bbox 1118 1283 1328 1334; x_wconf 87' lang='lat' dir='ltr'>prophetas</span> <span class='ocrx_word' id='word_1_157' title='bbox 1366 1281 1434 1321; x_wconf 90' lang='lat' dir='ltr'>de-</span> 
     </span>
     <span class='ocr_line' id='line_1_20' title="bbox 109 1337 1432 1391; baseline 0 -13"><span class='ocrx_word' id='word_1_158' title='bbox 109 1346 263 1378; x_wconf 84' lang='lat' dir='ltr'>struens</span> <span class='ocrx_word' id='word_1_159' title='bbox 299 1340 400 1387; x_wconf 84' lang='lat' dir='ltr'>eius,</span> <span class='ocrx_word' id='word_1_160' title='bbox 438 1337 610 1378; x_wconf 82' lang='lat' dir='ltr'>secundo</span> <span class='ocrx_word' id='word_1_161' title='bbox 647 1353 740 1379; x_wconf 88' lang='lat' dir='ltr'>vero</span> <span class='ocrx_word' id='word_1_162' title='bbox 774 1339 969 1391; x_wconf 83' lang='lat' dir='ltr'>procedat</span> <span class='ocrx_word' id='word_1_163' title='bbox 1004 1339 1188 1378; x_wconf 83' lang='lat' dir='ltr'>adversus</span> <span class='ocrx_word' id='word_1_164' title='bbox 1226 1339 1432 1385; x_wconf 86' lang='lat' dir='ltr'>Christum,</span> 
     </span>
     <span class='ocr_line' id='line_1_21' title="bbox 109 1395 1431 1448; baseline -0.001 -13"><span class='ocrx_word' id='word_1_165' title='bbox 109 1409 271 1448; x_wconf 79' lang='lat' dir='ltr'>regnum</span> <span class='ocrx_word' id='word_1_166' title='bbox 299 1396 540 1448; x_wconf 85' lang='lat' dir='ltr'>redarguens</span> <span class='ocrx_word' id='word_1_167' title='bbox 565 1397 664 1434; x_wconf 90' lang='lat' dir='ltr'>eius.</span> <span class='ocrx_word' id='word_1_168' title='bbox 714 1396 822 1435; x_wconf 91' lang='lat' dir='ltr'>Tunc</span> <span class='ocrx_word' id='word_1_169' title='bbox 854 1409 950 1447; x_wconf 87' lang='lat' dir='ltr'>ergo</span> <span class='ocrx_word' id='word_1_170' title='bbox 977 1396 1227 1435; x_wconf 87' lang='lat' dir='ltr'>conclusurus</span> <span class='ocrx_word' id='word_1_171' title='bbox 1258 1395 1431 1435; x_wconf 86' lang='lat' dir='ltr'>ordinem</span> 
     </span>
     <span class='ocr_line' id='line_1_22' title="bbox 109 1448 1434 1507; baseline 0 -15"><span class='ocrx_word' id='word_1_172' title='bbox 109 1466 230 1500; x_wconf 82' lang='lat' dir='ltr'>suum,</span> <span class='ocrx_word' id='word_1_173' title='bbox 257 1459 362 1500; x_wconf 89' lang='lat' dir='ltr'>tnnc,</span> <span class='ocrx_word' id='word_1_174' title='bbox 383 1455 421 1507; x_wconf 56' lang='lat' dir='ltr'>‚si</span> <span class='ocrx_word' id='word_1_175' title='bbox 444 1454 561 1500; x_wconf 83' lang='lat' dir='ltr'>forte,</span> <span class='ocrx_word' id='word_1_176' title='bbox 589 1448 806 1492; x_wconf 82' lang='lat' dir='ltr'>credendus</span> <span class='ocrx_word' id='word_1_177' title='bbox 831 1461 903 1501; x_wconf 85' lang='lat' dir='ltr'>est,</span> <span class='ocrx_word' id='word_1_178' title='bbox 929 1460 996 1491; x_wconf 88' lang='lat' dir='ltr'>aut</span> <span class='ocrx_word' id='word_1_179' title='bbox 1018 1454 1051 1492; x_wconf 90' lang='lat' dir='ltr'>si</span> <span class='ocrx_word' id='word_1_180' title='bbox 1065 1455 1139 1491; x_wconf 90' lang='lat' dir='ltr'>iam</span> <span class='ocrx_word' id='word_1_181' title='bbox 1153 1453 1243 1491; x_wconf 91' lang='lat' dir='ltr'>hinc</span> <span class='ocrx_word' id='word_1_182' title='bbox 1256 1454 1434 1505; x_wconf 84' lang='lat' dir='ltr'>perfecta</span> 
     </span>
     <span class='ocr_line' id='line_1_23' title="bbox 108 1510 1434 1562; baseline 0 -13"><span class='ocrx_word' id='word_1_183' title='bbox 108 1523 174 1549; x_wconf 77' lang='lat' dir='ltr'>res</span> <span class='ocrx_word' id='word_1_184' title='bbox 209 1517 271 1549; x_wconf 88' lang='lat' dir='ltr'>est</span> <span class='ocrx_word' id='word_1_185' title='bbox 306 1511 403 1558; x_wconf 82' lang='lat' dir='ltr'>eius,</span> <span class='ocrx_word' id='word_1_186' title='bbox 440 1524 538 1550; x_wconf 85' lang='lat' dir='ltr'>vane</span> <span class='ocrx_word' id='word_1_187' title='bbox 576 1523 673 1562; x_wconf 83' lang='lat' dir='ltr'>ergo</span> <span class='ocrx_word' id='word_1_188' title='bbox 698 1517 881 1550; x_wconf 85' lang='lat' dir='ltr'>venturus</span> <span class='ocrx_word' id='word_1_189' title='bbox 918 1518 997 1558; x_wconf 88' lang='lat' dir='ltr'>est,</span> <span class='ocrx_word' id='word_1_190' title='bbox 1035 1510 1128 1549; x_wconf 89' lang='lat' dir='ltr'>nihil</span> <span class='ocrx_word' id='word_1_191' title='bbox 1154 1511 1307 1550; x_wconf 85' lang='lat' dir='ltr'>scilicet</span> <span class='ocrx_word' id='word_1_192' title='bbox 1342 1523 1434 1562; x_wconf 88' lang='lat' dir='ltr'>per-</span> 
     </span>
     <span class='ocr_line' id='line_1_24' title="bbox 109 1574 279 1617; baseline -0.018 -9"><span class='ocrx_word' id='word_1_193' title='bbox 109 1574 279 1617; x_wconf 66' lang='lat' dir='ltr'>acturus.</span> 
     </span>
    </p>

    <p class='ocr_par' dir='ltr' id='par_1_3' title="bbox 110 1625 1437 2653">
     <span class='ocr_line' id='line_1_25' title="bbox 225 1625 1436 1679; baseline -0.002 -12"><span class='ocrx_word' id='word_1_194' title='bbox 225 1628 265 1667; x_wconf 87' lang='lat'>5.</span> <span class='ocrx_word' id='word_1_195' title='bbox 326 1625 395 1664; x_wconf 78' lang='lat' dir='ltr'>nis</span> <span class='ocrx_word' id='word_1_196' title='bbox 431 1627 660 1678; x_wconf 86' lang='lat' dir='ltr'>proluserim</span> <span class='ocrx_word' id='word_1_197' title='bbox 697 1628 805 1679; x_wconf 90' lang='lat' dir='ltr'>quasi</span> <span class='ocrx_word' id='word_1_198' title='bbox 842 1625 891 1665; x_wconf 89' lang='lat' dir='ltr'>de</span> <span class='ocrx_word' id='word_1_199' title='bbox 929 1626 1051 1678; x_wconf 86' lang='lat' dir='ltr'>gradu</span> <span class='ocrx_word' id='word_1_200' title='bbox 1082 1629 1205 1679; x_wconf 91' lang='lat' dir='ltr'>primo</span> <span class='ocrx_word' id='word_1_201' title='bbox 1238 1625 1363 1665; x_wconf 84' lang='lat' dir='ltr'>adhuc</span> <span class='ocrx_word' id='word_1_202' title='bbox 1396 1633 1436 1665; x_wconf 88' lang='lat' dir='ltr'>et</span> 
     </span>
     <span class='ocr_line' id='line_1_26' title="bbox 110 1681 1435 1735; baseline 0 -14"><span class='ocrx_word' id='word_1_203' title='bbox 110 1683 219 1735; x_wconf 80' lang='lat' dir='ltr'>quasi</span> <span class='ocrx_word' id='word_1_204' title='bbox 249 1681 299 1722; x_wconf 88' lang='lat' dir='ltr'>de</span> <span class='ocrx_word' id='word_1_205' title='bbox 330 1684 553 1735; x_wconf 86' lang='lat' dir='ltr'>longinquo.</span> <span class='ocrx_word' id='word_1_206' title='bbox 622 1682 701 1722; x_wconf 89' lang='lat' dir='ltr'>Sed</span> <span class='ocrx_word' id='word_1_207' title='bbox 733 1691 775 1724; x_wconf 90' lang='lat' dir='ltr'>et</span> <span class='ocrx_word' id='word_1_208' title='bbox 802 1683 893 1723; x_wconf 88' lang='lat' dir='ltr'>hinc</span> <span class='ocrx_word' id='word_1_209' title='bbox 925 1686 999 1723; x_wconf 93' lang='lat' dir='ltr'>iam</span> <span class='ocrx_word' id='word_1_210' title='bbox 1036 1683 1086 1722; x_wconf 87' lang='lat' dir='ltr'>ad</span> <span class='ocrx_word' id='word_1_211' title='bbox 1118 1691 1265 1733; x_wconf 89' lang='lat' dir='ltr'>certum</span> <span class='ocrx_word' id='word_1_212' title='bbox 1297 1690 1336 1722; x_wconf 91' lang='lat' dir='ltr'>et</span> <span class='ocrx_word' id='word_1_213' title='bbox 1368 1696 1435 1721; x_wconf 91' lang='lat' dir='ltr'>co·-</span> 
     </span>
     <span class='ocr_line' id='line_1_27' title="bbox 110 1739 1431 1792; baseline 0 -14"><span class='ocrx_word' id='word_1_214' title='bbox 110 1740 234 1778; x_wconf 78' lang='lat' dir='ltr'>ninus</span> <span class='ocrx_word' id='word_1_215' title='bbox 264 1739 531 1786; x_wconf 85' lang='lat' dir='ltr'>dimicaturus,</span> <span class='ocrx_word' id='word_1_216' title='bbox 568 1740 683 1779; x_wconf 86' lang='lat' dir='ltr'>video</span> <span class='ocrx_word' id='word_1_217' title='bbox 715 1742 864 1792; x_wconf 92' lang='lat' dir='ltr'>aliquas</span> <span class='ocrx_word' id='word_1_218' title='bbox 894 1743 1010 1780; x_wconf 88' lang='lat' dir='ltr'>etiam</span> <span class='ocrx_word' id='word_1_219' title='bbox 1041 1754 1141 1779; x_wconf 89' lang='lat' dir='ltr'>nuuc</span> <span class='ocrx_word' id='word_1_220' title='bbox 1168 1742 1290 1778; x_wconf 89' lang='lat' dir='ltr'>lineas</span> <span class='ocrx_word' id='word_1_221' title='bbox 1321 1752 1431 1791; x_wconf 87' lang='lat' dir='ltr'>prae-</span> 
     </span>
     <span class='ocr_line' id='line_1_28' title="bbox 112 1794 1432 1849; baseline 0 -14"><span class='ocrx_word' id='word_1_222' title='bbox 112 1794 327 1843; x_wconf 83' lang='lat' dir='ltr'>ducendas,</span> <span class='ocrx_word' id='word_1_223' title='bbox 360 1796 410 1834; x_wconf 92' lang='lat' dir='ltr'>ad</span> <span class='ocrx_word' id='word_1_224' title='bbox 435 1808 528 1848; x_wconf 88' lang='lat' dir='ltr'>quas</span> <span class='ocrx_word' id='word_1_225' title='bbox 559 1798 635 1844; x_wconf 74' lang='lat' dir='ltr'>erit</span> <span class='ocrx_word' id='word_1_226' title='bbox 666 1796 941 1844; x_wconf 89' lang='lat' dir='ltr'>dimicandum,</span> <span class='ocrx_word' id='word_1_227' title='bbox 975 1797 1024 1835; x_wconf 91' lang='lat' dir='ltr'>ad</span> <span class='ocrx_word' id='word_1_228' title='bbox 1050 1799 1260 1849; x_wconf 87' lang='lat' dir='ltr'>scripturas</span> <span class='ocrx_word' id='word_1_229' title='bbox 1284 1797 1432 1835; x_wconf 80' lang='lat' dir='ltr'>scilicet</span> 
     </span>
     <span class='ocr_line' id='line_1_29' title="bbox 113 1852 1435 1906; baseline 0 -14"><span class='ocrx_word' id='word_1_230' title='bbox 113 1854 318 1892; x_wconf 86' lang='lat' dir='ltr'>creatoris.</span> <span class='ocrx_word' id='word_1_231' title='bbox 368 1852 587 1892; x_wconf 89' lang='lat' dir='ltr'>Secundum</span> <span class='ocrx_word' id='word_1_232' title='bbox 618 1866 685 1892; x_wconf 89' lang='lat' dir='ltr'>cas</span> <span class='ocrx_word' id='word_1_233' title='bbox 710 1855 811 1892; x_wconf 90' lang='lat' dir='ltr'>enim</span> <span class='ocrx_word' id='word_1_234' title='bbox 834 1854 1079 1906; x_wconf 84' lang='lat' dir='ltr'>probaturus,</span> <span class='ocrx_word' id='word_1_235' title='bbox 1107 1854 1297 1893; x_wconf 89' lang='lat' dir='ltr'>Christum</span> <span class='ocrx_word' id='word_1_236' title='bbox 1324 1866 1435 1892; x_wconf 87' lang='lat' dir='ltr'>crea·-</span> 
     </span>
     <span class='ocr_line' id='line_1_30' title="bbox 111 1911 1434 1963; baseline 0 -14"><span class='ocrx_word' id='word_1_237' title='bbox 111 1912 209 1949; x_wconf 89' lang='lat' dir='ltr'>toris</span> <span class='ocrx_word' id='word_1_238' title='bbox 244 1911 382 1958; x_wconf 82' lang='lat' dir='ltr'>fuisse,</span> <span class='ocrx_word' id='word_1_239' title='bbox 426 1917 469 1949; x_wconf 90' lang='lat' dir='ltr'>ut</span> <span class='ocrx_word' id='word_1_240' title='bbox 503 1918 641 1963; x_wconf 88' lang='lat' dir='ltr'>postea</span> <span class='ocrx_word' id='word_1_241' title='bbox 678 1911 833 1949; x_wconf 90' lang='lat' dir='ltr'>Christo</span> <span class='ocrx_word' id='word_1_242' title='bbox 876 1925 945 1950; x_wconf 89' lang='lat' dir='ltr'>suo</span> <span class='ocrx_word' id='word_1_243' title='bbox 982 1911 1228 1963; x_wconf 89' lang='lat' dir='ltr'>adimpletas,</span> <span class='ocrx_word' id='word_1_244' title='bbox 1272 1923 1434 1950; x_wconf 88' lang='lat' dir='ltr'>necesse</span> 
     </span>
     <span class='ocr_line' id='line_1_31' title="bbox 110 1967 1435 2021; baseline -0.001 -13"><span class='ocrx_word' id='word_1_245' title='bbox 110 1967 238 2008; x_wconf 85' lang='lat' dir='ltr'>babeo</span> <span class='ocrx_word' id='word_1_246' title='bbox 281 1969 447 2021; x_wconf 87' lang='lat' dir='ltr'>ipsarum</span> <span class='ocrx_word' id='word_1_247' title='bbox 491 1981 643 2020; x_wconf 89' lang='lat' dir='ltr'>quoque</span> <span class='ocrx_word' id='word_1_248' title='bbox 683 1969 958 2020; x_wconf 88' lang='lat' dir='ltr'>scripturarum</span> <span class='ocrx_word' id='word_1_249' title='bbox 998 1970 1159 2009; x_wconf 84' lang='lat' dir='ltr'>formam</span> <span class='ocrx_word' id='word_1_250' title='bbox 1196 1975 1253 2015; x_wconf 86' lang='lat' dir='ltr'>et,</span> <span class='ocrx_word' id='word_1_251' title='bbox 1298 1975 1341 2007; x_wconf 87' lang='lat' dir='ltr'>nt</span> <span class='ocrx_word' id='word_1_252' title='bbox 1382 1970 1435 2007; x_wconf 86' lang='lat' dir='ltr'>ita</span> 
     </span>
     <span class='ocr_line' id='line_1_32' title="bbox 113 2024 1435 2073; baseline 0 -9"><span class='ocrx_word' id='word_1_253' title='bbox 113 2024 291 2073; x_wconf 79' lang='lat' dir='ltr'>dixerim,</span> <span class='ocrx_word' id='word_1_254' title='bbox 317 2033 490 2065; x_wconf 88' lang='lat' dir='ltr'>naturam</span> <span class='ocrx_word' id='word_1_255' title='bbox 516 2024 768 2073; x_wconf 89' lang='lat' dir='ltr'>demandare,</span> <span class='ocrx_word' id='word_1_256' title='bbox 794 2039 843 2065; x_wconf 88' lang='lat' dir='ltr'>ue</span> <span class='ocrx_word' id='word_1_257' title='bbox 867 2033 958 2065; x_wconf 90' lang='lat' dir='ltr'>tunc</span> <span class='ocrx_word' id='word_1_258' title='bbox 983 2027 1021 2065; x_wconf 89' lang='lat' dir='ltr'>in</span> <span class='ocrx_word' id='word_1_259' title='bbox 1037 2027 1340 2065; x_wconf 88' lang='lat' dir='ltr'>controversiam</span> <span class='ocrx_word' id='word_1_260' title='bbox 1366 2025 1435 2064; x_wconf 88' lang='lat' dir='ltr'>de-</span> 
     </span>
     <span class='ocr_line' id='line_1_33' title="bbox 113 2081 1436 2131; baseline 0 -9"><span class='ocrx_word' id='word_1_261' title='bbox 113 2081 268 2130; x_wconf 87' lang='lat' dir='ltr'>ductae,</span> <span class='ocrx_word' id='word_1_262' title='bbox 295 2097 381 2122; x_wconf 90' lang='lat' dir='ltr'>cum</span> <span class='ocrx_word' id='word_1_263' title='bbox 395 2082 627 2121; x_wconf 85' lang='lat' dir='ltr'>adhibentur</span> <span class='ocrx_word' id='word_1_264' title='bbox 649 2082 699 2121; x_wconf 90' lang='lat' dir='ltr'>ad</span> <span class='ocrx_word' id='word_1_265' title='bbox 713 2097 883 2131; x_wconf 90' lang='lat' dir='ltr'>caussas,</span> <span class='ocrx_word' id='word_1_266' title='bbox 909 2090 952 2122; x_wconf 89' lang='lat' dir='ltr'>et</span> <span class='ocrx_word' id='word_1_267' title='bbox 975 2097 1046 2123; x_wconf 86' lang='lat' dir='ltr'>sua</span> <span class='ocrx_word' id='word_1_268' title='bbox 1069 2091 1110 2123; x_wconf 89' lang='lat' dir='ltr'>et</span> <span class='ocrx_word' id='word_1_269' title='bbox 1126 2097 1353 2123; x_wconf 83' lang='lat' dir='ltr'>caussarum</span> <span class='ocrx_word' id='word_1_270' title='bbox 1366 2083 1436 2122; x_wconf 88' lang='lat' dir='ltr'>de-</span> 
     </span>
     <span class='ocr_line' id='line_1_34' title="bbox 112 2140 1434 2180; baseline 0 -2"><span class='ocrx_word' id='word_1_271' title='bbox 112 2140 291 2180; x_wconf 80' lang='lat' dir='ltr'>fensione</span> <span class='ocrx_word' id='word_1_272' title='bbox 322 2141 551 2179; x_wconf 71' lang='lat' dir='ltr'>commixtae</span> <span class='ocrx_word' id='word_1_273' title='bbox 589 2140 802 2180; x_wconf 85' lang='lat' dir='ltr'>obtundant</span> <span class='ocrx_word' id='word_1_274' title='bbox 824 2141 1002 2180; x_wconf 79' lang='lat' dir='ltr'>lectoris·</span> <span class='ocrx_word' id='word_1_275' title='bbox 1014 2143 1280 2180; x_wconf 88' lang='lat' dir='ltr'>intentionem.</span> <span class='ocrx_word' id='word_1_276' title='bbox 1331 2141 1434 2179; x_wconf 86' lang='lat' dir='ltr'>Duas</span> 
     </span>
     <span class='ocr_line' id='line_1_35' title="bbox 113 2197 1435 2250; baseline -0.001 -14"><span class='ocrx_word' id='word_1_277' title='bbox 113 2198 244 2249; x_wconf 84' lang='lat' dir='ltr'>itaque</span> <span class='ocrx_word' id='word_1_278' title='bbox 280 2210 438 2236; x_wconf 82' lang='lat' dir='ltr'>caussas</span> <span class='ocrx_word' id='word_1_279' title='bbox 474 2197 692 2250; x_wconf 83' lang='lat' dir='ltr'>prophetici</span> <span class='ocrx_word' id='word_1_280' title='bbox 728 2199 872 2250; x_wconf 88' lang='lat' dir='ltr'>eloquii</span> <span class='ocrx_word' id='word_1_281' title='bbox 894 2199 1036 2250; x_wconf 72' lang='lat' dir='ltr'>allego</span> <span class='ocrx_word' id='word_1_282' title='bbox 1067 2197 1336 2250; x_wconf 83' lang='lat' dir='ltr'>agnoscendas</span> <span class='ocrx_word' id='word_1_283' title='bbox 1367 2198 1435 2235; x_wconf 90' lang='lat' dir='ltr'>ab—</span> 
     </span>
     <span class='ocr_line' id='line_1_36' title="bbox 114 2253 1434 2308; baseline -0.002 -15"><span class='ocrx_word' id='word_1_284' title='bbox 114 2254 205 2293; x_wconf 88' lang='lat' dir='ltr'>biuc</span> <span class='ocrx_word' id='word_1_285' title='bbox 218 2253 450 2295; x_wconf 77' lang='lat' dir='ltr'>adversariis</span> <span class='ocrx_word' id='word_1_286' title='bbox 474 2257 635 2294; x_wconf 89' lang='lat' dir='ltr'>nostris:</span> <span class='ocrx_word' id='word_1_287' title='bbox 660 2269 785 2303; x_wconf 88' lang='lat' dir='ltr'>unam,</span> <span class='ocrx_word' id='word_1_288' title='bbox 808 2269 881 2308; x_wconf 91' lang='lat' dir='ltr'>qua</span> <span class='ocrx_word' id='word_1_289' title='bbox 905 2257 1034 2295; x_wconf 85' lang='lat' dir='ltr'>futura</span> <span class='ocrx_word' id='word_1_290' title='bbox 1058 2255 1247 2295; x_wconf 87' lang='lat' dir='ltr'>interdum</span> <span class='ocrx_word' id='word_1_291' title='bbox 1263 2268 1334 2307; x_wconf 93' lang='lat' dir='ltr'>pro</span> <span class='ocrx_word' id='word_1_292' title='bbox 1360 2255 1434 2292; x_wconf 88' lang='lat' dir='ltr'>iam</span> 
     </span>
     <span class='ocr_line' id='line_1_37' title="bbox 113 2313 1437 2365; baseline -0.001 -15"><span class='ocrx_word' id='word_1_293' title='bbox 113 2313 321 2351; x_wconf 82' lang='lat' dir='ltr'>transactis</span> <span class='ocrx_word' id='word_1_294' title='bbox 358 2314 621 2361; x_wconf 79' lang='lat' dir='ltr'>enuntiantur3</span> <span class='ocrx_word' id='word_1_295' title='bbox 661 2326 747 2351; x_wconf 91' lang='lat' dir='ltr'>nam</span> <span class='ocrx_word' id='word_1_296' title='bbox 777 2320 819 2352; x_wconf 86' lang='lat' dir='ltr'>et</span> <span class='ocrx_word' id='word_1_297' title='bbox 854 2313 1045 2352; x_wconf 79' lang='lat' dir='ltr'>divinitati</span> <span class='ocrx_word' id='word_1_298' title='bbox 1076 2314 1279 2365; x_wconf 90' lang='lat' dir='ltr'>competit,</span> <span class='ocrx_word' id='word_1_299' title='bbox 1318 2323 1437 2363; x_wconf 86' lang='lat' dir='ltr'>quae-</span> 
     </span>
     <span class='ocr_line' id='line_1_38' title="bbox 115 2367 1436 2423; baseline -0.003 -13"><span class='ocrx_word' id='word_1_300' title='bbox 115 2383 265 2422; x_wconf 83' lang='lat' dir='ltr'>cunque</span> <span class='ocrx_word' id='word_1_301' title='bbox 291 2369 528 2416; x_wconf 83' lang='lat' dir='ltr'>decreverit,</span> <span class='ocrx_word' id='word_1_302' title='bbox 555 2377 597 2408; x_wconf 91' lang='lat' dir='ltr'>ut</span> <span class='ocrx_word' id='word_1_303' title='bbox 619 2371 795 2422; x_wconf 82' lang='lat' dir='ltr'>perfecta</span> <span class='ocrx_word' id='word_1_304' title='bbox 818 2378 1020 2423; x_wconf 86' lang='lat' dir='ltr'>reputare,</span> <span class='ocrx_word' id='word_1_305' title='bbox 1047 2372 1135 2422; x_wconf 89' lang='lat' dir='ltr'>quia</span> <span class='ocrx_word' id='word_1_306' title='bbox 1160 2383 1236 2407; x_wconf 89' lang='lat' dir='ltr'>non</span> <span class='ocrx_word' id='word_1_307' title='bbox 1261 2369 1312 2407; x_wconf 86' lang='lat' dir='ltr'>sit</span> <span class='ocrx_word' id='word_1_308' title='bbox 1335 2367 1436 2420; x_wconf 88' lang='lat' dir='ltr'>apud</span> 
     </span>
     <span class='ocr_line' id='line_1_39' title="bbox 114 2427 1436 2480; baseline -0.002 -14"><span class='ocrx_word' id='word_1_309' title='bbox 114 2427 218 2466; x_wconf 87' lang='lat' dir='ltr'>illam</span> <span class='ocrx_word' id='word_1_310' title='bbox 254 2427 474 2466; x_wconf 86' lang='lat' dir='ltr'>differentia</span> <span class='ocrx_word' id='word_1_311' title='bbox 510 2429 711 2480; x_wconf 88' lang='lat' dir='ltr'>temporis,</span> <span class='ocrx_word' id='word_1_312' title='bbox 750 2427 850 2480; x_wconf 87' lang='lat' dir='ltr'>apud</span> <span class='ocrx_word' id='word_1_313' title='bbox 887 2442 997 2480; x_wconf 86' lang='lat' dir='ltr'>quam</span> <span class='ocrx_word' id='word_1_314' title='bbox 1033 2428 1261 2466; x_wconf 84' lang='lat' dir='ltr'>uniformem</span> <span class='ocrx_word' id='word_1_315' title='bbox 1297 2433 1436 2464; x_wconf 90' lang='lat' dir='ltr'>statum</span> 
     </span>
     <span class='ocr_line' id='line_1_40' title="bbox 114 2483 1434 2538; baseline -0.002 -14"><span class='ocrx_word' id='word_1_316' title='bbox 114 2485 300 2538; x_wconf 87' lang='lat' dir='ltr'>temporis</span> <span class='ocrx_word' id='word_1_317' title='bbox 332 2484 466 2536; x_wconf 82' lang='lat' dir='ltr'>dirigit</span> <span class='ocrx_word' id='word_1_318' title='bbox 496 2486 706 2523; x_wconf 89' lang='lat' dir='ltr'>aeternitas</span> <span class='ocrx_word' id='word_1_319' title='bbox 737 2487 831 2537; x_wconf 89' lang='lat' dir='ltr'>ipsa.</span> <span class='ocrx_word' id='word_1_320' title='bbox 898 2485 950 2523; x_wconf 89' lang='lat' dir='ltr'>Et</span> <span class='ocrx_word' id='word_1_321' title='bbox 979 2484 1206 2523; x_wconf 80' lang='lat' dir='ltr'>divinationi</span> <span class='ocrx_word' id='word_1_322' title='bbox 1235 2483 1434 2535; x_wconf 89' lang='lat' dir='ltr'>propheti-</span> 
     </span>
     <span class='ocr_line' id='line_1_41' title="bbox 116 2540 1433 2594; baseline -0.002 -12"><span class='ocrx_word' id='word_1_323' title='bbox 116 2555 187 2582; x_wconf 89' lang='lat' dir='ltr'>cae</span> <span class='ocrx_word' id='word_1_324' title='bbox 212 2544 334 2594; x_wconf 89' lang='lat' dir='ltr'>magis</span> <span class='ocrx_word' id='word_1_325' title='bbox 359 2543 548 2581; x_wconf 83' lang='lat' dir='ltr'>familiare</span> <span class='ocrx_word' id='word_1_326' title='bbox 574 2549 652 2590; x_wconf 91' lang='lat' dir='ltr'>est,</span> <span class='ocrx_word' id='word_1_327' title='bbox 679 2541 718 2581; x_wconf 93' lang='lat' dir='ltr'>id</span> <span class='ocrx_word' id='word_1_328' title='bbox 744 2541 844 2594; x_wconf 91' lang='lat' dir='ltr'>quod</span> <span class='ocrx_word' id='word_1_329' title='bbox 870 2542 1095 2594; x_wconf 88' lang='lat' dir='ltr'>prospiciat,</span> <span class='ocrx_word' id='word_1_330' title='bbox 1122 2540 1209 2580; x_wconf 93' lang='lat' dir='ltr'>dum</span> <span class='ocrx_word' id='word_1_331' title='bbox 1234 2542 1433 2593; x_wconf 87' lang='lat' dir='ltr'>prospicit,</span> 
     </span>
     <span class='ocr_line' id='line_1_42' title="bbox 115 2597 1436 2653; baseline -0.002 -14"><span class='ocrx_word' id='word_1_332' title='bbox 115 2601 191 2639; x_wconf 89' lang='lat' dir='ltr'>iam</span> <span class='ocrx_word' id='word_1_333' title='bbox 214 2601 335 2639; x_wconf 85' lang='lat' dir='ltr'>visum</span> <span class='ocrx_word' id='word_1_334' title='bbox 360 2607 475 2652; x_wconf 88' lang='lat' dir='ltr'>atque</span> <span class='ocrx_word' id='word_1_335' title='bbox 501 2602 554 2639; x_wconf 86' lang='lat' dir='ltr'>ita</span> <span class='ocrx_word' id='word_1_336' title='bbox 579 2602 653 2639; x_wconf 87' lang='lat' dir='ltr'>iam</span> <span class='ocrx_word' id='word_1_337' title='bbox 679 2607 928 2653; x_wconf 75' lang='lat' dir='ltr'>expunctum,</span> <span class='ocrx_word' id='word_1_338' title='bbox 962 2598 1000 2638; x_wconf 90' lang='lat' dir='ltr'>id</span> <span class='ocrx_word' id='word_1_339' title='bbox 1026 2606 1086 2638; x_wconf 90' lang='lat' dir='ltr'>est</span> <span class='ocrx_word' id='word_1_340' title='bbox 1110 2600 1212 2638; x_wconf 91' lang='lat' dir='ltr'>omni</span> <span class='ocrx_word' id='word_1_341' title='bbox 1236 2597 1351 2637; x_wconf 91' lang='lat' dir='ltr'>modo</span> <span class='ocrx_word' id='word_1_342' title='bbox 1376 2598 1436 2637; x_wconf 81' lang='lat' dir='ltr'>su-</span> 
     </span>
    </p>
   </div>
   <div class='ocr_carea' id='block_1_3' title="bbox 0 2661 1146 2710">
    <p class='ocr_par' dir='ltr' id='par_1_4' title="bbox 0 2661 1146 2710">
     <span class='ocr_line' id='line_1_43' title="bbox 0 2661 1146 2710; baseline -0.003 -9"><span class='ocrx_word' id='word_1_343' title='bbox 0 2662 5 2710; x_wconf 65' lang='grc' dir='ltr'>ἒ</span> <span class='ocrx_word' id='word_1_344' title='bbox 175 2670 372 2703; x_wconf 69' lang='grc' dir='ltr'><strong>ΤΕιιτυιι.</strong></span> <span class='ocrx_word' id='word_1_345' title='bbox 404 2672 460 2702; x_wconf 84' lang='grc' dir='ltr'>ΠΙ.</span> <span class='ocrx_word' id='word_1_346' title='bbox 1121 2661 1146 2698; x_wconf 93' lang='grc'>8</span> 
     </span>
    </p>
   </div>
  </div>
 </body>
</html>
