1604 2800
175 229 279 265 250
616 226 743 259 ADv.
781 222 1073 258 PRAXEANf

176 321 361 362 sermonis
388 333 458 359 ιοι
461 333 528 372 pus
555 325 613 358 est
638 320 806 372 spiritus.
856 317 994 358 Sermo
1022 329 1118 368 ergo
1144 322 1185 356 et
1209 316 1247 355 in
1271 322 1383 370 patre
1408 330 1508 357 sem-

174 393 262 432 per,
302 379 402 417 sicut
440 377 551 417 dicit:
591 391 666 429 ego
698 378 737 416 in
768 377 949 430 patre,¹)
991 382 1030 414 et
1060 373 1160 427 apud
1198 373 1310 414 deum
1341 387 1507 428 semper,

174 439 273 476 sicut
309 437 491 488 scriptum
524 442 600 475 est·
640 442 680 475 et
711 448 836 474 sermo
869 441 953 474 erat
985 432 1086 486 apud
1123 431 1308 486 deum‚²)
1346 440 1386 472 et
1416 445 1510 472 nnn-

175 509 284 547 quam
306 501 540 546 separatusa
556 500 678 546 patre,
706 500 770 532 aut
790 492 886 532 alius
906 506 927 531 a
948 499 1071 545 patre,
1101 491 1206 543 quia:
1234 503 1309 543 ego
1336 497 1375 530 ct
1399 497 1512 544 pater

174 566 286 592 unum
314 566 451 591 sumus.
468 553 504 599 3)
547 552 650 590 Haec
678 553 753 591 erit
776 546 947 605 προβολὴ
974 550 1162 597 veritatis,
1190 556 1318 588 custos
1338 550 1509 596 unitatis,

175 624 247 663 qua
284 610 472 662 piolatum
512 609 671 648 dicimus
710 609 825 648 filium
851 623 873 648 a
900 615 1026 661 patre,
1066 606 1133 646 sed
1171 620 1247 646 non
1279 614 1510 660 separatum.

174 668 339 707 Protulit
372 668 471 706 enim
504 667 597 706 deus
623 680 858 715 sermonem,
898 664 1213 719 quemadmodum
1252 666 1366 704 etiam
1399 678 1512 718 para-

176 727 298 765 cletus
324 725 453 772 docet,
481 726 581 764 sicut
607 724 718 764 radix
743 726 920 764 fruticem
948 731 988 763 et
1013 724 1099 763 fons
1124 724 1275 762 fluvium
1302 730 1342 762 et
1366 722 1424 762 sol
1449 735 1513 762 ra-

176 782 291 821 dium.
364 782 462 821 Nam
501 790 540 821 et
577 784 672 821 istae
711 783 862 835 species
905 778 1094 837 προβολαὶ
1131 788 1219 820 sunt
1255 794 1386 820 earum
1425 780 1514 820 sub-

176 841 418 886 stantiarum,
458 852 508 877 ex
539 840 672 891 quibus
703 839 906 891 prodeunt.
980 839 1066 878 Nec
1105 838 1357 879 dubitaverim
1397 839 1514 878 filium

177 897 310 936 dicere
333 904 372 935 et
391 895 533 935 radicis
559 897 751 943 fruticem,
779 903 819 935 et
843 897 960 934 fontis
986 897 1151 942 fluvium,
1180 903 1219 934 et
1238 897 1330 935 solis
1351 895 1512 943 radium,

178 956 266 1006 quia
292 955 412 992 omnis
440 955 550 1005 origo
576 967 716 1006 parens
743 962 813 1000 est,
841 961 880 992 et
906 967 1030 1000 omne,
1058 952 1159 1005 quod
1181 966 1230 992 ex
1251 954 1402 1005 origine
1423 966 1515 1006 pro-

175 1013 318 1059 fertur,
358 1013 565 1064 progenies
602 1019 678 1058 est,
718 1012 835 1049 multo
868 1011 988 1062 magis
1020 1023 1146 1048 sermo
1180 1009 1261 1057 dei,
1303 1011 1366 1062 qui
1399 1011 1513 1049 etiam

176 1070 333 1122 proprie
355 1082 493 1107 nomen
519 1069 587 1107 filii
613 1069 785 1120 accepit;
813 1081 884 1107 nec
910 1069 1039 1106 frutex
1064 1074 1191 1105 tamen
1217 1066 1414 1115 arradice,
1441 1080 1514 1107 nec

176 1128 311 1165 fluvius
337 1139 360 1165 a
384 1127 511 1172 fonte,
551 1139 622 1165 nec
656 1127 784 1164 radius
812 1139 833 1164 a
859 1126 941 1164 sole
975 1124 1225 1172 discernitur,
1265 1126 1365 1164 sicut
1394 1138 1467 1165 nec
1490 1139 1517 1180 *a

178 1184 252 1223 deo
279 1197 418 1223 sermo.
488 1183 610 1235 Igitur
640 1183 848 1223 secundum
881 1184 1015 1222 horum
1054 1183 1316 1235 exemplorum
1354 1183 1515 1222 formam

175 1242 366 1295 profiteor
390 1255 450 1281 me
477 1241 572 1280 duos
605 1240 757 1289 dicere,
792 1241 903 1281 deum
931 1248 970 1280 ct
995 1254 1210 1280 sermonem
1238 1241 1340 1289 eius,
1365 1248 1515 1294 patrem

177 1307 218 1338 et
249 1300 364 1338 filium
402 1301 532 1351 ipsius.
605 1299 704 1339 Nam
735 1307 776 1339 et
806 1298 918 1338 radix
950 1306 989 1338 et
1026 1299 1154 1338 frutex
1190 1298 1288 1338 duae
1320 1312 1384 1338 res
1415 1306 1514 1346 sunt,

178 1355 246 1395 sed
279 1358 528 1405 coniunctam
562 1364 601 1395 et
633 1358 718 1396 fons
750 1364 790 1396 et
820 1359 958 1396 ssumen
992 1356 1090 1396 duae
1121 1358 1273 1410 species
1303 1363 1408 1405 sunt,
1446 1355 1514 1396 sed

177 1414 384 1461 indivisae3
411 1421 451 1453 et
474 1415 532 1452 sol
558 1422 598 1452 et
622 1414 751 1453 radius
777 1414 874 1454 duae
901 1416 1050 1454 formae
1076 1421 1176 1462 sunt,
1203 1413 1272 1454 sed
1299 1415 1514 1454 cohaeren-

177 1477 249 1509 tes.
312 1470 450 1517 Omne,
484 1470 585 1521 quod
616 1471 746 1522 prodit
771 1485 820 1510 ex
845 1473 993 1524 aliquo,
1028 1471 1238 1512 secundum
1263 1473 1314 1512 sit
1339 1473 1421 1512 eius
1446 1485 1515 1512 ne-

179 1540 288 1566 cesse
327 1534 403 1573 est,
443 1525 490 1565 de
518 1541 590 1579 quo
617 1527 764 1579 prodit,
804 1543 878 1566 non
917 1528 1006 1567 ideo
1046 1537 1172 1569 tamen
1199 1538 1257 1569 est
1282 1537 1513 1583 separatum.

178 1583 379 1623 Secundus
406 1591 529 1623 autem
558 1584 621 1623 ubi
648 1592 725 1633 est,
759 1583 833 1624 duo
859 1593 965 1634 sunt3
999 1593 1038 1624 et
1069 1586 1298 1625 tertius'ubi
1324 1595 1402 1635 est,
1434 1595 1514 1626 tres

175 1650 274 1681 sunt.
335 1641 488 1680 Tertius
514 1643 613 1680 enim
641 1650 701 1681 est
725 1643 880 1695 spiritus
906 1657 928 1682 a
953 1642 1028 1682 deo
1055 1650 1095 1682 et
1120 1643 1220 1691 filio,
1253 1643 1354 1689 sicut
1378 1645 1514 1684 tertius

174 1713 197 1738 a
222 1698 355 1738 radice
383 1700 528 1737 fructus
555 1712 603 1738 ex
628 1700 787 1747 frutice,
821 1708 861 1739 et
887 1702 1028 1739 >tertius
1054 1714 1077 1739 a
1101 1700 1209 1739 fonte
1242 1701 1344 1740 rivus
1370 1714 1420 1740 ex
1443 1702 1513 1740 ssu—

173 1758 293 1804 mine,
327 1763 366 1795 et
391 1758 526 1795 tertius
553 1770 574 1795 a
600 1758 682 1796 sole
709 1771 809 1810 apex
835 1771 884 1797 ex
908 1757 1034 1799 radio.
1093 1756 1202 1796 Nihil
1233 1764 1360 1797 tamen
1387 1771 1410 1797 a
1432 1771 1513 1798 ma·-

172 1815 272 1854 trice
299 1815 507 1862 alienatur,
540 1828 562 1853 a
590 1828 661 1867 qua
687 1817 948 1868 proprietates
973 1829 1061 1854 suas
1087 1814 1206 1854 ducit.
1236 1848 1239 1849 γ
1274 1812 1335 1855 lta
1360 1817 1512 1856 trinitas

170 1885 243 1924 per
268 1880 469 1911 consertos
490 1880 530 1911 et
549 1886 746 1912 connexos
772 1873 914 1926 gradus
934 1887 956 1912 a
976 1881 1086 1926 patre
1114 1872 1338 1922 decurrenS‚
1365 1881 1406 1914 et
1430 1887 1511 1914 mo—

171 1930 354 1969 narchiae
382 1930 473 1969 nihii
503 1931 704 1983 obstrepit,
733 1938 772 1970 et
797 1929 1016 1983 οἰκονομίας
1040 1938 1178 1970 statum
1204 1928 1413 1986 protegit.-

288 1991 326 2029 9.
388 1986 495 2026 Hanc
522 2002 580 2027 me
607 1989 779 2041 reguiam
810 1990 1044 2041 professum,
1085 2002 1158 2041 qua
1190 1989 1433 2042 inseparatos
1458 1989 1505 2028 ab

170 2043 357 2082 alterutro
389 2052 536 2096 patrem
569 2053 608 2085 et
639 2047 755 2086 filium
782 2054 821 2086 et
846 2047 1018 2100 spiritum
1049 2053 1191 2093 testor,
1231 2053 1321 2086 tene
1351 2047 1505 2099 ubique,

171 2108 212 2140 et
236 2102 308 2149 ita,
342 2101 430 2153 quid
458 2103 648 2153 quomodo
675 2103 843 2152 dicatur,
876 2117 1084 2157 agnosces.
1143 2103 1250 2143 Ecce
1276 2105 1376 2143 enim
1402 2103 1504 2152 dien,

168 2159 282 2197 alium
310 2171 395 2198 esse
422 2166 581 2211 patrem,
610 2169 649 2200 et
674 2162 787 2202 alium
813 2162 943 2210 filium,
971 2170 1011 2201 et
1036 2163 1150 2203 alium
1175 2162 1363 2214 spiritum.
1399 2160 1504 2202 Mate

167 2217 323 2268 accepit
347 2215 487 2255 idiotes
513 2218 670 2270 quisque
697 2227 762 2258 aut
787 2232 990 2272 perversus
1015 2220 1089 2260 hoc
1117 2218 1278 2267 dietum,
1313 2220 1419 2272 quasi
1446 2217 1505 2261 di-

165 2275 387 2313 versitatem
408 2282 522 2313 sonet
542 2282 581 2313 et
601 2289 650 2314 ex
670 2276 893 2317 diversitate
919 2278 1215 2330 separationem
1227 2276 1501 2329 protendam)

165 2332 286 2383 patris
312 2338 352 2370 et
377 2331 443 2369 filii
469 2339 509 2371 et
533 2333 700 2384 spiritus.
760 2335 1007 2375 Necessitate
1034 2342 1159 2374 autem
1186 2335 1261 2373 hoc
1287 2333 1389 2382 dico,
1417 2347 1502 2373 cum

167 2387 328 2426 eundem
360 2396 508 2441 patrem
534 2397 574 2429 et
598 2390 714 2430 fitium
746 2400 786 2431 et
816 2394 989 2446 spiritum
1023 2391 1278 2440 contendunt,
1317 2391 1500 2431 adversus

166 2442 382 2498 οἰκονομιαν
401 2448 647 2487 monarchiae
668 2448 879 2499 adulantes,
902 2465 977 2489 non
997 2458 1125 2509 tamen
1145 2449 1499 2489 diversitatealium

260 2583 295 2627 1)
311 2587 357 2616 lo.
373 2587 427 2627 14,
442 2587 496 2617 11.
593 2587 693 2626 2310.
706 2590 736 2628 1,
753 2591 783 2618 1.
880 2587 917 2631 3)
932 2590 979 2620 10.
993 2590 1047 2630 10,
1062 2589 1117 2620 30.
1196 2588 1232 2628 4)
1248 2587 1302 2618 Fr.
1317 2587 1388 2617 Iun.
1405 2585 1498 2619 con'h

163 2632 401 2668 portendat.
