1566 2808
159 234 264 270 134
415 234 538 265 ADv.
575 232 938 263 MARCIONEM
971 229 1149 261 LIBER
1179 230 1235 263 111.

163 327 290 366 crucis
321 326 396 364 vim
428 324 663 371 intentabat,
702 338 775 376 qua
806 337 964 376 serpens
996 322 1172 362 diabolus
1203 320 1484 374 publicabatur,

162 392 202 422 et
234 384 339 422 laeso
374 384 510 434 cuique
548 396 571 420 a
602 382 835 434 spiritalibus
867 382 1054 428 colubris,
1093 380 1255 419 intuenti
1288 386 1415 418 tamen
1447 385 1488 417 et

163 441 340 480 credenti
365 441 404 478 in
430 454 534 486 eam,
561 440 713 480 sanitas
731 453 921 478 morsuum
947 445 1198 492 peccatorum
1225 434 1265 476 e't
1290 437 1392 475 salus
1418 449 1486 475 ex-

162 498 250 537 inde
276 497 599 551 praedicabatur?
1389 496 1394 502 ’

270 561 335 598 19.
384 554 471 606 Age
499 568 617 602 nunc,
662 556 694 593 si
725 555 853 606 legisti
885 567 1004 607 penes
1030 552 1173 600 David,
1217 552 1392 591 dominus
1423 565 1486 590 re-

162 614 294 664 gnavit
319 627 340 651 a
367 613 472 664 ligno
487 612 547 665 1),
574 620 773 664 exspecto,
802 611 891 664 quid
912 612 1119 662 intelligas,
1147 611 1220 649 nisi
1234 611 1335 663 forte
1363 610 1486 660 ligua-

162 673 258 709 rium
284 671 447 722 aliquem
474 683 606 722 regem
622 671 833 721 significari
854 668 1096 716 ludaeorum,
1115 664 1164 707 'et
1188 681 1264 707 non
1280 667 1485 713 Christum,

163 730 225 780 qui
252 728 391 766 exindo
423 741 446 766 a
476 729 653 780 passione
688 729 780 779 ligni
813 735 992 779 superata
1018 734 1142 765 morte
1174 725 1362 777 regnavit.
1390 721 1487 770 'Etsi

162 787 260 825 enim
289 799 390 824 mors
415 785 461 823 ab
486 784 610 823 Adam
638 786 814 836 regnavit
839 798 957 836 usque
983 784 1031 823 ad
1053 784 1258 830 Christum,
1287 795 1355 821 cur
1376 773 1487 835 Chri-

162 852 241 882 stus
266 857 342 881 nou
368 853 550 893 regnasse
567 842 719 883 dicatur
743 856 765 880 a
792 843 908 893 ligno,
937 856 985 880 cx
1011 855 1084 893 quo
1113 842 1238 887 crucis
1257 841 1368 891 ¹ligno
1384 852 1486 877 mor-

162 909 246 939 tuus
272 914 429 951 regnum
463 901 596 938 mortis
623 901 810 938 exclusit?
846 898 1013 939 Proinde
1041 906 1080 937 et
1105 898 1260 937 Esaias:
1294 897 1485 949 quoniam,

162 959 300 1010 inquit,
335 971 430 1009 puer
455 965 515 996 est
540 964 648 996 natus
680 957 791 996 nobis
806 959 859 1006 2);
914 956 1011 1004 Quid
1037 957 1144 1003 novi,
1171 956 1203 994 si
1229 968 1304 993 non
1331 953 1378 993 de
1406 953 1484 993 filio

161 1016 224 1054 dei
256 1015 374 1059 dicit?
411 1015 460 1053 Et
491 1014 601 1053 datus
632 1023 691 1054 est
716 1015 845 1062 nobis,
879 1016 985 1053 cuius
1017 1015 1216 1066 imperium
1253 1013 1396 1051 factum
1427 1018 1488 1051 est

161 1086 277 1124 super
301 1073 497 1110 humerum
522 1073 652 1124 ipsius.
705 1072 794 1120 Quis
821 1074 974 1111 omnino
994 1085 1127 1123 regum
1144 1071 1292 1121 insigne
1314 1077 1486 1121 potesta-

160 1132 209 1168 tis
235 1143 326 1168 suae
359 1130 517 1168 humero
550 1131 742 1181 praefert,
776 1137 816 1168 et
848 1144 924 1178 non
954 1137 1020 1168 aut
1053 1130 1179 1181 capite
1212 1127 1390 1166 diadema
1420 1134 1487 1165 aut

161 1200 272 1226 manu
309 1194 503 1238 sceptrum
540 1194 606 1225 aut
642 1187 805 1239 aliquam
842 1188 1022 1238 propriae
1059 1187 1177 1225 vestis
1214 1185 1369 1234 notam?
1407 1182 1486 1223 Sed

160 1245 264 1283 solus
295 1258 414 1283 novus
445 1257 517 1283 rex
543 1258 726 1282 novorum
753 1257 955 1292 aevorum,
995 1243 1169 1282 Christus
1195 1242 1330 1291 lesus,
1360 1255 1484 1281 novae

161 1303 309 1353 gloriae
337 1310 376 1340 et
402 1304 631 1353 potestatem
659 1309 698 1341 et
722 1302 994 1341 sublimitatem
1019 1314 1124 1355 suam
1149 1301 1307 1349 humero
1326 1299 1484 1356 extulit,

161 1373 315 1398 erucem
341 1360 504 1406 scilicet,
532 1367 573 1398 ut
597 1359 805 1398 secundum
825 1361 1062 1412 superiorem
1077 1359 1318 1412 prophetiam
1345 1355 1484 1396 exinde

160 1416 334 1454 dominus
365 1424 550 1467 regnaret
585 1430 608 1455 a
639 1418 756 1469 ligno.
809 1417 892 1456 Hoc
925 1414 1067 1468 lignum
1099 1423 1139 1455 et
1170 1415 1384 1454 Hieremias
1414 1414 1485 1453 tibi

159 1475 343 1520 insinuat,
378 1473 538 1512 dicturis
563 1474 793 1525 praedicans
820 1473 992 1512 Iudaeis:
1030 1474 1180 1518 venite,
1220 1473 1412 1510 mittamus
1439 1472 1484 1510 li-

160 1545 273 1582 gnum
299 1532 337 1569 iu
352 1544 488 1582 panem
515 1532 597 1569 eius
611 1532 662 1580 3),
690 1532 821 1583 utique
849 1532 886 1569 in
914 1545 1066 1583 corpus.
1118 1529 1184 1568 Sic
1211 1528 1484 1578 euiuideusin

160 1589 362 1639 evangelio
391 1601 540 1640 quoque
565 1596 695 1627 vestro
723 1589 921 1635 revelavit,
949 1601 1083 1640 panem
1113 1590 1255 1639 corpus
1280 1600 1387 1627 suum
1415 1600 1484 1639 ap—

159 1647 325 1698 pellans,
353 1653 394 1684 ut
419 1653 459 1685 et
486 1647 572 1684 hinc
598 1647 672 1684 iam
700 1659 783 1699 eum
817 1646 1010 1697 intelligas
1037 1646 1213 1697 corporis
1239 1645 1296 1683 sui
1324 1645 1482 1695 figuram

157 1704 266 1754 panis
278 1702 465 1750 Redisse,
494 1704 600 1742 cuius
626 1711 732 1742 retro
760 1699 899 1755 corpus
925 1705 963 1741 in
989 1716 1125 1755 panem
1153 1703 1361 1754 prophetes
1387 1702 1483 1753 figu-

157 1762 274 1807 ravit,
302 1762 384 1812 ipso
411 1760 565 1800 domino
591 1761 666 1800 hoc
693 1768 972 1802 sacramentum
999 1761 1479 1817 postea7interpretatur0.

159 1817 202 1856 Si
239 1817 364 1857 adhuc
403 1819 555 1870 quaeris
587 1817 803 1857 dominicae
842 1820 969 1857 crucis
1001 1812 1360 1870 praedicationem,
1389 1818 1483 1867 satis
1526 1822 1529 1826 '

157 1876 230 1913 iam
269 1876 338 1914 tibi
375 1883 506 1927 potest
542 1877 674 1931 facere
711 1873 917 1927 vigesimus
955 1877 1096 1928 primus
1121 1875 1318 1931 psalmus,
1363 1880 1482 1920 totam

159 1931 301 1970 Christi
341 1935 543 1971 continens
581 1935 817 1985 passionem,
869 1935 1042 1980 canentis
1080 1934 1153 1972 iam
1192 1925 1280 1972 tunc
1319 1932 1482 1984 gloriam

157 2002 281 2033 suam:
308 1989 501 2036 foderunt,
528 1991 662 2043 inquit,
689 2005 821 2030 manus
844 1987 950 2030 incas
976 1999 1016 2030 et
1040 1987 1173 2043 pedes,-
1201 2003 1297 2043 quae
1323 1990 1482 2042 propria

156 2048 306 2088 atrocia
345 2049 484 2086 crucis.
534 2042 585 2086 Et
609 2062 758 2096 rursus,
798 2062 882 2101 cum
920 2050 1100 2088 auxilium
1125 2050 1246 2102 patris
1282 2047 1479 2099 implorat:

157 2105 318 2151 salvum,
345 2105 485 2156 inquit,
520 2105 581 2142 fac
608 2119 666 2144 me
694 2119 743 2145 ex
769 2119 836 2149 ore
864 2107 1005 2154 leonis,
1032 2107 1161 2158 utique
1187 2105 1340 2151 mortiS,
1367 2109 1407 2143 et
1433 2103 1480 2143 de

157 2162 339 2201 cornibus
364 2163 562 2200 unicornis
588 2163 859 2210 humilitatem,
887 2163 935 2202 de
962 2164 1135 2216 apicibus
1161 2162 1485 2208 scilicet-crucis,-

155 2227 198 2258 ut
222 2233 336 2272 supra
362 2219 610 2259 ostendimus.
662 2220 781 2267 Quam
808 2234 963 2259 crucem
990 2232 1061 2259 nec
1088 2221 1170 2272 ipse
1197 2218 1322 2266 David
1345 2220 1501 2272 passus‘

156 2284 215 2315 est
239 2291 311 2316 nee
337 2278 434 2316 ullus
460 2290 531 2317 rex
554 2275 796 2324 Iudaeorum,
817 2282 871 2316 ‘ne
898 2285 1007 2330 putes
1027 2278 1185 2316 alterius
1210 2277 1370 2316 alieuius
1390 2290 1480 2329 pro-

155 2335 307 2386 phetari
338 2332 573 2387 passionem‘,
608 2348 716 2388 quam
750 2337 902 2384 eius4),
948 2337 1010 2387 qui
1042 2336 1144 2374 solus
1175 2349 1198 2373 a
1228 2335 1371 2387 populo
1403 2341 1478 2372 tam

155 2392 361 2443 insigniter
392 2392 597 2439 crucifixus
629 2400 699 2431 est.
750 2392 861 2432 Nunc
895 2394 969 2431 etsi
1001 2387 1133 2432 omnes
1164 2394 1257 2432 istas
1287 2393 1480 2443 interpre-

248 2494 285 2532 1)
310 2495 363 2525 Ps.
385 2497 438 2536 96,
459 2498 512 2527 10.
610 2498 645 2537 2)
671 2499 734 2530 les.
754 2499 786 2537 9,
809 2500 840 2528 6.
865 2497 927 2529 Ed.
948 2497 1051 2529 Fran.
1075 2498 1109 2528 et
1128 2497 1203 2537 mg.
1221 2505 1267 2527 ex
1292 2494 1365 2526 eod.
1390 2494 1477 2528 libro

156 2539 230 2571 add.
246 2543 286 2570 et
300 2540 424 2572 datus
445 2545 511 2573 est
530 2545 653 2574 nobis
677 2543 812 2575 filius.
871 2542 1003 2587 3)1er.
1027 2545 1080 2583 11,
1098 2545 1139 2573 19
1155 2541 1318 2584 eRLXX.
1366 2542 1403 2582 4)
1418 2542 1475 2586 Sic

156 2585 207 2614 ed.
229 2585 331 2616 Fran.
351 2589 385 2617 et
403 2588 496 2628 Rig.;
524 2599 602 2620 nam
623 2599 678 2621 vv.
702 2589 848 2630 proph,
865 2608 912 2614 -
937 2589 1031 2621 eius
1056 2599 1075 2629 ρ
1100 2589 1157 2619 lib.
1183 2588 1256 2620 adr.
1278 2587 1350 2619 Iud.
1377 2598 1406 2621 c.
1422 2589 1476 2627 1⁰,-

156 2634 292 2669 sumpta
319 2632 375 2662 vix
403 2638 547 2671 possunt
574 2638 704 2666 abesse.
