1624 2826
149 198 248 236 πθ
399 198 523 230 on.
558 196 918 228 MARCtONEM
955 194 1132 225 muna
1164 193 1205 224 v.

149 294 280 345 puniat
305 292 444 343 magis,
482 302 590 342 quam
617 302 638 328 e
665 289 861 328 contrario
887 288 1019 328 foveat
1043 285 1137 326 deus
1162 285 1338 324 zelotes?
1367 284 1400 326 si
1423 284 1471 323 ab

150 351 216 389 illo
243 349 342 388 deo?
367 349 498 400 atquin
523 348 656 399 punire
689 361 764 385 non
791 347 910 388 novit.
971 346 1028 385 Ita
1053 351 1136 383 tota
1161 344 1233 382 ista
1258 342 1473 395 propositio

151 408 316 460 apostoli
342 407 444 445 nulla
468 406 617 443 ratione
645 405 833 451 consistit,
865 405 897 442 si
922 417 998 445 non
1024 401 1070 441 ad
1099 401 1337 453 disciplinam
1364 410 1476 439 crea-

152 466 246 503 toris
279 471 350 503 est.
412 463 584 514 Denique
624 469 664 501 et
703 463 740 500 in
775 461 945 500 ela'usula.
975 460 1207 513 praefationi
1245 455 1472 510 respondet.

152 522 257 560 Haec
285 528 410 559 autem
437 519 747 572 quemadmodum
775 526 987 558 evenerunt
1012 519 1106 564 inis,
1145 517 1291 568 scripta
1315 522 1402 554 sunt
1426 513 1477 554 ad

153 593 222 618 nos
249 577 557 625 commonendos,
596 579 633 616 in
660 591 754 629 quos
781 577 875 616 fines
900 589 1081 615 aevorum
1108 573 1476 623 decucurrerunt.¹)

154 637 182 674 Ο
217 643 432 675 creatorem
464 643 503 674 et
534 636 747 687 praescium
779 635 852 673 iam
885 641 925 673 et
950 632 1230 672 admonitorem
1262 631 1476 670 alienorum

154 694 473 732 Christianorum!
530 692 740 733 Praetereo
778 693 810 730 si
848 691 998 743 quando
1037 692 1145 743 paria
1183 702 1340 735 eorum,
1379 699 1488 740 quae*

152 757 363 790 retractata
394 758 495 796 sunt,
541 749 724 801 quaedam
757 756 796 787 et
832 749 1004 787 breviter
1042 760 1235 800 expungo.
1295 745 1476 798 Magnum

153 815 416 859 argumentum
443 806 504 845 dei
531 807 688 845 alterius
714 807 914 858 permissio
942 806 1106 843 omnium
1133 804 1381 842 obsoniorum
1408 801 1476 841 ad-

152 878 285 904 versus
312 866 508 916 legem,2)
547 864 652 916 quasi
686 876 760 900 non
793 869 832 901 et
857 863 929 914 ipsi
956 862 1208 900 confiteamur
1233 860 1330 911 legis
1356 871 1474 898 onera

154 923 321 969 dimissa,
348 921 416 960 sed
442 921 488 960 ab
516 934 577 967 eo,
605 921 666 972 qui
681 921 871 972 imposuit,
899 920 960 970 qui
975 920 1220 958 novationem
1236 918 1475 970 repromisit3

154 982 206 1018 ita
238 987 278 1018 ct
310 980 441 1025 cibos,
482 980 543 1030 qui
569 978 742 1023 abstulit,
781 976 973 1023 reddidit,
1008 975 1109 1028 quod
1141 983 1181 1014 et
1211 989 1233 1013 a
1263 973 1476 1026 primordio

152 1037 355 1090 praestitit.
419 1036 622 1081 Ceterum,
661 1036 691 1073 si
724 1036 805 1086 quis
832 1035 927 1072 alius
954 1033 1046 1072 deus
1083 1034 1219 1071 fuisset
1256 1031 1488 1070 destructor.

154 1094 215 1132 dei
242 1095 381 1141 nostri,
421 1093 513 1131 nihil
546 1093 665 1143 magis
697 1091 1098 1143 suosprohibuisset,
1138 1103 1247 1142 quam
1279 1087 1327 1128 de
1354 1089 1477 1141 copiis

153 1151 362 1190 adversarii
387 1153 530 1189 vivere.
972 1180 976 1182 v

267 1213 304 1249 8.
357 1208 479 1260 Caput
504 1208 575 1246 viri
601 1207 774 1246 Christus
800 1207 917 1254 est.3)
981 1206 1073 1255 Quis
1100 1205 1284 1252 Christus,
1311 1205 1374 1257 qui
1399 1217 1476 1243 non

153 1273 211 1304 est
235 1267 307 1304 viri
333 1268 493 1304 auctor?
524 1265 647 1317 Caput
672 1266 771 1303 enim
798 1263 845 1308 ad
872 1265 1142 1303 auctoritatem
1168 1264 1314 1316 posuit,
1341 1269 1476 1302 aucto-

152 1325 245 1361 ritas
271 1330 394 1361 autem
422 1337 496 1361 non
523 1324 680 1362 alterius
707 1324 798 1369 erit,
838 1335 947 1374 quam
980 1323 1163 1361 auctoris.
1225 1321 1341 1360 Cuius
1367 1319 1477 1361 denir·

155 1393 225 1430 que
255 1381 327 1417 viri
360 1388 474 1431 caput
504 1383 587 1418 est?
636 1380 751 1418 Certe
785 1379 832 1418 de
866 1393 939 1430 quo
973 1380 1145 1418 subiicit:
1184 1379 1244 1417 vir
1273 1379 1374 1418 enim
1399 1373 1490 1416 non‘.

155 1436 271 1474 debet
297 1444 409 1487 caput
432 1438 582 1482 velare,
622 1450 704 1474 cum
732 1438 781 1474 sit
806 1435 868 1474 dei
895 1437 1086 1486 imag0.4)
1149 1435 1272 1487 Igitur
1301 1437 1344 1475 si.
1365 1441 1477 1475 crea'-

156 1493 249 1530 toris
275 1500 334 1531 est
358 1494 503 1543 imago,
544 1493 624 1540 (iile
651 1495 750 1531 enim
778 1493 987 1539 Christum,
1026 1506 1239 1531 sermonem
1267 1506 1393 1541 suum,
1412 1494 1492 1541 jin-v

155 1557 288 1597 tuens,
327 1550 514 1588 hominem
542 1550 731 1588 futurum:
758 1550 978 1596 faciamus,
1017 1551 1161 1601 inquit,
1202 1550 1391 1589 hominem
1429 1549 1478 1589 ad

155 1608 356 1658 imaginem
396 1614 435 1645 et
470 1606 755 1646 similitudinem
792 1610 991 1653 nostram,)
1013 1609 1050 1655 5)
1090 1605 1280 1658 quomodo
1324 1620 1476 1658 possum

155 1665 314 1703 alterum
341 1664 484 1703 habere
518 1671 650 1716 caput,
690 1678 765 1702 non
791 1677 894 1711 eum,
935 1665 1041 1702 cuius
1074 1665 1197 1715 imago
1231 1666 1336 1702 sum?
1383 1663 1477 1702 Cum

155 1723 251 1760 enim
290 1722 415 1773 imago
454 1723 523 1760 sim
562 1723 774 1769 creatoris,
813 1736 888 1760 non
927 1728 986 1760 est
1022 1723 1060 1759 in
1099 1734 1156 1759 me
1195 1721 1303 1760 locus
1340 1722 1478 1772 capitis

154 1779 326 1817 alterius.
403 1777 481 1817 Sed
499 1778 564 1817 set
601 1792 718 1831 quare
762 1780 898 1818 mulier
940 1785 1168 1830 potestatem
1212 1791 1329 1830 super
1364 1784 1480 1830 caput·

154 1835 296 1875 habere
323 1835 505 1875 debebit?
555 1835 596 1874 Si
628 1837 716 1888 quia
747 1849 796 1875 ex
825 1837 927 1882 viro,
967 1842 1006 1874 et
1037 1843 1198 1888 propter
1225 1836 1347 1876 virum
1373 1836 1479 1875 faeta

155 1895 254 1943 est⁶)
292 1893 499 1934 secundum
536 1895 812 1932 institutionem
851 1894 1065 1940 creatoris,
1110 1894 1167 1931 sic
1206 1905 1357 1945 quoque
1395 1893 1478 1932 eius

155 1949 392 2001 disciplinam
420 1951 616 2002 apostolus
643 1953 807 1997 curavit,
847 1951 894 1990 de
923 1953 1029 1990 cuius
1055 1951 1296 1989 institut-ione
1323 1962 1493 1989 caussas.

155 2006 379 2058 disciplinae
405 2009 692 2059 interpretatur.
742 2008 889 2048 Adiicit
914 2010 1048 2047 etiam:
1074 2015 1234 2062 propter
1258 2008 1478 2059 angeiosffl)

157 2065 283 2113 Quos?
319 2064 358 2115 id
383 2072 460 2111 est,
488 2067 623 2104 cuius?
665 2067 695 2104 si
723 2068 911 2105 creatoris
942 2065 1404 2118 apostatas,8).merito‚
1436 2071 1494 2103 ut.

155 2122 220 2159 illa
245 2121 384 2168 facies,
423 2135 518 2173 quae
546 2136 613 2162 eos
639 2122 935 2171 scandalizavit,
962 2131 1091 2163 notam
1118 2121 1304 2175 quandam
1330 2122 1481 2161 referat

156 2178 202 2216 de
235 2178 366 2217 habitu
391 2179 613 2231 humilitatis
639 2188 678 2220 et
703 2181 974 2222 obscuratione
1002 2181 1180 2229 decoris,
1209 2181 1242 2219 si
1266 2193 1360 2220 vero
1385 2192 1477 2232 pro-

155 2242 242 2286 pter
265 2237 425 2291 angelos
442 2234 514 2276 'dei
539 2238 709 2285 alteriuS,
737 2238 825 2291 quid
851 2247 1026 2287 veretur,
1053 2240 1085 2278 si
1111 2252 1183 2290 nec
1209 2239 1280 2291 ipsi
1306 2237 1477 2278 Marcio-2

155 2293 449 2333 nitae*‘·feminas
476 2298 693 2348 appetunt?
740 2293 867 2349 Saepe
900 2298 973 2336 iam
1000 2292 1258 2345 caedimus,
1292 2295 1482 2335 haereses.

154 2350 252 2401 apud
278 2352 490 2403 apostolum
517 2353 617 2392 inter
642 2353 740 2392 mala
765 2361 805 2393 ut
831 2355 964 2394 malum
991 2353 1095 2407 poni,
1122 2361 1243 2393 eteos
1257 2352 1476 2406 probabiles

1483 1715 1501 1728 0

249 2499 284 2543 1)
313 2503 484 2543 1Cor.10,
503 2506 556 2536 11.
631 2503 669 2547 2)
696 2506 738 2537 ib.
754 2506 794 2535 25
811 2515 881 2544 sqq.
933 2507 968 2546 3)
997 2507 1015 2536 1
1032 2508 1108 2537 cor.
1124 2506 1178 2544 11,
1195 2505 1224 2535 3.
1273 2501 1311 2540 4)
1338 2502 1379 2533 ih·
1394 2510 1426 2531 v.
1443 2502 1474 2531 ⁷·

158 2546 192 2585 5)
219 2547 301 2578 Cen.
323 2549 352 2588 1,
374 2550 427 2578 261
531 2548 569 2592 6)
598 2552 708 2583 1Cor.
737 2553 790 2592 11,
819 2554 851 2586 9.
874 2554 925 2582 10.
1029 2552 1065 2591 7)
1092 2550 1171 2582 ibid.
1268 2546 1304 2591 8)
1332 2548 1416 2578 Gen.
1440 2549 1474 2584 (3,
1521 2555 1536 2570 a

158 2593 174 2621 1
191 2601 262 2631 sqq.
289 2593 337 2623 Cf.
353 2594 426 2626 adv.
438 2596 544 2629 Marc.
557 2599 586 2636 5,
604 2598 644 2627 18
660 2600 740 2629 extr
