1604 2800
166 256 267 294 ⁸18
679 252 751 283 DE
786 251 988 284 ΑΝΙΜΑ.

166 344 392 400 σωματώσει
424 357 671 397 repercussa,
704 345 770 383 illa
794 357 924 383 rursus
950 342 1199 391 caederetur,
1231 356 1331 396 quae
1354 345 1496 398 aliquid

165 405 374 444 haereticis
400 403 710 443 subministravit.
759 400 857 441 Nam
884 409 923 441 et
944 400 1075 440 Simon
1103 399 1312 442 Samarites
1337 402 1375 441 in
1400 404 1497 444 actis

166 462 427 515 apostolorum
449 462 485 509 ¹)
523 458 747 512 redemptor
782 461 935 512 spiritus
966 460 1108 507 saneti,
1151 466 1399 514 posteaquam
1429 458 1499 502 dn-

166 527 314 559 iunatus
335 519 382 558 ab
404 520 487 571 ipso
509 531 594 557 cum
613 518 776 570 pecunia
796 531 863 556 sua
883 518 1077 556 interitum
1097 517 1237 556 frustra
1262 518 1380 565 flevit,
1406 531 1500 557 con-

165 591 300 617 versus
321 576 368 615 ad
388 577 562 616 veritatis
588 575 909 628 expugnationem
937 575 1044 626 quasi
1069 588 1138 627 pro
1165 575 1303 614 solatio
1329 575 1498 623 ultionis,

168 636 284 674 fultus
316 636 430 674 etiam
463 635 556 673 artis
587 646 679 672 suae
710 633 874 680 viribus,
907 631 956 671 ad
987 633 1219 685 praestigias
1249 633 1400 672 virtutis
1430 633 1501 673 ali-

170 694 276 732 cuius
303 692 487 731 Helenam
520 690 705 743 quandam
737 690 893 743 Tyriam
925 689 973 729 de
1005 691 1093 730 loco
1126 689 1293 730 libidinis
1324 689 1501 742 publicae

170 749 303 790 eadem
329 750 493 802 pecunia
518 748 700 795 redemit,
733 747 886 799 dignam
917 748 989 787 sibi
1020 746 1238 787 mercedem
1270 761 1340 800 pro
1366 748 1502 800 spiritu

170 814 327 854 sanct03
360 814 400 845 et
431 819 471 845 se
505 805 657 857 quidem
689 805 846 854 finxit2)
874 818 1056 844 summum
1080 812 1247 857 patrem,
1281 805 1382 845 illam
1406 818 1501 846 vero

170 864 418 902 iniectionem
444 876 548 901 suam
573 863 745 914 primam,
778 875 850 914 qua
875 863 1064 901 iniecerat
1089 863 1250 913 angelos
1275 869 1315 902 et
1339 862 1504 905 areban-

171 921 282 973 gelos
309 919 500 966 condere,
533 919 642 957 huius
674 931 758 957 eam
788 920 978 971 propositi
1010 926 1227 970 compotem
1253 920 1428 961 exsilisse
1453 917 1503 958 de

172 986 284 1031 patre
311 985 351 1016 et
376 979 414 1015 in
440 977 626 1015 inferiora
651 974 876 1023 desultasse,
903 982 1017 1027 atque
1042 975 1122 1015 illic
1148 982 1358 1028 praevento
1382 976 1505 1029 patris

171 1036 372 1088 proposito
404 1034 602 1085 angelicas
633 1039 846 1085 potestates
877 1033 1056 1084 genuisse
1087 1033 1243 1083 ignaras
1266 1034 1388 1084 patris
1411 1034 1507 1074 arti-

174 1094 257 1132 ficis
282 1091 411 1131 mundi
436 1092 559 1136 huius,
591 1090 638 1128 ab
665 1090 724 1128 his
748 1103 842 1128 vero
868 1102 940 1141 per
964 1088 1144 1128 invidiam
1168 1090 1423 1140 retentam,³)
1458 1102 1506 1130 ne

174 1149 349 1201 digressa
380 1162 427 1187 ea
458 1148 616 1186 alterius
653 1147 846 1198 genimina
882 1144 1125 1194 viderentur,
1159 1153 1199 1185 et
1229 1145 1379 1203 idcireo
1404 1148 1507 1187 omni

176 1206 431 1246 contumeliae
462 1203 681 1258 addictam,
719 1211 762 1243 ut
791 1216 975 1256 nusquam
1011 1202 1215 1244 discedere
1253 1203 1508 1257 depretiatam
1547 1207 1550 1212 '

150 1265 333 1311 ·liberet,
371 1264 558 1302 humanae
597 1275 746 1315 quoque
778 1262 926 1301 formae
958 1259 1168 1301 succidisse
1208 1262 1311 1302 velut
1347 1262 1508 1302 vinculis

176 1323 304 1360 carnis
337 1319 613 1368 coe'rcendam3
652 1321 706 1358 ita
738 1320 863 1359 multis
895 1319 1000 1359 aevis
1031 1332 1102 1372 per
1131 1319 1228 1358 alios
1259 1326 1374 1372 atque
1411 1319 1509 1359 alios

174 1379 327 1417 habitus
353 1379 557 1416 femininos
581 1377 789 1416 volutatam
816 1378 930 1416 etiam
957 1377 1059 1416 illam
1087 1376 1275 1416 Helenam
1296 1377 1414 1419 fuisse
1439 1389 1509 1419 ex-

176 1436 435 1474 itiosissimam
472 1434 624 1473 Priamo
656 1441 696 1473 et
722 1433 938 1474 Stesichori
973 1442 1111 1486 postea
1147 1435 1288 1482 oculis,
1327 1447 1438 1487 quem
1468 1440 1511 1475 et

178 1499 430 1530 excaecasset
456 1491 504 1529 ob
531 1491 738 1529 convitium
764 1492 962 1538 carminis,
997 1491 1136 1531 dehinc
1167 1489 1435 1534 reluminasset
1459 1491 1509 1532 ob

178 1549 481 1586 satisfactionem
508 1546 649 1595 laudis3
682 1547 844 1599 proinde
864 1549 1090 1599 migrantem
1111 1562 1194 1587 eam
1215 1548 1262 1589 de
1283 1549 1511 1602 corporibus

178 1607 217 1644 iu
245 1618 430 1657 corpora,
468 1611 662 1656 postrema
700 1603 1002 1644 dedecoratione
1040 1605 1108 1643 sub
1141 1606 1257 1644 vtitulo
1294 1607 1511 1657 prostitisse

179 1662 364 1701 Helenam
402 1662 590 1700 viliorem.
663 1661 771 1700 Hanc
803 1662 921 1713 igitur
950 1674 1036 1701 esse
1069 1674 1177 1701 ovem
1215 1661 1424 1714 perditam,
1462 1661 1512 1704 ad

182 1733 291 1772 quam
318 1718 566 1758 descenderit
590 1725 702 1771 pater
725 1732 901 1767 summus,
935 1717 1065 1758 Simon
1092 1719 1255 1766 scilicet,
1287 1726 1328 1758 et
1350 1721 1511 1772 primum

179 1784 412 1829 recuperata
438 1790 485 1815 ea
511 1783 550 1815 et
574 1783 745 1824 revecta,
778 1778 910 1816 nescio
937 1776 1104 1815 humeris
1129 1789 1177 1814 an
1202 1776 1418 1824 feminibus,
1443 1789 1513 1817 ex-

180 1834 271 1874 inde
309 1834 356 1873 ad
394 1834 583 1873 hominum
621 1835 839 1886 respexerit
874 1834 1035 1873 salutem
1069 1834 1174 1886 quasi
1204 1846 1277 1887 per
1306 1833 1514 1875 vindictam

181 1891 466 1931 liberandorum
493 1904 541 1931 ex
566 1891 641 1930 illis
666 1892 853 1943 angelicis
878 1891 1144 1944 potestatibuS‚
1178 1891 1312 1944 quibus
1336 1889 1514 1932 fallendis

184 1957 223 1987 et
248 1951 328 2001 ipse
356 1950 615 2000 configuratus
641 1962 762 2002 aeque
789 1948 1002 1988 hominibus
1021 1955 1061 1988 et
1080 1948 1270 1988 hominem
1296 1950 1513 1996 ementitus,

184 2007 223 2043 in
249 2006 390 2045 iudaea
416 2006 567 2059 quidem
593 2007 728 2054 filium,
760 2007 798 2045 in
826 2005 1000 2045 Samaria
1028 2018 1123 2045 vero
1154 2013 1301 2058 patrem
1333 2007 1512 2059 gesserit.

187 2062 217 2101 Ο
251 2062 434 2102 Helenam
472 2065 573 2102 inter
607 2067 743 2117 poe'tas
780 2071 818 2103 et
851 2064 1076 2105 ‚haereticos
1113 2063 1379 2111 laborantem,
1422 2070 1512 2102 tunc

186 2119 390 2167 adulterio,
418 2134 516 2159 nunc
542 2129 674 2174 stupro
699 2122 898 2169 infamem,
930 2122 1002 2160 nisi
1028 2119 1129 2173 quod
1153 2119 1202 2161 de
1225 2120 1342 2159 Troia
1368 2120 1515 2172 glorio·

187 2178 265 2215 sius
290 2178 437 2216 eruitur
462 2191 568 2228 quam
596 2178 643 2218 de
670 2180 856 2232 lupanari,
888 2179 990 2218 mille
1016 2178 1174 2217 navibus
1200 2176 1248 2216 de
1272 2177 1408 2224 Troia,
1433 2184 1513 2218 nec

186 2235 289 2272 mille
317 2233 484 2273 denariis
510 2235 668 2275 forsitan
695 2236 742 2276 de
771 2237 956 2288 lupanari.
1023 2234 1235 2283 Erubesce,
1263 2233 1407 2282 Simon,
1433 2241 1513 2273 tar-

188 2290 275 2329 dior
299 2293 336 2329 in
362 2291 607 2344 requirendo,
635 2295 914 2332 inconstantior
938 2291 1249 2331 inretrahendo.
1303 2291 1358 2330 At
1380 2291 1514 2331 Mene-

188 2347 270 2385 laus
295 2347 419 2387 statim
446 2349 657 2400 insequitur
681 2353 871 2400 amissam,
906 2351 1029 2389 statim
1057 2351 1199 2402 repetit
1223 2356 1414 2402 ereptam,
1446 2347 1514 2388 de-

283 2506 316 2546 1)
329 2509 403 2538 Act.
419 2510 504 2548 App.
520 2511 552 2549 8,
569 2511 611 2540 18
623 2519 694 2549 sqq.
769 2509 806 2554 2)
820 2512 894 2543 Lat.
909 2514 944 2543 et
957 2511 1031 2551 Rig.
1052 2511 1201 2549 finxit,
1212 2510 1346 2553 ceteri:
1370 2508 1514 2548 fingit.

193 2551 228 2587 3)
249 2553 374 2583 Locum
397 2558 596 2594 corruptum
616 2557 665 2587 sic
686 2561 914 2588 correxerunt
930 2559 1003 2588 Lat.
1018 2558 1052 2588 et
1065 2557 1139 2596 mg.
1153 2558 1203 2587 Cf.
1216 2556 1350 2588 Irenaei
1363 2554 1421 2586 lib.
1435 2555 1468 2593 1,
1483 2563 1513 2585 e.

192 2598 344 2650 233Ge1.
370 2600 416 2629 ab
443 2600 508 2630 his
542 2610 621 2632 non
660 2602 758 2642 (aliiz
786 2612 905 2644 vei-0,
938 2603 997 2634 alii
1021 2612 1102 2635 non
1128 2601 1312 2641 omittunt)
1337 2599 1513 2641 perinde

191 2652 328 2673 annno
352 2647 572 2678 retentam.
