1604 2800
144 185 215 221 1ss
528 184 655 216 ADV.
694 184 1125 216 HERMOGENEM.

146 292 270 332 aequo
304 278 430 316 animo
471 277 568 316 filins
606 290 690 316 eam
727 278 915 329 praeponi
953 277 1045 325 sibi,
1085 289 1182 329 quae
1220 275 1321 329 patri
1359 273 1477 316 adae-

148 344 296 390 quatur.

266 397 331 435 19.
383 391 462 432 Sed
495 399 534 432 ct
565 391 612 430 ad
646 392 836 444 originale
868 393 1159 431 instrumentum
1185 392 1312 444 Moysi
1339 404 1480 444 provo-

148 466 258 499 cano,
287 450 386 490 unde
419 458 460 490 et
485 450 637 489 diversa
663 464 751 503 pars
777 450 1015 502 suspiciones
1042 464 1128 489 suas
1154 451 1316 502 ingratis
1341 449 1480 488 fulcire

149 517 324 556 conatur,
351 521 399 547 ne
420 509 573 547 seilicet
593 522 668 546 non
690 507 779 546 inde
800 509 935 546 instrui
958 507 1166 556 videretur,
1195 506 1293 546 unde
1309 513 1479 559 oportet.

149 567 281 619 Itaque
321 568 549 605 occasiones
587 566 658 604 sibi
697 567 855 618 sumpsit
893 565 1129 617 quorundam
1165 565 1396 612 verborum,
1441 570 1484 603 ut

149 625 358 664 haereticis
384 625 468 663 fere
494 637 576 662 mos
603 631 680 670 est,
708 624 896 675 simplicia
923 636 1096 676 quaeque
1123 630 1320 675 torquere.
1382 620 1481 661 Nam

150 690 191 721 et
214 684 334 734 ipsum
361 682 608 733 principium,
648 682 686 718 in
720 694 793 733 quo
826 680 920 719 deus
951 682 1047 720 fecit
1077 687 1117 720 et
1148 681 1299 720 coelum
1331 686 1372 719 et
1402 686 1483 719 ter·

151 753 251 786 ram,
278 738 422 790 aliquid
447 739 580 776 volunt
604 739 740 784 fuisse,
774 739 881 789 quasi
907 738 1182 777 substantivum
1209 745 1251 777 et
1276 737 1484 790 corpulen-

152 804 254 842 tum,
295 795 396 847 quod
433 796 470 833 in
509 794 705 834 materiam
744 796 995 847 interpretari
1032 796 1169 847 possit.
1233 794 1317 834 Nos
1354 802 1483 834 autem

152 854 356 906 unicuique
389 852 578 892 vocabulo
612 853 890 904 proprietatem
922 865 1026 890 suam
1051 851 1350 903 vindicamus,¹)
1379 852 1483 904 prin-

153 912 292 963 cipium
318 911 465 949 initium
491 923 595 956 esse,
635 917 674 948 et
700 911 929 961 competisse
961 911 1013 948 ita
1040 911 1130 962 poni
1154 910 1270 949 rebus
1295 910 1484 962 incipien-

154 969 254 1007 tibus
281 969 384 1016 fieri3
424 968 515 1006 nibil
543 968 668 1013 enim,
709 967 809 1019 quod
844 968 927 1006 lieri
954 967 1096 1015 habet,
1135 968 1217 1006 sine
1245 967 1355 1005 initio
1383 979 1483 1014 esse,

154 1028 242 1078 quin
268 1027 414 1064 initium
441 1026 491 1064 sit
515 1025 568 1063 illi
595 1026 729 1076 ipsum,
763 1024 849 1063 dum
875 1026 1010 1076 incipit
1036 1025 1138 1072 fieri3
1178 1026 1232 1063 ita
1256 1025 1487 1077 principium

153 1085 232 1122 sive
259 1085 405 1122 initium
431 1084 663 1134 inceptionis
689 1095 774 1121 esse
799 1082 976 1129 verbum,
1016 1096 1091 1120 non
1123 1082 1284 1121 alicuius
1309 1081 1487 1120 substan-

153 1143 229 1180 tiae
257 1154 407 1179 nomen.
471 1139 548 1178 Iam
575 1154 674 1178 nunc
706 1140 737 1177 si
770 1140 997 1192 principalia
1030 1139 1094 1178 dei
1120 1153 1242 1192 opera
1267 1140 1420 1179 coelum
1447 1146 1488 1179 et

153 1206 259 1238 terra
284 1205 383 1246 sunt,
410 1210 507 1250 quae
535 1204 623 1236 ante
651 1198 777 1235 omnia
803 1196 897 1237 deus
922 1198 1018 1237 fecit
1042 1211 1196 1237 suorum
1223 1211 1308 1237 esse
1328 1198 1486 1251 proprie

154 1257 395 1308 principium,
429 1268 525 1307 qnae
547 1256 679 1306 priora
698 1262 786 1294 sunt
804 1255 921 1302 facta,
949 1257 1087 1295 merito
1103 1257 1159 1295 sic
1176 1256 1376 1308 praefatur
1389 1255 1486 1295 scri-

154 1315 331 1366 pturaz2)
359 1314 396 1350 in
423 1313 613 1364 principio
640 1313 737 1351 fecit
756 1312 851 1352 deus
877 1313 1027 1352 coelum
1054 1320 1094 1352 et
1121 1321 1277 1361 terram,
1303 1311 1487 1366 quemad-

156 1369 307 1409 modum
334 1369 512 1408 dixisset:
551 1371 589 1407 in
616 1370 728 1408 finem
762 1369 855 1408 deus
887 1371 984 1409 fecit
1009 1372 1159 1410 coelum
1187 1378 1227 1410 et
1253 1379 1415 1418 terram,
1454 1371 1489 1409 si

156 1434 244 1479 post
268 1427 447 1465 universa
472 1427 642 1464 fecisset.
704 1427 784 1464 Aut
808 1428 841 1464 si
867 1428 1095 1479 principium
1122 1429 1249 1480 aliqua
1275 1428 1489 1468 substantia

158 1491 235 1531 est,
274 1484 349 1522 erit
380 1490 420 1521 et
445 1483 529 1521 finis
560 1484 687 1534 aliqua
718 1484 891 1522 materia.
954 1483 1070 1523 Plane
1099 1485 1232 1523 licebit
1257 1486 1375 1524 etiam
1399 1486 1489 1524 suh-

158 1541 360 1580 stantivum
386 1539 528 1592 aliquid
556 1541 784 1592 principium
811 1553 896 1580 esse
922 1541 988 1579 alii
1014 1542 1090 1588 rei,
1130 1555 1227 1593 quae
1253 1555 1303 1580 ex
1327 1544 1412 1594 ipso
1438 1543 1489 1581 sit

157 1599 304 1646 futura,
342 1605 385 1636 ut
415 1598 553 1649 argilla
585 1598 814 1649 principium
846 1605 989 1645 testae,
1028 1605 1070 1638 ut
1101 1612 1232 1638 semen
1257 1600 1488 1652 principium

158 1655 317 1695 herbae.
369 1653 448 1694 Sed
475 1669 559 1694 cum
585 1656 639 1693 ita
664 1662 804 1694 utimur
827 1656 1017 1695 vocabulo
1044 1657 1242 1708 principii,
1276 1657 1383 1709 quasi
1409 1658 1489 1696 ori-

159 1715 282 1765 ginis,
321 1726 397 1751 non
430 1714 536 1764 quasi
570 1711 715 1751 ordinis
747 1714 919 1752 nomine:
958 1712 1159 1752 adiicimus
1191 1721 1231 1752 et
1256 1715 1489 1753 mentionem

158 1772 275 1823 ipsius
301 1771 360 1809 rei
386 1771 622 1823 specialiter,
651 1783 760 1822 quam
785 1771 959 1809 volumus
978 1771 1208 1823 principium
1234 1772 1393 1810 alterius
1414 1772 1488 1811 rei.

159 1829 216 1867 De
244 1835 380 1867 cetero
405 1829 436 1866 si
461 1829 517 1866 sic
543 1841 752 1879 ponamus,
790 1828 899 1868 verbi
925 1830 1073 1880 gratia:
1109 1830 1149 1868 in
1174 1830 1366 1881 principio
1393 1829 1490 1869 feeit

159 1886 297 1936 figulus
334 1886 471 1936 pelvim
508 1886 570 1924 vel
603 1899 757 1924 urnam:
807 1887 882 1925 iam
915 1900 992 1925 non
1023 1887 1221 1926 materiam
1254 1886 1489 1938 significabit

159 1943 409 1994 principium,
444 1956 521 1980 non
558 1944 659 1982 enim
696 1944 870 1994 argillam
909 1945 1100 1983 nominavi
1131 1945 1379 1997 principium,
1418 1942 1488 1994 sed

161 1998 335 2037 ordinem
361 2000 508 2051 operis,
548 2001 636 2051 quia
661 2000 798 2051 figulus
824 2008 912 2041 ante
939 2009 1073 2041 cetera
1097 2002 1258 2055 primum
1283 2002 1422 2053 pelvim
1448 2008 1490 2040 et

159 2069 291 2095 urnam
329 2056 447 2102 fecit,
486 2056 625 2095 exinde
662 2058 833 2097 facturus
865 2066 905 2098 et
937 2067 1090 2099 cetera:
1129 2058 1179 2098 ad
1205 2057 1487 2098 ordinationem

161 2127 319 2166 operum
357 2114 535 2165 principii
573 2114 802 2155 vocabulum
833 2117 1067 2168 pertinebit,
1105 2130 1182 2155 non
1215 2115 1263 2154 ad
1296 2117 1487 2168 originem

159 2171 469 2210 substantiaiffum
531 2169 694 2211 Possunt
732 2180 771 2212 et
806 2175 920 2213 aliter
956 2175 1196 2241 principium
1221 2174 1489 2226 interpretari,

160 2242 236 2267 non
268 2228 314 2267 ab
347 2241 389 2267 re
423 2235 567 2276 tamen3
607 2243 691 2268 nam
724 2238 764 2268 et
794 2232 831 2269 in
858 2246 1003 2283 graeco
1035 2233 1214 2285 principii
1245 2231 1486 2278 vocabulum,

161 2285 261 2337 quod
288 2292 346 2324 est
371 2282 480 2338 ἀρχὴ,
507 2299 583 2324 non
609 2294 753 2326 tantum
781 2289 1047 2337 ordinativum,
1074 2289 1197 2329 sedet
1216 2289 1486 2341 potestativum

163 2344 266 2394 capit
301 2344 576 2395 principatum,
615 2343 715 2384 unde
754 2353 793 2384 et
829 2340 1017 2401 ἄρχοντας
1053 2346 1187 2387 dicunt
1215 2347 1411 2399 principes
1447 2351 1488 2384 et

161 2401 418 2450 magistratus..
467 2400 572 2453 Ergo
605 2402 813 2443 seeundum
845 2405 943 2444 hanc
976 2418 1125 2458 quoque
1163 2403 1483 2456 significationem

254 2538 289 2577 1)
328 2538 433 2568 Rhen.
459 2540 510 2571 ed.
538 2542 562 2572 1.
582 2551 669 2572 cum
696 2543 979 2574 vindicamus.
1083 2543 1120 2582 2)
1145 2541 1252 2574 Rben.
1275 2541 1327 2572 ed.
1352 2542 1376 2572 1.
1402 2549 1482 2572 me-

161 2583 333 2621 riteque
358 2584 419 2615 sic
441 2586 676 2623 perfectam
703 2589 978 2628 scripturam.
1399 2597 1401 2600 “
