1604 2800
187 243 289 280 122
404 242 477 273 DE
519 239 1036 273 RESURRECTIONE
1073 239 1300 272 CARNIS.

187 347 225 377 ct
257 336 415 375 cibariis
444 336 548 374 vitae
586 334 696 373 huius
733 334 887 383 invitet,
927 345 1024 386 quae
1062 333 1177 372 etiam
1213 332 1445 384 irreligiosis
1481 341 1526 374 et

184 395 418 446 blasphemis
455 393 574 432 semel
612 392 757 431 homini
794 387 950 430 addicta
988 389 1214 430 conditione
1252 392 1523 440 communicat,

186 454 321 505 pluens
348 464 464 505 super
488 451 612 490 bonos
638 457 678 489 et
702 450 843 498 malos,
882 456 922 488 et
947 449 1067 488 solem
1094 461 1200 488 suum
1226 449 1382 488 mittens
1407 456 1527 503 super

186 513 307 550 iustos
333 517 373 549 et
397 509 626 560 iniustos.1)
689 507 799 547 Felix
830 508 1005 546 nimirum
1038 506 1152 555 fides,
1191 507 1223 546 si
1255 519 1303 546 ea
1335 519 1527 547 consecu-

185 576 270 607 tura
309 575 386 616 est,
426 568 560 620 quibus
591 567 724 620 hostes
755 565 819 605 dei
851 573 891 605 et
923 566 1067 604 Christi
1099 578 1175 603 nou
1207 563 1322 604 modo
1353 568 1524 613 utuntur,

183 639 316 666 verum
343 627 460 665 etiam
486 625 713 672 abutuntur,
746 625 867 677 ipsam
894 622 1156 663 conditionem
1184 623 1360 663 colentes
1385 622 1524 663 adver·

185 698 249 723 sus
276 683 532 723 conditorem.
547 685 586 734 ²)
649 682 794 721 Bulbos
820 689 860 721 et
885 682 1022 721 tubera
1046 682 1084 719 in
1112 688 1240 720 terrae
1267 681 1381 720 bonis
1403 679 1528 734 depu-

184 743 304 788 tabis,
344 740 499 780 domino
537 741 830 793 pronuntiante,
869 753 917 779 ne
950 742 988 778 in
1020 752 1118 792 pane
1151 737 1303 792 quidem
1335 740 1528 778 victurum

185 799 440 847 hominem.³)
481 797 548 836 Sic
576 797 721 844 ludaei,
749 805 905 836 terrena
931 796 1172 836 solummodo
1197 795 1404 850 sperande,
1432 809 1527 836 coe-

186 857 299 895 lestia
325 857 521 901 amittunt,
562 856 789 906 ignorantes
821 861 861 892 et
886 867 1024 906 panem
1050 853 1098 892 de
1126 855 1290 893 coelesti
1315 855 1526 907 repromis-

186 927 266 952 sum
293 921 333 952 et
359 913 485 952 oleum
517 911 669 952 divinae
700 912 893 950 unctionis
933 918 973 950 et
1006 913 1133 949 vinum
1171 912 1349 963 spiritus,
1388 924 1526 964 aquam

185 972 336 1011 animae
374 971 586 1022 vigorantis
622 983 671 1008 ex
707 971 786 1008 vite
824 969 987 1017 Christi,
1027 970 1127 1008 sicut
1157 975 1198 1007 et
1228 970 1347 1021 ipsam
1380 976 1525 1008 terram

186 1036 357 1067 sanctam
395 1027 591 1066 Iudaicum
623 1028 780 1080 proprie
812 1027 933 1065 solum
966 1033 1165 1078 reputant,
1205 1039 1359 1064 earnem
1398 1027 1527 1078 potius

186 1086 330 1125 domini
355 1083 697 1137 interpretandam,
726 1097 823 1137 quae
850 1082 990 1123 exinde
1017 1090 1057 1121 ct
1082 1084 1119 1121 in
1142 1083 1316 1121 omnibus
1331 1082 1525 1124 Christum

184 1142 327 1182 indutis
353 1150 487 1182 sancta
513 1144 563 1181 sit
590 1149 713 1190 terra,
751 1154 844 1180 vere
877 1147 1011 1180 sancta
1036 1154 1109 1194 per
1132 1141 1341 1180 incolatum
1367 1143 1525 1194 spiritus

185 1202 327 1250 sancti,
370 1213 465 1239 vere
503 1201 605 1239 lacte
643 1207 684 1239 et
719 1199 833 1239 melle
871 1212 1030 1238 manans
1069 1212 1141 1251 per
1176 1200 1403 1238 suavitatem
1441 1199 1524 1252 spei

185 1260 321 1310 ipsiuS,
359 1271 453 1297 vere
486 1257 627 1297 Iudaea
655 1270 726 1311 per
751 1256 814 1296 dei
840 1257 1156 1296 familiaritatem.
1217 1255 1307 1296 Non
1333 1258 1433 1296 enim
1460 1258 1524 1310 qui

184 1318 222 1354 in
249 1317 472 1363 manifesto,
513 1315 695 1363 Iudaeus,
735 1315 803 1355 sed
836 1316 899 1367 qui
931 1317 969 1354 in
997 1315 1172 1363 occulto,
1195 1322 1252 1371 ⁴ut
1277 1321 1317 1354 et
1341 1315 1523 1368 templum

186 1373 249 1412 dei
275 1373 413 1412 eadem
437 1375 486 1411 sit
511 1380 551 1412 et
584 1373 843 1418 Rierusalem,
883 1372 1043 1412 audiens
1080 1373 1129 1412 ab
1165 1371 1302 1412 Esaia:
1341 1385 1523 1425 exsurge,

186 1443 372 1481 exsurge,
400 1430 660 1484 Hierusalem,
687 1430 851 1469 induere
874 1430 1142 1470 fortitudinem
1165 1430 1316 1470 brachii
1344 1431 1419 1480 tui,
1454 1443 1524 1470 ex-

186 1500 321 1538 surge,
348 1488 448 1525 sicut
473 1488 510 1524 in
536 1486 762 1538 primordio,
778 1488 816 1535 ⁴)
843 1489 996 1526 scilicet
1021 1490 1058 1527 in
1085 1490 1151 1527 illa
1176 1489 1414 1540 integritate,
1449 1501 1523 1542 qua

186 1546 315 1583 fuerat
345 1551 434 1583 ante
467 1543 647 1582 delictum
681 1545 1013 1595 transgressionis·
1077 1545 1184 1592 Quae
1223 1547 1323 1584 enim
1360 1547 1400 1585 in
1438 1556 1522 1586 eam

187 1602 427 1641 Hierusalem
470 1614 588 1640 voces
633 1601 820 1640 eiusmodi
859 1609 1126 1654 competerent
1162 1602 1446 1641 exhortationis
1483 1611 1523 1642 et

186 1658 466 1706 advocationis,
495 1672 591 1710 quae
619 1658 765 1698 occidit
790 1659 1000 1711 prophetas
1025 1665 1066 1698 et
1091 1658 1276 1711 lapidavit
1300 1658 1348 1699 ad
1370 1672 1411 1699 se
1433 1662 1522 1699 mis-

185 1731 249 1754 sos
275 1724 314 1755 et
345 1718 466 1769 ipsum
497 1723 694 1769 postremo
728 1715 920 1756 dominum
952 1730 1058 1755 suum
1092 1717 1278 1755 confixit?
1336 1716 1416 1757 Sed
1448 1731 1521 1758 nec

184 1775 251 1813 ulli
278 1776 431 1813 omnino
458 1782 588 1813 terrae
614 1775 716 1814 salus
741 1776 1042 1827 repromittitur,
1070 1787 1179 1826 quam
1207 1781 1410 1827 oporteret
1436 1788 1520 1825 cum

184 1833 301 1870 totius
326 1831 455 1871 mundi
487 1832 620 1871 habitu
650 1834 882 1885 praeterire.
943 1831 1106 1871 Etiamsi
1139 1833 1221 1885 quis
1253 1831 1412 1872 audebit
1443 1840 1523 1872 ter-

184 1903 262 1928 ram
290 1897 461 1929 sanctam
494 1889 712 1942 paradisum
743 1891 871 1942 potius
909 1892 1190 1942 argumentari,
1229 1903 1339 1942 qnam
1377 1897 1418 1930 et
1452 1903 1522 1943 pa·

184 1955 282 1985 trum
309 1947 386 1986 dici
413 1950 559 2000 capiat,
597 1946 708 1987 Adae
735 1948 887 1987 scilicet
913 1955 952 1987 et
976 1947 1103 1995 Evae,
1133 1946 1299 2000 proinde
1323 1955 1364 1987 et
1388 1949 1426 1987 in
1451 1961 1521 2001 pa—

184 2004 351 2043 radisum
389 2007 582 2044 restitutio
622 2007 730 2045 carni
766 2005 962 2044 videbitur
998 2006 1252 2058 repromissa,
1299 2018 1397 2058 quae
1434 2019 1520 2045 eum

185 2062 359 2101 incolare
385 2070 425 2102 et
451 2062 646 2103 custodire
673 2065 811 2102 sortita
835 2070 914 2112 est,
954 2070 996 2102 ut
1026 2063 1116 2102 talis
1146 2062 1239 2101 ilinc
1264 2062 1379 2101 homo
1404 2074 1520 2102 revo-

185 2127 307 2166 cetur,
336 2121 456 2172 qualis
483 2120 570 2161 inde
597 2122 726 2174 pulsus
752 2128 824 2161 est.

300 2181 368 2219 27.
421 2178 612 2218 Habemus
639 2180 753 2219 etiam
778 2174 1099 2218 vestimentorum
1119 2179 1158 2216 in
1184 2178 1387 2231 scripturis
1411 2190 1518 2218 men-

183 2236 326 2274 tionem
363 2235 411 2275 ad
449 2250 553 2289 spem
594 2237 722 2276 earnis
754 2238 1039 2305 allegorizare,
1078 2236 1166 2288 quia
1191 2241 1232 2297 et
1254 2234 1516 2303 Apocalypsis

184 2292 357 2341 Ioannis,
390 2295 429 2332 hi
455 2302 559 2341 sunt,
593 2296 666 2342 ait,
702 2296 763 2348 qui
789 2296 1018 2334 vestimenta
1044 2306 1112 2332 sua
1137 2306 1215 2332 non
1241 2293 1516 2345 coinquinave-

183 2357 270 2388 runt
296 2365 377 2389 cum
405 2352 646 2399 mulieribus,
662 2354 699 2402 ⁵)
725 2354 896 2404 virgines
922 2349 1076 2391 scilicet
1101 2350 1342 2403 significans,
1381 2357 1422 2391 et
1444 2346 1514 2403 qui

183 2415 304 2446 semet
328 2410 432 2460 ipsos
466 2417 732 2449 castraverunt
762 2417 924 2463 propter
954 2422 1076 2461 regna
1108 2410 1321 2448 coelorum
1333 2408 1379 2462 ὃ)
1436 2408 1514 2447 Ita-

276 2556 312 2599 1)
337 2559 458 2591 Matth
475 2563 506 2599 5,
521 2562 575 2592 45.
671 2561 708 2600 2)
733 2562 829 2593 Rom.
846 2563 879 2602 1,
893 2562 949 2594 25
1046 2559 1080 2600 3)
1103 2560 1226 2592 matth.
1238 2560 1320 2600 ΔΑ.
1401 2556 1438 2590 4)
1453 2557 1512 2590 Sic

183 2601 288 2632 Rhen.
303 2605 402 2643 ed.1.‚
423 2605 458 2635 in
473 2607 643 2647 margine:
663 2607 703 2638 in
724 2605 956 2646 primordii
981 2605 1057 2637 die.
1107 2605 1238 2638 Ceteri.
1262 2604 1303 2635 in
1322 2604 1385 2643 pri
1405 2613 1511 2636 mor-

184 2647 249 2677 dio
276 2648 618 2693 diei.—1es.51,9.
714 2651 748 2693 5)
772 2651 971 2692 Apoe.a,4.
995 2653 1096 2692 14,4.
1193 2648 1509 2693 6)Mat1h.19‚¹!·2.
