1604 2800
139 171 246 209 108
358 171 431 202 DE
467 164 983 200 RESURRECTIONE
1020 165 1247 199 cARNIS.

138 260 362 317 ἡγεμονικὸν
376 264 411 313 ²)
437 261 672 314 appellatur,
712 273 804 299 caro
836 260 913 298 erit
943 271 1055 298 omne
1087 259 1237 297 animae
1276 260 1467 312 cogitato-

139 323 250 360 rium.
311 320 513 373 Nunquam
539 319 664 358 anima
694 318 777 357 sine
810 329 927 356 carne
959 323 1036 363 est,
1076 314 1254 368 quamdiu
1283 317 1322 355 in
1351 330 1468 357 carne

140 386 216 427 est,
268 378 362 417 nihil
398 392 474 416 non
507 390 592 416 cum
623 376 691 414 illa
721 376 814 427 agit,
846 376 928 414 sine
961 387 1033 426 qua
1065 387 1141 412 non
1173 380 1243 413 est.
1318 373 1469 423 Quaere

140 436 284 484 adhuc,
334 449 383 474 an
421 436 613 487 cogitatus
652 446 802 486 quoque
841 445 911 486 per
949 444 1103 470 carnem
1142 430 1468 480 administrentur,

141 495 203 546 qui
228 507 299 546 per
325 506 479 532 carnem
511 492 789 544 dignoscuntur
820 491 1074 530 extrinsecus.
1134 488 1296 528 Volutet
1326 488 1470 542 aliquid

139 553 277 598 anima,
304 552 428 590 vultus
454 556 638 603 operatur
662 548 856 596 indicium,
883 549 1005 587 facies
1031 548 1284 586 intentionum
1305 548 1470 587 omnium

140 610 335 662 speculum
373 616 443 648 est.
517 608 676 660 Negent
711 607 901 646 factorum
938 606 1185 651 societatem,
1226 605 1286 644 cui
1323 617 1469 658 negare

139 681 215 705 non
242 674 400 719 possunt
426 667 697 719 cogitatorum.
742 664 792 702 Et
818 665 872 702 illi
898 663 1050 716 quidem
1076 661 1358 715 delinquentias
1384 675 1470 702 car-

140 725 198 763 nis
230 731 474 771 enumerant;
514 736 610 774 ergo
648 723 852 774 peccatrix
890 721 1087 761 tenebitur
1123 721 1325 773 supplicio.
1387 719 1470 759 Nos

138 794 231 820 vero
260 782 373 819 etiam
403 782 566 819 virtutes
599 781 725 818 carnis
758 779 1002 831 opponimus;
1042 791 1138 830 ergo
1171 785 1212 818 et
1242 777 1342 818 hene
1375 791 1470 830 ope-

139 846 223 877 rata
249 838 443 876 tenebitur
467 838 652 889 praemio.
714 836 764 874 Et
789 838 820 874 si
847 837 972 874 anima
997 843 1074 883 est,
1107 849 1204 887 quae
1230 837 1312 888 agit
1336 842 1376 875 et
1402 837 1471 875 im-

138 896 248 948 pellit
284 897 322 934 in
362 897 507 942 omnia,
548 895 674 933 carnis
713 894 935 944 obsequium
974 900 1044 931 est.
1105 892 1226 931 Deum
1264 906 1341 931 non
1379 893 1471 932 lieet

139 961 206 992 aut
228 954 406 992 iniustum
432 952 598 990 iudicem
626 949 733 989 credi
757 957 822 989 aut
847 951 1022 996 inertem,
1050 949 1240 997 iniustum,
1267 951 1298 988 si
1324 950 1469 988 sociam

136 1011 326 1049 bonorum
353 1023 510 1062 operum
536 1023 558 1047 a
583 1009 764 1060 praemiis
789 1015 936 1054 arceat,
963 1009 1139 1053 inertem,
1166 1008 1198 1045 si
1224 1008 1370 1045 sociam
1389 1020 1469 1045 ma-

137 1068 261 1106 lorum
287 1082 310 1106 a
335 1068 533 1120 suppliciis
559 1072 758 1112 secernat,
798 1078 881 1104 cum
913 1064 1076 1102 humana
1108 1077 1271 1102 censura
1302 1076 1350 1102 eo
1381 1077 1470 1117 per-

136 1125 282 1164 fectior
312 1125 517 1171 habeatur,
569 1137 643 1175 quo
676 1124 790 1162 etiam
822 1122 1017 1161 ministros
1045 1122 1141 1160 facti
1179 1122 1362 1174 cuiusque
1400 1121 1468 1161 de-

135 1183 273 1234 poscit,
300 1195 373 1221 nec
399 1194 563 1234 parcens
589 1194 661 1219 nec
687 1180 862 1219 invidens
888 1180 975 1227 illis,
1003 1180 1202 1232 quominus
1229 1193 1313 1219 cum
1332 1186 1468 1219 aucto-

135 1240 240 1279 ribus
266 1247 332 1278 aut
356 1253 507 1293 poenae
533 1246 599 1278 aut
623 1239 772 1290 gratiae
801 1238 1084 1276 communicent
1113 1237 1291 1276 fructum.

254 1302 319 1340 16.
366 1297 445 1336 Sed
472 1310 555 1336 cum
581 1297 781 1349 imperium
807 1296 977 1342 animae,
1019 1295 1242 1347 obsequium
1275 1296 1384 1335 carni
1409 1294 1467 1334 di-

135 1355 374 1402 stribuimus,
413 1353 724 1407 prospiciendum
757 1361 834 1400 est,
872 1367 921 1392 ne
954 1360 994 1392 et
1018 1353 1093 1392 hoc
1119 1353 1195 1392 alia
1220 1360 1467 1404 argumenta-

134 1413 242 1450 tione
279 1412 520 1458 subvertant,
559 1419 600 1449 ut
635 1412 756 1450 velint
794 1424 948 1450 carnem
987 1412 1043 1450 sic
1081 1412 1130 1454 in*
1159 1410 1284 1450 officio
1316 1411 1466 1450 animae

137 1469 353 1515 collocare,
392 1482 469 1506 non
508 1469 614 1519 quasi
651 1469 878 1514 ministram,
929 1482 977 1507 ne
1017 1475 1058 1507 et
1094 1470 1240 1508 sociam
1278 1475 1468 1520 cogantur

136 1538 371 1576 agnoscere.
436 1525 577 1564 Dicent
602 1526 701 1563 enim
727 1526 921 1562 ministros
953 1532 994 1564 et
1024 1527 1154 1563 socios
1185 1525 1331 1565 habere
1363 1526 1467 1565 arbi—

134 1583 247 1621 trium
273 1581 514 1621 ministrandi
539 1590 654 1635 atque
681 1581 857 1621 sociandi
883 1589 922 1619 et
950 1589 1182 1634 potestatem
1210 1595 1301 1621 suae
1331 1583 1466 1621 volun-

133 1642 224 1678 tatis
261 1641 299 1678 in
338 1647 556 1693 utrumque,
601 1641 773 1679 homines
810 1640 963 1678 scilicet
994 1646 1034 1678 et
1064 1640 1167 1691 ipsos
1198 1638 1348 1678 idcirco
1381 1652 1465 1678 cum

133 1698 356 1736 auctoribus
387 1699 525 1736 merita
552 1699 856 1743 communicare,
892 1697 1026 1748 quibus
1054 1709 1210 1748 operam
1236 1703 1373 1748 sponte
1399 1709 1466 1736 nc-

134 1754 426 1802 commodarint,
460 1767 618 1794 carnem
644 1761 772 1794 autem
799 1754 893 1792 nihil
919 1755 1146 1806 sapientem,
1174 1753 1270 1792 nihil
1295 1754 1466 1793 sentien—

131 1819 208 1851 tem
233 1825 305 1864 per
329 1820 450 1851 semet
476 1814 614 1865 ipsam,
654 1826 730 1851 non
755 1812 875 1859 velle,
916 1825 994 1850 non
1018 1811 1122 1850 nolle
1149 1809 1198 1849 de
1223 1824 1292 1850 suo
1319 1810 1465 1851 haben-

130 1877 221 1917 tem,
247 1871 334 1909 vice
360 1871 486 1922 potius
511 1871 658 1910 vasculi
683 1882 874 1922 apparere
901 1870 1064 1915 animae,
1091 1875 1134 1907 ut
1157 1869 1462 1917 instrumentum,

130 1941 208 1965 non
239 1935 281 1966 ut
311 1929 575 1968 ministerium.
637 1928 770 1980 Itaque
803 1928 952 1966 animae
984 1927 1104 1965 solius
1136 1925 1319 1966 iudicium
1349 1939 1483 1982 prae»,

131 1984 273 2032 sidere,
302 1987 467 2037 qualiter
490 2000 557 2026 usa
584 1987 635 2025 sit
658 1986 815 2025 vasculo
843 1986 982 2032 carnis,
1009 1984 1203 2023 vasculum
1223 1997 1318 2023 vero
1339 1985 1462 2036 ipsum

130 2055 206 2080 non
233 2055 318 2081 esse
345 2046 562 2083 sententiae
589 2043 816 2091 obnoxium,
855 2044 943 2095 quia
973 2055 1046 2081 nec
1080 2041 1240 2080 calicem
1273 2040 1460 2088 damnari,

130 2100 161 2137 si
200 2101 281 2152 quis
319 2114 402 2140 eum
439 2115 590 2141 veneno
628 2102 873 2153 temperarit,
912 2113 985 2139 nec
1023 2098 1190 2151 gladium
1227 2097 1275 2137 ad
1311 2097 1460 2138 bestias

129 2159 389 2208 pronuntiari,
428 2161 460 2198 si
498 2161 581 2212 quis
612 2171 659 2198 eo
692 2159 937 2198 latrocinium
968 2157 1087 2196 fuerit
1123 2162 1318 2208 operatus.
1380 2155 1461 2195 Iam

130 2227 224 2266 ergo
262 2217 450 2256 innocens
490 2230 582 2256 caro
621 2229 670 2255 ex
707 2211 754 2255 ea
790 2223 919 2269 parte,
960 2229 1032 2268 qua
1069 2227 1145 2252 non
1182 2213 1461 2266 reputabuntur

128 2272 183 2310 illi
221 2286 362 2325 operae
395 2274 537 2322 malae,
578 2281 617 2313 et
653 2274 746 2312 nihil
783 2273 981 2326 prohibet,
1019 2272 1266 2311 innocentiae
1304 2271 1457 2310 nomine

130 2329 269 2368 salvam
296 2344 379 2369 eam
407 2332 504 2371 fieri.
565 2331 680 2370 Licet
710 2333 810 2370 enim
842 2344 915 2371 nec
945 2331 1048 2369 bona
1080 2342 1201 2381 opera
1231 2335 1458 2381 reputentur

129 2386 201 2432 illi,
240 2389 340 2426 sicut
364 2402 436 2428 uec
462 2390 580 2436 mala,
619 2388 769 2428 divinae
797 2397 923 2428 tamen
947 2387 1179 2439 benignitati
1203 2388 1324 2439 magis
1351 2399 1456 2437 com-

128 2444 226 2492 petit
256 2445 483 2486 innocentes
521 2447 708 2495 liberare,
746 2447 944 2487 beneficus
981 2446 1080 2486 enim
1119 2452 1178 2484 est
1207 2452 1323 2498 atque
1355 2443 1455 2496 opti-

224 2569 260 2607 1)
285 2571 336 2603 Cf.
352 2572 410 2604 lib.
429 2573 470 2604 de
488 2574 602 2607 anima
617 2584 646 2608 c.
662 2575 715 2605 15.
