1624 2826
387 239 512 272 ADV.
546 240 909 272 MARCIONEM
944 240 1122 273 LIBER
1154 242 1210 274 IV.
1351 243 1455 279 201

124 344 185 371 am
210 338 269 379 te,
301 340 385 371 eum
413 339 661 384 conspectum
688 331 932 380 desiderans,
966 335 1004 372 in
1031 347 1104 386 quo
1130 334 1323 373 hominem
1351 344 1456 376 esset

123 396 298 437 acturus,
337 389 438 442 quod
469 391 660 442 propheta
684 391 852 438 sciebat3
893 398 1063 430 ceterum
1092 391 1154 430 dei
1181 393 1340 439 faciem,
1381 395 1454 432 iam

124 445 320 494 audierat,
360 450 471 486 nemo
498 447 611 486 homo
638 447 784 486 videbit
810 451 904 498 [me]
933 456 972 487 et
996 449 1111 487 vivet.
1174 449 1224 487 Et
1248 450 1369 497 hunc,
1397 453 1455 489 in-

125 506 218 556 quit,
245 517 473 551 sermonem,
501 518 610 556 quem
636 504 778 552 dixisti,
806 507 942 544 faciam
971 507 1051 545 tibi.
1112 506 1162 544 Et
1187 521 1317 547 rursus
1341 508 1454 561 Moy-

123 574 207 600 sesz
246 561 406 601 ostende
439 562 527 600 mihi
562 563 724 613 gloriam
753 571 866 602 tuam.
929 564 978 601 Et
1004 563 1177 602 dominus
1203 566 1382 604 similiter
1406 566 1455 605 de

122 619 272 662 futuro:
292 632 385 671 nego
418 619 648 671 praecedam
682 621 719 658 in
745 621 871 672 gloria
904 635 1007 670 mea,
1047 629 1086 659 et
1117 622 1279 673 reliqua.
1342 622 1391 661 Et
1417 625 1455 661 in

123 677 349 715 novissimo:
390 683 431 715 et
464 684 551 715 tune
582 677 730 716 videbis
762 679 981 730 posteriora
1015 680 1163 727 mea,¹)
1204 693 1279 717 non
1306 680 1454 725 lumbos

123 746 197 772 nec
222 747 342 781 suras,
371 733 438 783 sed
466 748 574 786 quam
602 734 904 781 desideraverat,
932 736 1093 786 gloriam
1109 736 1146 772 in
1173 737 1455 787 posterioribus

124 791 360 842 temporibus
398 791 667 838 revelandam,
707 792 744 829 in
776 805 849 843 qna
880 793 981 830 facie
1013 791 1061 830 ad
1094 793 1231 831 faciem
1264 794 1455 833 visibilem

117 860 164 886 se
191 848 227 886 ei
252 849 551 900 repromiserat,
571 850 608 895 2)
649 850 763 887 etiam
789 848 838 887 ad
862 847 1058 888 Aaronem
1090 848 1242 889 dicens:
1282 852 1313 889 si
1338 852 1457 890 fuerit

121 905 332 957 prophetes
358 907 396 957 in
421 906 550 952 vobis,
590 907 627 943 in
652 907 800 945 visione
828 920 1046 957 cognoscar
1071 907 1145 954 illi,
1179 915 1218 946 et
1242 908 1279 946 in
1305 909 1454 948 visione

121 962 259 1015 loquar
282 962 331 1001 ad
357 963 455 1010 eum,
483 977 558 1001 non
586 963 777 1015 quomodo
804 963 852 1002 ad
866 964 1044 1016 Moysen,
1072 977 1114 1003 os
1135 964 1182 1003 ad
1198 979 1241 1003 os
1256 967 1452 1018 loquar,³)

120 1021 160 1058 in
197 1021 328 1072 specie
368 1021 496 1072 utique
535 1020 721 1073 hominis,
761 1035 870 1073 quam
904 1029 989 1060 erat
1020 1029 1261 1074 gestaturus,
1302 1037 1378 1062 non
1417 1026 1454 1062 in

121 1079 352 1129 aenigmate.
373 1080 410 1128 4)
470 1078 569 1117 Nam
601 1078 877 1118 etsi'Marcion
909 1080 1031 1118 noluit
1056 1093 1139 1118 eum
1168 1081 1454 1132 colloquentem

122 1133 278 1174 domino
311 1142 529 1182 ostensum,
567 1134 636 1174 sed
669 1143 856 1183 stantem,
897 1144 1023 1176 tamen
1062 1145 1103 1176 et
1134 1145 1238 1176 stans
1266 1152 1308 1176 os
1334 1138 1383 1176 ad
1410 1152 1453 1176 os

123 1192 251 1230 stabat
286 1199 326 1231 et
362 1193 502 1235 faciem
533 1191 582 1230 ad
619 1193 759 1231 faciem
797 1207 880 1232 cum
918 1194 1010 1240 illo,
1050 1195 1194 1245 inquit,
1234 1208 1309 1232 non
1343 1201 1454 1233 extra

122 1249 252 1296 illum,
291 1250 330 1287 in
362 1250 488 1300 gloria
519 1250 654 1300 ipsius,
693 1249 830 1288 nedum
869 1252 907 1288 in
945 1258 1171 1302 conspectu.
1195 1253 1232 1299 5)
1296 1251 1353 1291 De
1381 1266 1455 1304 qua

122 1307 249 1358 gloria
275 1320 351 1345 non
377 1307 492 1345 aliter
516 1307 726 1345 illustratus
752 1307 932 1350 discessit
956 1321 978 1346 a
1005 1308 1180 1355 Christo,
1213 1323 1322 1360 quam
1350 1311 1454 1348 sole-

122 1364 189 1402 bat
213 1377 236 1402 a
262 1371 468 1411 creatore,
507 1363 669 1415 proinde
696 1371 785 1403 tunc
813 1366 946 1405 oculos
978 1366 1199 1416 percutiens
1219 1366 1254 1415 6)
1287 1367 1452 1405 filiorum

123 1421 303 1468 Israelis,
342 1420 658 1473 quemadmodum
685 1429 724 1460 et
748 1435 847 1460 nunc
881 1423 1083 1460 excaecati
1113 1422 1350 1470 Marcionis,
1390 1426 1454 1475 qui

122 1479 199 1518 hoc
224 1475 374 1531 quoque
401 1485 664 1530 argumentum
690 1478 873 1526 adversus
899 1493 940 1518 se
967 1480 1099 1518 facere
1116 1479 1312 1518 nonvidit.
1359 1479 1452 1520 Sus-

122 1536 224 1588 cipio
250 1537 289 1574 in
315 1549 373 1575 me
400 1549 602 1588 personam
630 1535 797 1575 Israelis.

235 1596 304 1636 23.
356 1593 443 1632 Stet
469 1593 641 1631 Christus
665 1593 876 1633 Marcionis
902 1602 941 1634 et
966 1595 1179 1634 exclamet:
1224 1610 1247 1634 o
1274 1597 1453 1648 genitura

120 1650 340 1699 incredula,
379 1664 575 1703 quousque
602 1663 671 1689 ero
697 1651 798 1704 apud
823 1655 918 1691 vos?
930 1654 967 1701 ⁷)
1020 1651 1157 1692 Statim
1182 1666 1204 1692 a
1231 1666 1290 1692 me
1317 1654 1452 1692 audire

121 1707 306 1754 debebit:⁴
337 1709 508 1761 quisquis
535 1722 596 1755 es,
630 1706 871 1762 ἐπερχόμενε,
909 1711 1014 1761 prius
1040 1710 1133 1757 ede,
1173 1711 1236 1762 qui
1261 1713 1325 1758 sis,
1365 1718 1405 1749 et
1429 1725 1453 1749 a

123 1778 198 1816 quo
220 1767 376 1812 venias,
414 1773 455 1804 et
479 1765 580 1816 quod
607 1766 645 1803 in
667 1767 783 1804 nobis
809 1767 878 1804 tibi
903 1768 986 1804 ius?
1035 1765 1161 1818 Usque
1188 1767 1313 1805 adhuc
1340 1780 1452 1805 crea—

123 1822 219 1860 toris
244 1828 304 1860 est
330 1829 447 1859 totum
479 1821 578 1872 apud
612 1829 662 1859 te.
683 1823 720 1868 ⁸)
782 1822 900 1860 Plane
927 1824 958 1860 si
989 1823 1036 1860 ab
1064 1824 1130 1860 illo
1155 1825 1288 1870 venis,
1332 1831 1371 1862 et
1395 1825 1453 1863 illi

122 1877 499 1930 agi,s‚‹admiuimus
536 1879 855 1928 increpationem.
918 1877 960 1916 Si
991 1892 1086 1918 vero
1117 1880 1164 1918 ab
1202 1881 1304 1927 alio,
1343 1880 1452 1920 dicas

121 1936 255 1974 velim:
289 1935 378 1988 quid
403 1936 513 1976 nobis
540 1948 701 1986 unquam
727 1934 774 1974 de
802 1943 866 1974 tuo
894 1938 1130 1984 commisisti,
1158 1937 1258 1990 quod
1286 1938 1450 1977 credere

123 1992 400 2040 debuissemus,
425 2001 467 2031 ut
492 1992 706 2044 exprobres
731 1992 1054 2041 incredulitatem,
1082 1996 1145 2047 qui
1171 2008 1243 2034 nec
1270 2002 1307 2034 te
1328 1997 1450 2048 ipsum

121 2050 327 2103 aliquando
370 2050 481 2089 nohis
526 2050 737 2089 revelasti-¹?
797 2050 914 2099 Quam
953 2052 1043 2090 olim
1086 2051 1187 2104 apud
1222 2066 1292 2091 nos
1330 2065 1449 2105 agere

214 2195 254 2240 '1)
279 2201 391 2234 Exod.
419 2203 472 2242 33,
499 2203 543 2231 12
557 2210 629 2239 sqq.
723 2201 760 2241 2)
788 2200 851 2233 Ed.
877 2201 1040 2234 Franaet
1066 2203 1140 2243 mg.
1165 2204 1450 2243 repromittit.

123 2249 159 2288 3)
185 2247 255 2279 Sic.
269 2248 377 2279 Rhen.
402 2248 438 2278 in
465 2248 556 2287 ed.1,
585 2247 644 2285 qui
666 2248 782 2278 tamen
807 2248 928 2279 deinde
947 2249 1077 2281 addidit
1102 2259 1154 2280 vv.
1179 2251 1227 2280 ad
1253 2259 1360 2288 eum,
1389 2258 1450 2279 ea-

120 2303 187 2333 que
212 2293 272 2325 alii
295 2297 514 2332 receperunt.
608 2291 646 2336 4)
673 2295 775 2325 Num.
801 2291 854 2333 12,
882 2296 987 2334 quq.
1082 2295 1116 2334 5)
1141 2296 1248 2325 Rhen.
1270 2295 1325 2325 ed.
1351 2296 1378 2324 1.
1403 2294 1451 2324 in

119 2340 419 2380 gloriam—in
443 2341 692 2377 conspectu.
740 2339 802 2370 Ed.
816 2340 918 2371 Fran.
940 2342 1061 2380 etRig.
1086 2341 1126 2370 in
1152 2340 1449 2380 gloriam—in

120 2384 473 2425 conupectumz—
497 2383 638 2425 „Verba
663 2386 994 2418 veroTettulliani:
1019 2388 1054 2417 in
1079 2387 1222 2425 gloriam
1238 2386 1359 2425 ipsius,
1386 2395 1448 2416 ne-

119 2433 200 2462 dum
226 2433 260 2463 in
287 2436 522 2470 conspectum,
549 2431 755 2470 persuadet-e
779 2432 927 2471 possint,
952 2442 1030 2463 eum
1056 2432 1182 2472 legisse
1206 2432 1257 2473 (in
1286 2441 1337 2463 ev.
1351 2433 1448 2462 Mar-

120 2478 230 2509 cionis
256 2481 295 2518 9,
324 2479 393 2517 30.)
421 2473 589 2514 ὀφθέντες
614 2475 661 2512 εἰς
687 2473 794 2512 δόξαν
819 2474 967 2509 αὐτοῦ.“
1014 2478 1101 2517 Aug.
1128 2477 1238 2508 Halm.
1334 2477 1371 2517 6)
1397 2479 1449 2508 lta

120 2524 194 2555 eod.
223 2524 401 2555 Wonweri
430 2526 464 2554 et
488 2523 564 2562 Rig.
598 2523 731 2555 Ceteri:
766 2525 1014 2562 percutere.
1124 2524 1161 2563 Ἰ)
1194 2524 1301 2554 Rhen.
1323 2533 1342 2554 e
1369 2524 1447 2556 cod.

120 2570 223 2600 Gorz.
239 2570 383 2601 addidit:
420 2578 644 2608 quousque
670 2570 901 2600 sustinebo
927 2571 1029 2600 vos.²
1053 2587 1100 2592 —
1124 2571 1205 2600 Luc.
1222 2571 1253 2610 9,
1269 2570 1324 2599 41.
1407 2567 1446 2611 8)

119 2615 226 2646 Rhen.
252 2617 288 2647 in
312 2617 364 2647 ed.
390 2617 414 2647 1.
442 2615 659 2646 creatoris
687 2618 752 2646 est
776 2617 910 2647 totum
943 2616 1069 2656 apud,
1107 2616 1182 2647 sine
1208 2625 1237 2648 v.
1263 2617 1320 2658 te,
1356 2615 1447 2654 quod

120 2662 249 2702 reperit
273 2663 307 2693 in
333 2663 408 2694 cod.
435 2661 626 2693 Gorziensi.
