1604 2800
343 183 954 217 nssnnsunnsscrioxss
980 161 1211 217 (iAnms.
1347 184 1444 222 11!

113 273 197 318 rum
227 275 554 329 constitutumv)
613 274 731 314 Nulla
756 274 804 314 ad
829 274 1057 314 hodiernum
1082 276 1203 315 tribus
1227 275 1277 316 ad
1303 277 1441 318 tribum

112 342 277 388 pectora
302 333 546 380 cecideruut,
572 339 831 385 agnoscentes
857 346 967 384 quem
992 335 1300 385 pupugerunt.2)
1361 334 1443 374 Ne-

115 406 178 432 mo
215 391 341 431 adbuc
378 391 536 442 excepit
572 389 793 437 Heliam,³)
821 403 933 429 nemo
966 389 1091 429 adhuc
1122 391 1222 442 fugit
1257 391 1444 431 antichri-

115 450 284 498 stum,⁴)
310 462 423 488 nemo
454 447 580 487 adbuc
612 446 822 499 Babylonis
853 449 997 487 exitum
1028 448 1145 486 flevit.
1160 450 1199 499 ⁵)
1259 448 1330 487 Est
1354 450 1442 495 iam,

114 509 178 560 qni
202 507 479 553 resurrexerit,
511 506 584 544 nisi
607 505 853 544 haereticus?
910 504 1018 543 Exiit
1041 505 1154 556 plane
1180 506 1254 544 iam
1281 504 1328 544 de
1355 519 1444 545 cor-

113 565 221 617 poris
244 564 444 616 sepulcro,
482 564 598 602 etiam
629 576 729 601 nunc
759 562 931 601 febribus
956 569 996 601 et
1020 562 1215 601 ulceribus
1241 563 1442 610 obnoxius,

113 629 155 661 et
179 621 425 661 conculcavit
449 621 524 660 iam
549 621 738 666 inimicos,
764 621 879 658 etiam
904 632 1005 657 nunc
1030 619 1168 658 luctari
1194 619 1338 659 babens
1358 633 1444 659 cum

113 678 243 718 mundi
267 678 501 731 potentibus.
562 677 613 715 Et
636 678 768 728 utique
794 677 867 714 iam
893 683 1050 727 regnat,
1077 677 1193 715 etiam
1218 690 1318 716 nunc
1345 677 1444 716 Cac-

114 737 195 776 sari
218 749 316 788 quae
341 742 429 774 suut
454 734 634 772 Caesaris
659 732 864 781 debens-⁶)

227 795 298 835 23.
347 791 476 830 Docet
505 789 656 842 quidem
695 790 892 841 apostolus
923 789 1218 828 Colossensibus
1254 790 1442 837 scribens,

112 856 287 889 mortuos
316 849 435 887 fuisse
466 860 537 886 nos
568 845 774 898 anquando
806 846 996 885 alienatos
1028 853 1068 885 et
1097 848 1274 886 inimicos
1310 861 1444 887 sensus

112 906 278 953 domiui,
305 918 390 945 cum
415 906 454 944 in
480 904 661 957 operibus
684 904 861 956 pessimis
886 904 1112 955 agebamus,
1140 903 1279 944 dehine
1307 918 1445 944 couse-

113 964 243 1018 pultos
267 962 423 1002 Christo
449 963 488 1000 in
512 962 764 1014 baptismate,
802 968 843 999 et
875 963 1198 1000 corresuscitatos
1229 963 1269 1000 in
1301 975 1348 1000 eo
1374 975 1446 1014 per

114 1020 229 1062 fidem
254 1020 451 1061 efficaciae
478 1018 554 1066 dei,
581 1020 644 1071 qui
668 1019 773 1057 illum
798 1019 994 1057 suscitarit
1018 1031 1041 1056 a
1066 1020 1238 1057 mortuis.
1287 1018 1339 1057 Et
1362 1033 1443 1065 vos,

112 1092 201 1119 cum
225 1080 367 1118 mortui
392 1078 529 1117 essetis
554 1078 593 1115 in
623 1075 777 1114 delictis
809 1082 850 1114 et
879 1076 1188 1127 praeputiatione
1221 1077 1348 1115 carnis
1378 1089 1445 1114 ve-

114 1144 237 1183 strae,
272 1136 484 1174 vivificavit
507 1147 592 1172 cum
623 1146 692 1179 eo,
730 1131 882 1170 donatis
919 1132 1030 1170 vobis
1068 1133 1241 1171 omnibus
1277 1132 1444 1172 delictis.

113 1192 166 1231 Et
189 1205 339 1231 rursus:
372 1192 404 1230 si
430 1204 515 1230 cum
542 1190 696 1228 Christo
722 1190 862 1227 mortui
887 1190 979 1228 estis
1004 1189 1052 1227 ab
1078 1190 1278 1228 elementis
1303 1188 1444 1237 mundi,

118 1248 311 1303 quomodo
338 1247 488 1301 quidam
522 1248 630 1299 quasi
658 1247 833 1285 viventes
863 1247 903 1284 in
932 1245 1074 1285 mundo
1107 1247 1335 1286 seutentiam
1366 1248 1447 1286 fer-

115 1308 243 1355 tisv)
304 1304 384 1344 Sed
410 1319 495 1344 cum
520 1305 574 1343 ita
599 1317 670 1342 nos
696 1311 867 1342 mortuos
892 1304 1012 1342 faciat
1036 1305 1279 1355 spiritaliter,
1316 1311 1358 1342 nt
1388 1311 1447 1342 ta-

115 1377 204 1404 men
230 1371 271 1403 et
295 1362 556 1415 corporaliter
581 1360 810 1413 quandoque
835 1362 1044 1399 morituros
1069 1368 1276 1412 agnoscat,
1315 1363 1445 1413 utique

116 1429 157 1461 ct
180 1421 433 1460 resuscitatos
456 1417 620 1471 proinde
645 1418 872 1470 spiritaliter
896 1416 1103 1469 deputans,
1129 1431 1251 1470 aeque
1277 1432 1354 1456 non
1379 1431 1447 1457 ne-

116 1485 186 1532 gat
214 1479 331 1517 etiam
363 1476 624 1528 corporaliter
653 1481 957 1514 resurrecturos.
1018 1474 1213 1527 Denique,
1250 1476 1282 1514 si
1318 1488 1447 1514 resur-

114 1537 284 1582 rexistis,
310 1535 445 1586 inquit,
472 1547 556 1572 cum
583 1532 750 1579 Christo,
778 1545 826 1571 ea
851 1545 948 1584 quae
975 1546 1122 1571 sursum
1147 1540 1234 1571 suut
1259 1534 1445 1585 quaerite,

115 1593 182 1633 ubi
206 1600 268 1633 est
291 1592 466 1631 Christus
490 1592 528 1629 in
555 1589 718 1629 dextera
743 1588 806 1628 dei
837 1589 1032 1636 residens,
1070 1604 1137 1636 ea,
1176 1603 1274 1642 quae
1300 1604 1446 1628 sursum

117 1657 217 1698 suut,
243 1651 387 1702 sapite,
418 1662 495 1686 non
521 1661 618 1699 quae
645 1646 837 1685 deorsum.
852 1648 892 1696 ⁸)
953 1646 1012 1683 lta
1036 1648 1164 1685 animo
1191 1646 1360 1686 ostendit
1384 1660 1447 1685 re-

117 1720 293 1759 surgere,
322 1719 396 1757 quo
422 1705 507 1742 solo
532 1703 658 1742 adhuc
683 1716 883 1754 possumus
902 1703 1089 1741 coelestia
1108 1705 1315 1755 attingere.
1341 1704 1446 1751 Quae

118 1777 196 1802 non
221 1774 515 1815 quaereremus,
542 1773 615 1798 nec
642 1772 876 1810 saperemus,
902 1760 934 1796 si
959 1759 1257 1810 possideremus.
1320 1759 1448 1798 Subii-

120 1821 175 1860 cit
205 1821 339 1859 etiam:
378 1817 519 1855 mortui
551 1817 652 1854 enim
684 1816 796 1862 estis,
834 1816 987 1854 scilicet
1012 1815 1183 1864 delictis,
1221 1830 1299 1855 non
1323 1817 1446 1863 nobis,

119 1876 189 1917 sed
225 1877 305 1915 vita
341 1881 470 1913 vestra
483 1874 522 1921 ⁹)
554 1871 782 1911 abscondita
814 1880 874 1912 est
904 1886 988 1911 cum
1020 1873 1175 1913 Christo
1206 1875 1245 1912 in
1276 1873 1446 1923 deo.¹⁰)

120 1933 302 1974 Nondum
334 1945 430 1984 ergo
462 1930 706 1982 apprehensa
736 1937 813 1977 est,
853 1943 950 1982 quae
988 1930 1216 1970 abscondita
1246 1938 1318 1970 est.
1381 1929 1447 1970 Sic

122 1999 164 2032 et
188 1991 371 2031 Ioannes:
387 1991 401 2016 ¹
416 1990 452 2037 1)
481 1995 520 2027 et
545 1986 729 2034 noudum,
755 1989 829 2034 ait,
855 1988 1138 2027 manifestatum
1163 1995 1242 2036 est,
1273 1987 1364 2041 quid
1389 1989 1447 2027 fu·
1500 2038 1504 2040 -

118 2050 197 2088 turi
220 2050 355 2095 simus3
381 2047 540 2091 seimus,
567 2046 673 2096 quia,
698 2045 731 2083 si
755 2045 1069 2093 manifestaverit,
1094 2047 1239 2085 similes
1263 2047 1346 2085 cius
1371 2047 1448 2085 eri-

120 2106 291 2152 mus.¹²)
352 2104 477 2143 Tanto
503 2102 631 2149 abest,
669 2109 711 2140 ut
734 2103 850 2141 simus
874 2103 967 2150 iam,
1007 2102 1109 2156 quod
1133 2106 1343 2151 nescimus,
1374 2104 1448 2142 uti-

122 2175 196 2216 que
223 2162 376 2208 scituri,
414 2161 447 2199 si
477 2161 552 2198 iam
583 2171 766 2199 essemus.
825 2159 938 2199 Adeo
971 2162 1245 2214 contemplatio
1276 2168 1336 2200 est
1366 2161 1448 2212 spei

215 2301 253 2340 1)
277 2300 354 2330 Act.
366 2299 485 2339 Apo-t.
496 2299 528 2337 1,
544 2298 597 2328 11.
691 2298 728 2339 2)
754 2299 857 2330 Zaeh.
870 2301 925 2339 12,
940 2301 995 2332 10.
1019 2301 1069 2332 ιο.
1084 2301 1140 2339 19,
1156 2301 1211 2330 37.
1308 2295 1347 2341 3)
1371 2299 1448 2329 Μι-

102 2372 108 2385 .
124 2346 235 2378 leach.
248 2347 280 2384 4,
295 2347 326 2376 5.
420 2345 458 2384 4)
486 2346 505 2374 1
519 2344 568 2374 Io.
580 2345 613 2382 4,
634 2344 665 2374 3.
712 2343 820 2384 Apoc.
835 2347 890 2386 12,
905 2348 936 2376 6.
1032 2344 1070 2387 5)
1095 2344 1202 2385 Apoc.
1218 2345 1273 2384 18,
1287 2345 1319 2374 2.
1412 2346 1448 2378 6)

122 2392 246 2424 unuh.
266 2392 320 2430 22,
342 2392 396 2420 21.
492 2390 529 2429 τ)
555 2389 627 2420 col.
643 2390 675 2430 2,
694 2391 738 2420 12
751 2399 799 2429 sq.
813 2392 867 2423 20.
962 2393 999 2431 8)
1025 2391 1096 2422 eol.
1111 2392 1143 2430 3,
1159 2392 1176 2420 1
1192 2399 1241 2429 aq.
1334 2391 1373 2430 9)
1396 2392 1450 2421 lta

122 2438 252 2476 Rben.;
277 2436 458 2468 Gelenius:
483 2435 573 2467 vita
603 2439 770 2475 τιθείης
796 2437 848 2468 ed.
873 2437 986 2478 Fran,
1002 2439 1038 2468 et
1062 2437 1134 2476 Rig.
1159 2446 1241 2467 nou
1266 2436 1386 2467 vobin
1408 2440 1450 2467 et

122 2483 214 2516 vita
237 2485 382 2515 veutra
406 2484 472 2513 etc.
567 2479 627 2521 10)
653 2482 725 2513 Col.
745 2484 776 2522 3,
800 2484 832 2513 3.
938 2484 997 2522 11)
1022 2485 1069 2514 10.
1090 2484 1123 2521 3,
1145 2484 1200 2513 11.
1303 2480 1364 2524 12)
1389 2482 1449 2514 Sic

124 2529 178 2561 ed.
199 2529 305 2560 Fran.
331 2532 367 2561 et
390 2529 482 2569 Rig.;
518 2527 627 2559 Rhea.
658 2528 756 2567 quid
786 2528 927 2560 futuri
957 2537 1120 2568 numus3
1147 2546 1187 2552 -
1221 2527 1387 2559 similes
1411 2528 1450 2559 ci

125 2575 294 2607 erimus.
