<?xml version="1.0" encoding="UTF-8"?>
<!DOCTYPE html PUBLIC "-//W3C//DTD XHTML 1.0 Transitional//EN"
    "http://www.w3.org/TR/xhtml1/DTD/xhtml1-transitional.dtd">
<html xmlns="http://www.w3.org/1999/xhtml" xml:lang="en" lang="en">
 <head>
  <title>
</title>
<meta http-equiv="Content-Type" content="text/html;charset=utf-8" />
  <meta name='ocr-system' content='tesseract 3.04.00' />
  <meta name='ocr-capabilities' content='ocr_page ocr_carea ocr_par ocr_line ocrx_word'/>
</head>
<body>
  <div class='ocr_page' id='page_1' title='image "./operatert34tertuoft_0036.png"; bbox 0 0 1566 2808; ppageno 0'>
   <div class='ocr_carea' id='block_1_1' title="bbox 157 193 1344 232">
    <p class='ocr_par' dir='ltr' id='par_1_1' title="bbox 157 193 1344 232">
     <span class='ocr_line' id='line_1_1' title="bbox 157 193 1344 232; baseline -0.003 -5"><span class='ocrx_word' id='word_1_1' title='bbox 157 194 229 232; x_wconf 56' lang='grc' dir='ltr'><strong>ΕΒ</strong></span> <span class='ocrx_word' id='word_1_2' title='bbox 309 196 384 227; x_wconf 88' lang='lat' dir='ltr'><strong>DE</strong></span> <span class='ocrx_word' id='word_1_3' title='bbox 418 193 1058 228; x_wconf 79' lang='lat' dir='ltr'><strong>PRAESCRIPTIONIBUS</strong></span> <span class='ocrx_word' id='word_1_4' title='bbox 1094 193 1344 231; x_wconf 74' lang='lat' dir='ltr'><strong>HAERET.</strong></span> 
     </span>
    </p>
   </div>
   <div class='ocr_carea' id='block_1_2' title="bbox 140 284 1513 2175">
    <p class='ocr_par' dir='ltr' id='par_1_2' title="bbox 160 284 1513 1200">
     <span class='ocr_line' id='line_1_2' title="bbox 276 284 1488 334; baseline -0.002 -6"><span class='ocrx_word' id='word_1_5' title='bbox 276 292 343 330; x_wconf 86' lang='lat'><strong>37.</strong></span> <span class='ocrx_word' id='word_1_6' title='bbox 395 286 437 326; x_wconf 91' lang='lat' dir='ltr'><strong>Si</strong></span> <span class='ocrx_word' id='word_1_7' title='bbox 461 287 559 326; x_wconf 88' lang='lat' dir='ltr'><strong>haec</strong></span> <span class='ocrx_word' id='word_1_8' title='bbox 585 288 640 325; x_wconf 86' lang='lat' dir='ltr'><strong>ita</strong></span> <span class='ocrx_word' id='word_1_9' title='bbox 664 299 705 325; x_wconf 91' lang='lat' dir='ltr'><strong>se</strong></span> <span class='ocrx_word' id='word_1_10' title='bbox 731 285 892 334; x_wconf 78' lang='lat' dir='ltr'><strong>liabent,</strong></span> <span class='ocrx_word' id='word_1_11' title='bbox 918 293 961 324; x_wconf 92' lang='lat' dir='ltr'><strong>ut</strong></span> <span class='ocrx_word' id='word_1_12' title='bbox 982 286 1127 326; x_wconf 87' lang='lat' dir='ltr'><strong>veritas</strong></span> <span class='ocrx_word' id='word_1_13' title='bbox 1152 285 1262 324; x_wconf 90' lang='lat' dir='ltr'><strong>nobis</strong></span> <span class='ocrx_word' id='word_1_14' title='bbox 1288 284 1488 326; x_wconf 85' lang='lat' dir='ltr'><strong>adiudice-</strong></span> 
     </span>
     <span class='ocr_line' id='line_1_3' title="bbox 160 342 1487 397; baseline -0.002 -12"><span class='ocrx_word' id='word_1_15' title='bbox 160 354 240 394; x_wconf 88' lang='lat' dir='ltr'><strong>tur,</strong></span> <span class='ocrx_word' id='word_1_16' title='bbox 281 345 494 397; x_wconf 87' lang='lat' dir='ltr'><strong>quicunque</strong></span> <span class='ocrx_word' id='word_1_17' title='bbox 526 345 565 383; x_wconf 92' lang='lat' dir='ltr'><strong>in</strong></span> <span class='ocrx_word' id='word_1_18' title='bbox 597 357 644 382; x_wconf 88' lang='lat' dir='ltr'><strong>ea</strong></span> <span class='ocrx_word' id='word_1_19' title='bbox 672 344 809 395; x_wconf 85' lang='lat' dir='ltr'><strong>regula</strong></span> <span class='ocrx_word' id='word_1_20' title='bbox 839 343 1069 390; x_wconf 79' lang='lat' dir='ltr'><strong>incedimus,</strong></span> <span class='ocrx_word' id='word_1_21' title='bbox 1109 357 1219 395; x_wconf 86' lang='lat' dir='ltr'><strong>quam</strong></span> <span class='ocrx_word' id='word_1_22' title='bbox 1245 343 1415 383; x_wconf 87' lang='lat' dir='ltr'><strong>ecclesia</strong></span> <span class='ocrx_word' id='word_1_23' title='bbox 1439 342 1487 382; x_wconf 77' lang='lat' dir='ltr'><strong>ab</strong></span> 
     </span>
     <span class='ocr_line' id='line_1_4' title="bbox 161 400 1490 456; baseline -0.002 -13"><span class='ocrx_word' id='word_1_24' title='bbox 161 403 366 456; x_wconf 90' lang='lat' dir='ltr'><strong>apostolis,</strong></span> <span class='ocrx_word' id='word_1_25' title='bbox 393 402 559 454; x_wconf 88' lang='lat' dir='ltr'><strong>apostoli</strong></span> <span class='ocrx_word' id='word_1_26' title='bbox 585 414 608 439; x_wconf 88' lang='lat' dir='ltr'><strong>a</strong></span> <span class='ocrx_word' id='word_1_27' title='bbox 634 400 808 447; x_wconf 89' lang='lat' dir='ltr'><strong>Christo,</strong></span> <span class='ocrx_word' id='word_1_28' title='bbox 842 401 1016 440; x_wconf 82' lang='lat' dir='ltr'><strong>Christus</strong></span> <span class='ocrx_word' id='word_1_29' title='bbox 1041 414 1063 440; x_wconf 88' lang='lat' dir='ltr'><strong>a</strong></span> <span class='ocrx_word' id='word_1_30' title='bbox 1090 400 1164 440; x_wconf 87' lang='lat' dir='ltr'><strong>deo</strong></span> <span class='ocrx_word' id='word_1_31' title='bbox 1189 400 1368 449; x_wconf 81' lang='lat' dir='ltr'>tradidit,</span> <span class='ocrx_word' id='word_1_32' title='bbox 1395 414 1490 440; x_wconf 90' lang='lat' dir='ltr'><strong>con-</strong></span> 
     </span>
     <span class='ocr_line' id='line_1_5' title="bbox 162 457 1513 511; baseline -0.001 -12"><span class='ocrx_word' id='word_1_33' title='bbox 162 468 238 499; x_wconf 89' lang='lat' dir='ltr'><strong>stat</strong></span> <span class='ocrx_word' id='word_1_34' title='bbox 273 460 373 499; x_wconf 86' lang='lat' dir='ltr'><strong>ratio</strong></span> <span class='ocrx_word' id='word_1_35' title='bbox 405 459 595 511; x_wconf 84' lang='lat' dir='ltr'>propositi</span> <span class='ocrx_word' id='word_1_36' title='bbox 626 459 748 497; x_wconf 81' lang='lat' dir='ltr'>nostri</span> <span class='ocrx_word' id='word_1_37' title='bbox 781 457 1018 506; x_wconf 86' lang='lat' dir='ltr'><strong>definientis,</strong></span> <span class='ocrx_word' id='word_1_38' title='bbox 1057 472 1133 497; x_wconf 90' lang='lat' dir='ltr'><strong>non</strong></span> <span class='ocrx_word' id='word_1_39' title='bbox 1166 472 1251 498; x_wconf 90' lang='lat' dir='ltr'><strong>esse</strong></span> <span class='ocrx_word' id='word_1_40' title='bbox 1284 458 1513 498; x_wconf 59' lang='lat' dir='ltr'><strong>admittenv</strong></span> 
     </span>
     <span class='ocr_line' id='line_1_6' title="bbox 162 514 1488 568; baseline -0.002 -12"><span class='ocrx_word' id='word_1_41' title='bbox 162 518 232 556; x_wconf 92' lang='lat' dir='ltr'><strong>dos</strong></span> <span class='ocrx_word' id='word_1_42' title='bbox 270 517 492 556; x_wconf 88' lang='lat' dir='ltr'><strong>haereticos</strong></span> <span class='ocrx_word' id='word_1_43' title='bbox 529 514 578 554; x_wconf 86' lang='lat' dir='ltr'><strong>ad</strong></span> <span class='ocrx_word' id='word_1_44' title='bbox 615 515 819 554; x_wconf 82' lang='lat' dir='ltr'><strong>ineundam</strong></span> <span class='ocrx_word' id='word_1_45' title='bbox 852 515 900 554; x_wconf 88' lang='lat' dir='ltr'><strong>de</strong></span> <span class='ocrx_word' id='word_1_46' title='bbox 927 517 1128 568; x_wconf 86' lang='lat' dir='ltr'><strong>scripturis</strong></span> <span class='ocrx_word' id='word_1_47' title='bbox 1154 517 1488 568; x_wconf 86' lang='lat' dir='ltr'><strong>provocationem,</strong></span> 
     </span>
     <span class='ocr_line' id='line_1_7' title="bbox 163 570 1489 628; baseline -0.001 -15"><span class='ocrx_word' id='word_1_48' title='bbox 163 588 258 628; x_wconf 90' lang='lat' dir='ltr'><strong>quos</strong></span> <span class='ocrx_word' id='word_1_49' title='bbox 284 576 365 613; x_wconf 91' lang='lat' dir='ltr'><strong>sine</strong></span> <span class='ocrx_word' id='word_1_50' title='bbox 392 574 592 625; x_wconf 88' lang='lat' dir='ltr'><strong>scripturis</strong></span> <span class='ocrx_word' id='word_1_51' title='bbox 622 574 828 625; x_wconf 84' lang='lat' dir='ltr'><strong>probamus</strong></span> <span class='ocrx_word' id='word_1_52' title='bbox 860 570 908 611; x_wconf 78' lang='lat' dir='ltr'><strong>ad</strong></span> <span class='ocrx_word' id='word_1_53' title='bbox 941 574 1151 625; x_wconf 72' lang='lat' dir='ltr'><strong>Scripturas</strong></span> <span class='ocrx_word' id='word_1_54' title='bbox 1177 587 1253 611; x_wconf 91' lang='lat' dir='ltr'><strong>non</strong></span> <span class='ocrx_word' id='word_1_55' title='bbox 1278 575 1489 626; x_wconf 88' lang='lat' dir='ltr'><strong>pertinere.</strong></span> 
     </span>
     <span class='ocr_line' id='line_1_8' title="bbox 164 630 1491 683; baseline -0.002 -11"><span class='ocrx_word' id='word_1_56' title='bbox 164 633 207 671; x_wconf 92' lang='lat' dir='ltr'><strong>Si</strong></span> <span class='ocrx_word' id='word_1_57' title='bbox 233 633 334 672; x_wconf 89' lang='lat' dir='ltr'><strong>enim</strong></span> <span class='ocrx_word' id='word_1_58' title='bbox 364 632 554 670; x_wconf 87' lang='lat' dir='ltr'><strong>haeretici</strong></span> <span class='ocrx_word' id='word_1_59' title='bbox 586 637 690 677; x_wconf 84' lang='lat' dir='ltr'><strong>sunt,</strong></span> <span class='ocrx_word' id='word_1_60' title='bbox 730 630 938 668; x_wconf 79' lang='lat' dir='ltr'><strong>Christiani</strong></span> <span class='ocrx_word' id='word_1_61' title='bbox 970 644 1055 668; x_wconf 90' lang='lat' dir='ltr'><strong>esse</strong></span> <span class='ocrx_word' id='word_1_62' title='bbox 1089 644 1165 668; x_wconf 92' lang='lat' dir='ltr'><strong>non</strong></span> <span class='ocrx_word' id='word_1_63' title='bbox 1197 638 1375 683; x_wconf 86' lang='lat' dir='ltr'><strong>possunt,</strong></span> <span class='ocrx_word' id='word_1_64' title='bbox 1414 644 1491 669; x_wconf 88' lang='lat' dir='ltr'><strong>non</strong></span> 
     </span>
     <span class='ocr_line' id='line_1_9' title="bbox 163 687 1493 740; baseline -0.002 -11"><span class='ocrx_word' id='word_1_65' title='bbox 163 703 186 729; x_wconf 88' lang='lat' dir='ltr'><strong>a</strong></span> <span class='ocrx_word' id='word_1_66' title='bbox 212 690 366 728; x_wconf 89' lang='lat' dir='ltr'><strong>Christo</strong></span> <span class='ocrx_word' id='word_1_67' title='bbox 393 687 590 735; x_wconf 80' lang='lat' dir='ltr'><strong>habende,</strong></span> <span class='ocrx_word' id='word_1_68' title='bbox 630 687 731 740; x_wconf 90' lang='lat' dir='ltr'><strong>quod</strong></span> <span class='ocrx_word' id='word_1_69' title='bbox 758 687 805 726; x_wconf 91' lang='lat' dir='ltr'><strong>de</strong></span> <span class='ocrx_word' id='word_1_70' title='bbox 838 701 906 726; x_wconf 88' lang='lat' dir='ltr'><strong>sua</strong></span> <span class='ocrx_word' id='word_1_71' title='bbox 931 687 1125 726; x_wconf 82' lang='lat' dir='ltr'><strong>electione</strong></span> <span class='ocrx_word' id='word_1_72' title='bbox 1159 689 1296 726; x_wconf 88' lang='lat' dir='ltr'><strong>sectati</strong></span> <span class='ocrx_word' id='word_1_73' title='bbox 1322 688 1493 727; x_wconf 87' lang='lat' dir='ltr'><strong>haereti-</strong></span> 
     </span>
     <span class='ocr_line' id='line_1_10' title="bbox 165 744 1494 798; baseline -0.002 -11"><span class='ocrx_word' id='word_1_74' title='bbox 165 761 296 787; x_wconf 88' lang='lat' dir='ltr'><strong>corum</strong></span> <span class='ocrx_word' id='word_1_75' title='bbox 327 747 482 784; x_wconf 85' lang='lat' dir='ltr'><strong>nomina</strong></span> <span class='ocrx_word' id='word_1_76' title='bbox 518 744 734 785; x_wconf 80' lang='lat' dir='ltr'><strong>admittunt.</strong></span> <span class='ocrx_word' id='word_1_77' title='bbox 803 744 862 783; x_wconf 90' lang='lat' dir='ltr'><strong>Ita</strong></span> <span class='ocrx_word' id='word_1_78' title='bbox 898 759 974 783; x_wconf 92' lang='lat' dir='ltr'><strong>non</strong></span> <span class='ocrx_word' id='word_1_79' title='bbox 1007 744 1217 783; x_wconf 81' lang='lat' dir='ltr'><strong>Christiani</strong></span> <span class='ocrx_word' id='word_1_80' title='bbox 1254 746 1395 798; x_wconf 90' lang='lat' dir='ltr'><strong>nullum</strong></span> <span class='ocrx_word' id='word_1_81' title='bbox 1434 747 1494 784; x_wconf 86' lang='lat' dir='ltr'><strong>ius</strong></span> 
     </span>
     <span class='ocr_line' id='line_1_11' title="bbox 165 790 1492 857; baseline -0.002 -14"><span class='ocrx_word' id='word_1_82' title='bbox 165 806 320 857; x_wconf 90' lang='lat' dir='ltr'><strong>capiunt</strong></span> <span class='ocrx_word' id='word_1_83' title='bbox 346 803 647 842; x_wconf 88' lang='lat' dir='ltr'><strong>Christianarum</strong></span> <span class='ocrx_word' id='word_1_84' title='bbox 674 804 890 850; x_wconf 87' lang='lat' dir='ltr'><strong>literarum,</strong></span> <span class='ocrx_word' id='word_1_85' title='bbox 924 801 971 841; x_wconf 89' lang='lat' dir='ltr'><strong>ad</strong></span> <span class='ocrx_word' id='word_1_86' title='bbox 1003 816 1098 854; x_wconf 90' lang='lat' dir='ltr'><strong>quos</strong></span> <span class='ocrx_word' id='word_1_87' title='bbox 1124 790 1262 841; x_wconf 77' lang='lat' dir='ltr'><strong>merito</strong></span> <span class='ocrx_word' id='word_1_88' title='bbox 1289 801 1492 842; x_wconf 87' lang='lat' dir='ltr'><strong>dicendum</strong></span> 
     </span>
     <span class='ocr_line' id='line_1_12' title="bbox 164 859 1492 914; baseline -0.002 -13"><span class='ocrx_word' id='word_1_89' title='bbox 164 869 242 901; x_wconf 85' lang='lat' dir='ltr'><strong>est:</strong></span> <span class='ocrx_word' id='word_1_90' title='bbox 271 863 333 914; x_wconf 90' lang='lat' dir='ltr'><strong>qui</strong></span> <span class='ocrx_word' id='word_1_91' title='bbox 359 862 476 900; x_wconf 81' lang='lat' dir='ltr'><strong>estis?</strong></span> <span class='ocrx_word' id='word_1_92' title='bbox 507 860 676 913; x_wconf 92' lang='lat' dir='ltr'><strong>quando,</strong></span> <span class='ocrx_word' id='word_1_93' title='bbox 710 868 750 899; x_wconf 89' lang='lat' dir='ltr'><strong>ct</strong></span> <span class='ocrx_word' id='word_1_94' title='bbox 774 859 875 899; x_wconf 90' lang='lat' dir='ltr'><strong>unde</strong></span> <span class='ocrx_word' id='word_1_95' title='bbox 900 861 1086 898; x_wconf 84' lang='lat' dir='ltr'><strong>venistis?</strong></span> <span class='ocrx_word' id='word_1_96' title='bbox 1116 859 1206 912; x_wconf 86' lang='lat' dir='ltr'><strong>quid</strong></span> <span class='ocrx_word' id='word_1_97' title='bbox 1231 861 1269 898; x_wconf 91' lang='lat' dir='ltr'><strong>in</strong></span> <span class='ocrx_word' id='word_1_98' title='bbox 1295 873 1381 899; x_wconf 83' lang='lat' dir='ltr'><strong>meo</strong></span> <span class='ocrx_word' id='word_1_99' title='bbox 1408 861 1492 912; x_wconf 80' lang='lat' dir='ltr'><strong>agi·-</strong></span> 
     </span>
     <span class='ocr_line' id='line_1_13' title="bbox 163 917 1492 970; baseline -0.002 -12"><span class='ocrx_word' id='word_1_100' title='bbox 163 921 231 967; x_wconf 90' lang='lat' dir='ltr'><strong>tis‚</strong></span> <span class='ocrx_word' id='word_1_101' title='bbox 271 933 348 957; x_wconf 93' lang='lat' dir='ltr'><strong>non</strong></span> <span class='ocrx_word' id='word_1_102' title='bbox 379 919 480 957; x_wconf 78' lang='lat' dir='ltr'><strong>mei?</strong></span> <span class='ocrx_word' id='word_1_103' title='bbox 518 931 591 970; x_wconf 90' lang='lat' dir='ltr'><strong>quo</strong></span> <span class='ocrx_word' id='word_1_104' title='bbox 627 917 810 970; x_wconf 88' lang='lat' dir='ltr'><strong>denique,</strong></span> <span class='ocrx_word' id='word_1_105' title='bbox 848 917 1045 964; x_wconf 84' lang='lat' dir='ltr'><strong>Marcion,</strong></span> <span class='ocrx_word' id='word_1_106' title='bbox 1083 918 1167 956; x_wconf 88' lang='lat' dir='ltr'><strong>iure</strong></span> <span class='ocrx_word' id='word_1_107' title='bbox 1206 917 1338 956; x_wconf 85' lang='lat' dir='ltr'><strong>silvam</strong></span> <span class='ocrx_word' id='word_1_108' title='bbox 1370 930 1492 956; x_wconf 88' lang='lat' dir='ltr'><strong>meam</strong></span> 
     </span>
     <span class='ocr_line' id='line_1_14' title="bbox 165 975 1496 1028; baseline -0.002 -12"><span class='ocrx_word' id='word_1_109' title='bbox 165 976 321 1016; x_wconf 87' lang='lat' dir='ltr'><strong>caedis?</strong></span> <span class='ocrx_word' id='word_1_110' title='bbox 358 990 429 1028; x_wconf 85' lang='lat' dir='ltr'><strong>qua</strong></span> <span class='ocrx_word' id='word_1_111' title='bbox 456 976 631 1023; x_wconf 90' lang='lat' dir='ltr'><strong>licentia,</strong></span> <span class='ocrx_word' id='word_1_112' title='bbox 669 975 896 1022; x_wconf 85' lang='lat' dir='ltr'><strong>Valentine,</strong></span> <span class='ocrx_word' id='word_1_113' title='bbox 934 975 1062 1014; x_wconf 88' lang='lat' dir='ltr'><strong>fontes</strong></span> <span class='ocrx_word' id='word_1_114' title='bbox 1100 988 1206 1014; x_wconf 90' lang='lat' dir='ltr'><strong>meos</strong></span> <span class='ocrx_word' id='word_1_115' title='bbox 1243 976 1496 1015; x_wconf 79' lang='lat' dir='ltr'><strong>transvertis?</strong></span> 
     </span>
     <span class='ocr_line' id='line_1_15' title="bbox 165 1032 1492 1087; baseline -0.002 -14"><span class='ocrx_word' id='word_1_116' title='bbox 165 1048 238 1086; x_wconf 90' lang='lat' dir='ltr'><strong>qua</strong></span> <span class='ocrx_word' id='word_1_117' title='bbox 258 1041 464 1087; x_wconf 80' lang='lat' dir='ltr'><strong>potestate,</strong></span> <span class='ocrx_word' id='word_1_118' title='bbox 491 1032 663 1085; x_wconf 86' lang='lat' dir='ltr'><strong>Apelles,</strong></span> <span class='ocrx_word' id='word_1_119' title='bbox 691 1034 830 1073; x_wconf 87' lang='lat' dir='ltr'><strong>limites</strong></span> <span class='ocrx_word' id='word_1_120' title='bbox 850 1046 956 1071; x_wconf 89' lang='lat' dir='ltr'><strong>meos</strong></span> <span class='ocrx_word' id='word_1_121' title='bbox 980 1034 1272 1082; x_wconf 67' lang='lat' dir='ltr'><strong>commovcs?1,)</strong></span> <span class='ocrx_word' id='word_1_122' title='bbox 1301 1032 1394 1085; x_wconf 85' lang='lat' dir='ltr'><strong>quid·</strong></span> <span class='ocrx_word' id='word_1_123' title='bbox 1415 1033 1492 1080; x_wconf 85' lang='lat' dir='ltr'><strong>hic,</strong></span> 
     </span>
     <span class='ocr_line' id='line_1_16' title="bbox 165 1090 1495 1142; baseline -0.002 -12"><span class='ocrx_word' id='word_1_124' title='bbox 165 1093 308 1138; x_wconf 86' lang='lat' dir='ltr'><strong>ceteri,</strong></span> <span class='ocrx_word' id='word_1_125' title='bbox 335 1091 384 1129; x_wconf 91' lang='lat' dir='ltr'><strong>ad</strong></span> <span class='ocrx_word' id='word_1_126' title='bbox 408 1091 645 1129; x_wconf 88' lang='lat' dir='ltr'><strong>voluntatem</strong></span> <span class='ocrx_word' id='word_1_127' title='bbox 674 1098 842 1129; x_wconf 89' lang='lat' dir='ltr'><strong>vestram</strong></span> <span class='ocrx_word' id='word_1_128' title='bbox 874 1091 1072 1129; x_wconf 86' lang='lat' dir='ltr'><strong>seminatis</strong></span> <span class='ocrx_word' id='word_1_129' title='bbox 1098 1098 1138 1129; x_wconf 89' lang='lat' dir='ltr'><strong>et</strong></span> <span class='ocrx_word' id='word_1_130' title='bbox 1162 1091 1365 1142; x_wconf 82' lang='lat' dir='ltr'><strong>pascitis?-</strong></span> <span class='ocrx_word' id='word_1_131' title='bbox 1404 1090 1495 1129; x_wconf 90' lang='lat' dir='ltr'><strong>Mea</strong></span> 
     </span>
     <span class='ocr_line' id='line_1_17' title="bbox 163 1147 1494 1200; baseline 0 -14"><span class='ocrx_word' id='word_1_132' title='bbox 163 1156 224 1187; x_wconf 91' lang='lat' dir='ltr'><strong>est</strong></span> <span class='ocrx_word' id='word_1_133' title='bbox 254 1149 468 1200; x_wconf 85' lang='lat' dir='ltr'><strong>possessio,</strong></span> <span class='ocrx_word' id='word_1_134' title='bbox 508 1149 601 1185; x_wconf 70' lang='lat' dir='ltr'><strong>olim‘</strong></span> <span class='ocrx_word' id='word_1_135' title='bbox 629 1147 810 1199; x_wconf 87' lang='lat' dir='ltr'><strong>possideo</strong></span> <span class='ocrx_word' id='word_1_136' title='bbox 824 1147 878 1198; x_wconf 83' lang='lat'><strong>2),</strong></span> <span class='ocrx_word' id='word_1_137' title='bbox 917 1148 1044 1186; x_wconf 90' lang='lat' dir='ltr'><strong>habeo</strong></span> <span class='ocrx_word' id='word_1_138' title='bbox 1077 1148 1248 1198; x_wconf 84' lang='lat' dir='ltr'><strong>origines</strong></span> <span class='ocrx_word' id='word_1_139' title='bbox 1286 1147 1413 1187; x_wconf 87' lang='lat' dir='ltr'><strong>firmas</strong></span> <span class='ocrx_word' id='word_1_140' title='bbox 1446 1147 1494 1186; x_wconf 89' lang='lat' dir='ltr'><strong>ab</strong></span> 
     </span>
    </p>

    <p class='ocr_par' dir='ltr' id='par_1_3' title="bbox 140 1200 1498 1601">
     <span class='ocr_line' id='line_1_18' title="bbox 140 1200 1496 1258; baseline 0 -14"><span class='ocrx_word' id='word_1_141' title='bbox 140 1200 257 1257; x_wconf 54' lang='lat' dir='ltr'><strong>&#39;ipsis</strong></span> <span class='ocrx_word' id='word_1_142' title='bbox 283 1205 518 1252; x_wconf 87' lang='lat' dir='ltr'><strong>auctoribus,</strong></span> <span class='ocrx_word' id='word_1_143' title='bbox 546 1214 706 1256; x_wconf 85' lang='lat' dir='ltr'><strong>quorum</strong></span> <span class='ocrx_word' id='word_1_144' title='bbox 731 1205 803 1242; x_wconf 86' lang='lat' dir='ltr'><strong>fuit</strong></span> <span class='ocrx_word' id='word_1_145' title='bbox 826 1218 902 1243; x_wconf 78' lang='lat' dir='ltr'><strong>res·</strong></span> <span class='ocrx_word' id='word_1_146' title='bbox 953 1204 1039 1256; x_wconf 83' lang='lat' dir='ltr'><strong>Ego</strong></span> <span class='ocrx_word' id='word_1_147' title='bbox 1066 1218 1146 1243; x_wconf 91' lang='lat' dir='ltr'><strong>sum</strong></span> <span class='ocrx_word' id='word_1_148' title='bbox 1171 1205 1311 1248; x_wconf 80' lang='lat' dir='ltr'><strong>haeres</strong></span> <span class='ocrx_word' id='word_1_149' title='bbox 1337 1212 1496 1258; x_wconf 90' lang='lat' dir='ltr'><strong>aposto-</strong></span> 
     </span>
     <span class='ocr_line' id='line_1_19' title="bbox 164 1261 1496 1309; baseline 0.002 -9"><span class='ocrx_word' id='word_1_150' title='bbox 164 1263 302 1301; x_wconf 89' lang='lat' dir='ltr'><strong>lorum.</strong></span> <span class='ocrx_word' id='word_1_151' title='bbox 366 1261 476 1300; x_wconf 87' lang='lat' dir='ltr'><strong>Sicut</strong></span> <span class='ocrx_word' id='word_1_152' title='bbox 501 1269 687 1300; x_wconf 88' lang='lat' dir='ltr'><strong>caverunt</strong></span> <span class='ocrx_word' id='word_1_153' title='bbox 717 1268 947 1300; x_wconf 90' lang='lat' dir='ltr'><strong>testamento</strong></span> <span class='ocrx_word' id='word_1_154' title='bbox 975 1275 1064 1309; x_wconf 89' lang='lat' dir='ltr'><strong>suo,</strong></span> <span class='ocrx_word' id='word_1_155' title='bbox 1091 1263 1190 1300; x_wconf 88' lang='lat' dir='ltr'><strong>sicut</strong></span> <span class='ocrx_word' id='word_1_156' title='bbox 1221 1262 1311 1302; x_wconf 88' lang='lat' dir='ltr'><strong>fidei</strong></span> <span class='ocrx_word' id='word_1_157' title='bbox 1338 1263 1496 1302; x_wconf 89' lang='lat' dir='ltr'><strong>commi-</strong></span> 
     </span>
     <span class='ocr_line' id='line_1_20' title="bbox 164 1318 1496 1366; baseline 0.002 -9"><span class='ocrx_word' id='word_1_158' title='bbox 164 1327 315 1366; x_wconf 87' lang='lat' dir='ltr'><strong>serunt,</strong></span> <span class='ocrx_word' id='word_1_159' title='bbox 343 1320 444 1358; x_wconf 91' lang='lat' dir='ltr'><strong>sicut</strong></span> <span class='ocrx_word' id='word_1_160' title='bbox 468 1318 760 1366; x_wconf 76' lang='lat' dir='ltr'><strong>adiuraverunt,</strong></span> <span class='ocrx_word' id='word_1_161' title='bbox 787 1321 840 1358; x_wconf 87' lang='lat' dir='ltr'><strong>ita</strong></span> <span class='ocrx_word' id='word_1_162' title='bbox 866 1326 999 1358; x_wconf 85' lang='lat' dir='ltr'><strong>teneo.</strong></span> <span class='ocrx_word' id='word_1_163' title='bbox 1062 1318 1145 1358; x_wconf 92' lang='lat' dir='ltr'><strong>Vos</strong></span> <span class='ocrx_word' id='word_1_164' title='bbox 1167 1327 1279 1359; x_wconf 83' lang='lat' dir='ltr'><strong>&#39;certe</strong></span> <span class='ocrx_word' id='word_1_165' title='bbox 1306 1320 1496 1359; x_wconf 85' lang='lat' dir='ltr'><strong>exhaere-</strong></span> 
     </span>
     <span class='ocr_line' id='line_1_21' title="bbox 166 1376 1498 1428; baseline 0.002 -14"><span class='ocrx_word' id='word_1_166' title='bbox 166 1376 355 1415; x_wconf 89' lang='lat' dir='ltr'><strong>daverunt</strong></span> <span class='ocrx_word' id='word_1_167' title='bbox 385 1389 538 1428; x_wconf 89' lang='lat' dir='ltr'><strong>semper</strong></span> <span class='ocrx_word' id='word_1_168' title='bbox 575 1383 614 1414; x_wconf 91' lang='lat' dir='ltr'><strong>et</strong></span> <span class='ocrx_word' id='word_1_169' title='bbox 650 1376 931 1415; x_wconf 85' lang='lat' dir='ltr'><strong>abdicaverunt</strong></span> <span class='ocrx_word' id='word_1_170' title='bbox 966 1384 1008 1415; x_wconf 88' lang='lat' dir='ltr'><strong>ut</strong></span> <span class='ocrx_word' id='word_1_171' title='bbox 1038 1384 1266 1424; x_wconf 76' lang='lat' dir='ltr'><strong>extraneos,</strong></span> <span class='ocrx_word' id='word_1_172' title='bbox 1304 1384 1347 1415; x_wconf 91' lang='lat' dir='ltr'><strong>ut</strong></span> <span class='ocrx_word' id='word_1_173' title='bbox 1370 1378 1498 1416; x_wconf 89' lang='lat' dir='ltr'><strong>inimi-</strong></span> 
     </span>
     <span class='ocr_line' id='line_1_22' title="bbox 167 1430 1494 1485; baseline 0.002 -14"><span class='ocrx_word' id='word_1_174' title='bbox 167 1447 247 1472; x_wconf 89' lang='lat' dir='ltr'><strong>cos.</strong></span> <span class='ocrx_word' id='word_1_175' title='bbox 310 1432 420 1472; x_wconf 85' lang='lat' dir='ltr'><strong>Unde</strong></span> <span class='ocrx_word' id='word_1_176' title='bbox 458 1430 585 1472; x_wconf 84' lang='lat' dir='ltr'><strong>autem</strong></span> <span class='ocrx_word' id='word_1_177' title='bbox 617 1435 794 1472; x_wconf 78' lang='lat' dir='ltr'><strong>extranei</strong></span> <span class='ocrx_word' id='word_1_178' title='bbox 826 1441 867 1472; x_wconf 90' lang='lat' dir='ltr'><strong>et</strong></span> <span class='ocrx_word' id='word_1_179' title='bbox 897 1434 1041 1476; x_wconf 81' lang='lat' dir='ltr'><strong>inimici</strong></span> <span class='ocrx_word' id='word_1_180' title='bbox 1073 1435 1259 1485; x_wconf 90' lang='lat' dir='ltr'><strong>apostolis</strong></span> <span class='ocrx_word' id='word_1_181' title='bbox 1290 1434 1494 1482; x_wconf 85' lang='lat' dir='ltr'><strong>haeretici,</strong></span> 
     </span>
     <span class='ocr_line' id='line_1_23' title="bbox 166 1485 1496 1543; baseline 0.002 -14"><span class='ocrx_word' id='word_1_182' title='bbox 166 1492 239 1529; x_wconf 91' lang='lat' dir='ltr'><strong>nisi</strong></span> <span class='ocrx_word' id='word_1_183' title='bbox 265 1504 315 1529; x_wconf 80' lang='lat' dir='ltr'><strong>ex</strong></span> <span class='ocrx_word' id='word_1_184' title='bbox 339 1490 563 1529; x_wconf 88' lang='lat' dir='ltr'><strong>diversitate</strong></span> <span class='ocrx_word' id='word_1_185' title='bbox 591 1490 812 1537; x_wconf 87' lang='lat' dir='ltr'><strong>doctrinae,</strong></span> <span class='ocrx_word' id='word_1_186' title='bbox 841 1505 951 1543; x_wconf 88' lang='lat' dir='ltr'><strong>quam</strong></span> <span class='ocrx_word' id='word_1_187' title='bbox 977 1493 1236 1543; x_wconf 89' lang='lat' dir='ltr'><strong>unusquisque</strong></span> <span class='ocrx_word' id='word_1_188' title='bbox 1263 1490 1311 1531; x_wconf 92' lang='lat' dir='ltr'><strong>de</strong></span> <span class='ocrx_word' id='word_1_189' title='bbox 1337 1485 1406 1531; x_wconf 82' lang='lat' dir='ltr'><strong>suo</strong></span> <span class='ocrx_word' id='word_1_190' title='bbox 1433 1505 1496 1531; x_wconf 86' lang='lat' dir='ltr'><strong>ar-</strong></span> 
     </span>
     <span class='ocr_line' id='line_1_24' title="bbox 164 1547 1295 1601; baseline 0.002 -15"><span class='ocrx_word' id='word_1_191' title='bbox 164 1548 282 1587; x_wconf 82' lang='lat' dir='ltr'><strong>bitrio</strong></span> <span class='ocrx_word' id='word_1_192' title='bbox 309 1547 494 1588; x_wconf 85' lang='lat' dir='ltr'><strong>adversus</strong></span> <span class='ocrx_word' id='word_1_193' title='bbox 520 1549 718 1600; x_wconf 87' lang='lat' dir='ltr'><strong>apostolos</strong></span> <span class='ocrx_word' id='word_1_194' title='bbox 750 1555 815 1587; x_wconf 85' lang='lat' dir='ltr'><strong>aut</strong></span> <span class='ocrx_word' id='word_1_195' title='bbox 840 1549 1001 1601; x_wconf 91' lang='lat' dir='ltr'><strong>protulit</strong></span> <span class='ocrx_word' id='word_1_196' title='bbox 1030 1556 1096 1587; x_wconf 91' lang='lat' dir='ltr'><strong>aut</strong></span> <span class='ocrx_word' id='word_1_197' title='bbox 1120 1550 1295 1601; x_wconf 77' lang='lat' dir='ltr'><strong>recepit?</strong></span> 
     </span>
    </p>

    <p class='ocr_par' dir='ltr' id='par_1_4' title="bbox 163 1606 1498 2175">
     <span class='ocr_line' id='line_1_25' title="bbox 277 1606 1497 1659; baseline 0.002 -15"><span class='ocrx_word' id='word_1_198' title='bbox 277 1609 350 1648; x_wconf 74' lang='lat'><strong>38.</strong></span> <span class='ocrx_word' id='word_1_199' title='bbox 402 1606 486 1644; x_wconf 89' lang='lat' dir='ltr'><strong>lllic</strong></span> <span class='ocrx_word' id='word_1_200' title='bbox 512 1607 630 1657; x_wconf 86' lang='lat' dir='ltr'><strong>igitur</strong></span> <span class='ocrx_word' id='word_1_201' title='bbox 655 1613 695 1645; x_wconf 90' lang='lat' dir='ltr'><strong>et</strong></span> <span class='ocrx_word' id='word_1_202' title='bbox 718 1608 994 1658; x_wconf 88' lang='lat' dir='ltr'><strong>scripturarum</strong></span> <span class='ocrx_word' id='word_1_203' title='bbox 1015 1614 1054 1645; x_wconf 90' lang='lat' dir='ltr'><strong>et</strong></span> <span class='ocrx_word' id='word_1_204' title='bbox 1079 1607 1363 1659; x_wconf 83' lang='lat' dir='ltr'><strong>expositionum</strong></span> <span class='ocrx_word' id='word_1_205' title='bbox 1388 1606 1497 1646; x_wconf 89' lang='lat' dir='ltr'><strong>adul-</strong></span> 
     </span>
     <span class='ocr_line' id='line_1_26' title="bbox 166 1662 1495 1717; baseline 0.002 -15"><span class='ocrx_word' id='word_1_206' title='bbox 166 1664 307 1702; x_wconf 87' lang='lat' dir='ltr'><strong>teratio</strong></span> <span class='ocrx_word' id='word_1_207' title='bbox 345 1662 565 1717; x_wconf 81' lang='lat' dir='ltr'><strong>deputanda</strong></span> <span class='ocrx_word' id='word_1_208' title='bbox 602 1671 678 1710; x_wconf 90' lang='lat' dir='ltr'><strong>est,</strong></span> <span class='ocrx_word' id='word_1_209' title='bbox 718 1663 781 1702; x_wconf 92' lang='lat' dir='ltr'><strong>ubi</strong></span> <span class='ocrx_word' id='word_1_210' title='bbox 819 1663 1023 1703; x_wconf 88' lang='lat' dir='ltr'><strong>diversitas</strong></span> <span class='ocrx_word' id='word_1_211' title='bbox 1054 1664 1495 1717; x_wconf 21' lang='lat' dir='ltr'><strong>inveniturtdo-ctrinae.</strong></span> 
     </span>
     <span class='ocr_line' id='line_1_27' title="bbox 167 1721 1495 1773; baseline 0.001 -14"><span class='ocrx_word' id='word_1_212' title='bbox 167 1721 310 1769; x_wconf 83' lang='lat' dir='ltr'><strong>Quibus</strong></span> <span class='ocrx_word' id='word_1_213' title='bbox 336 1721 409 1759; x_wconf 85' lang='lat' dir='ltr'><strong>fuit</strong></span> <span class='ocrx_word' id='word_1_214' title='bbox 432 1722 671 1773; x_wconf 88' lang='lat' dir='ltr'><strong>propositum</strong></span> <span class='ocrx_word' id='word_1_215' title='bbox 697 1722 811 1762; x_wconf 86' lang='lat' dir='ltr'><strong>aliter</strong></span> <span class='ocrx_word' id='word_1_216' title='bbox 836 1721 1016 1768; x_wconf 87' lang='lat' dir='ltr'><strong>docendi,</strong></span> <span class='ocrx_word' id='word_1_217' title='bbox 1043 1723 1259 1760; x_wconf 87' lang='lat' dir='ltr'><strong>necessitas</strong></span> <span class='ocrx_word' id='word_1_218' title='bbox 1280 1723 1445 1761; x_wconf 89' lang='lat' dir='ltr'><strong>instituit</strong></span> <span class='ocrx_word' id='word_1_219' title='bbox 1457 1723 1495 1772; x_wconf 86' lang='lat'><strong>³)</strong></span> 
     </span>
     <span class='ocr_line' id='line_1_28' title="bbox 165 1777 1497 1830; baseline 0.002 -14"><span class='ocrx_word' id='word_1_220' title='bbox 165 1778 280 1816; x_wconf 89' lang='lat' dir='ltr'><strong>aliter</strong></span> <span class='ocrx_word' id='word_1_221' title='bbox 317 1777 546 1830; x_wconf 92' lang='lat' dir='ltr'><strong>disponendi</strong></span> <span class='ocrx_word' id='word_1_222' title='bbox 584 1779 837 1817; x_wconf 86' lang='lat' dir='ltr'><strong>instrumenta</strong></span> <span class='ocrx_word' id='word_1_223' title='bbox 875 1778 1091 1818; x_wconf 89' lang='lat' dir='ltr'><strong>doctrinae.</strong></span> <span class='ocrx_word' id='word_1_224' title='bbox 1152 1778 1262 1818; x_wconf 89' lang='lat' dir='ltr'><strong>Alias</strong></span> <span class='ocrx_word' id='word_1_225' title='bbox 1294 1781 1394 1818; x_wconf 85' lang='lat' dir='ltr'><strong>enim</strong></span> <span class='ocrx_word' id='word_1_226' title='bbox 1419 1793 1497 1818; x_wconf 88' lang='lat' dir='ltr'><strong>non</strong></span> 
     </span>
     <span class='ocr_line' id='line_1_29' title="bbox 165 1834 1498 1889; baseline 0.001 -15"><span class='ocrx_word' id='word_1_227' title='bbox 165 1837 384 1887; x_wconf 85' lang='lat' dir='ltr'><strong>potuissent</strong></span> <span class='ocrx_word' id='word_1_228' title='bbox 415 1836 529 1874; x_wconf 89' lang='lat' dir='ltr'><strong>aliter</strong></span> <span class='ocrx_word' id='word_1_229' title='bbox 554 1834 712 1883; x_wconf 91' lang='lat' dir='ltr'><strong>docere,</strong></span> <span class='ocrx_word' id='word_1_230' title='bbox 740 1837 812 1874; x_wconf 89' lang='lat' dir='ltr'><strong>nisi</strong></span> <span class='ocrx_word' id='word_1_231' title='bbox 839 1837 954 1875; x_wconf 88' lang='lat' dir='ltr'><strong>aliter</strong></span> <span class='ocrx_word' id='word_1_232' title='bbox 978 1837 1179 1884; x_wconf 85' lang='lat' dir='ltr'><strong>haberent,</strong></span> <span class='ocrx_word' id='word_1_233' title='bbox 1205 1849 1278 1889; x_wconf 86' lang='lat' dir='ltr'><strong>per</strong></span> <span class='ocrx_word' id='word_1_234' title='bbox 1303 1849 1400 1888; x_wconf 87' lang='lat' dir='ltr'><strong>quae</strong></span> <span class='ocrx_word' id='word_1_235' title='bbox 1426 1836 1498 1876; x_wconf 91' lang='lat' dir='ltr'><strong>do-</strong></span> 
     </span>
     <span class='ocr_line' id='line_1_30' title="bbox 167 1891 1498 1945; baseline 0.002 -15"><span class='ocrx_word' id='word_1_236' title='bbox 167 1900 315 1930; x_wconf 88' lang='lat' dir='ltr'><strong>cerent.</strong></span> <span class='ocrx_word' id='word_1_237' title='bbox 379 1891 488 1930; x_wconf 86' lang='lat' dir='ltr'><strong>Sicut</strong></span> <span class='ocrx_word' id='word_1_238' title='bbox 512 1893 589 1931; x_wconf 92' lang='lat' dir='ltr'><strong>illis</strong></span> <span class='ocrx_word' id='word_1_239' title='bbox 614 1907 690 1931; x_wconf 90' lang='lat' dir='ltr'><strong>non</strong></span> <span class='ocrx_word' id='word_1_240' title='bbox 715 1895 905 1945; x_wconf 84' lang='lat' dir='ltr'><strong>potuisset</strong></span> <span class='ocrx_word' id='word_1_241' title='bbox 935 1893 1150 1932; x_wconf 86' lang='lat' dir='ltr'><strong>succedere</strong></span> <span class='ocrx_word' id='word_1_242' title='bbox 1178 1895 1401 1945; x_wconf 85' lang='lat' dir='ltr'><strong>corruptela</strong></span> <span class='ocrx_word' id='word_1_243' title='bbox 1427 1894 1498 1932; x_wconf 88' lang='lat' dir='ltr'><strong>do-</strong></span> 
     </span>
     <span class='ocr_line' id='line_1_31' title="bbox 167 1950 1496 2000; baseline 0.003 -14"><span class='ocrx_word' id='word_1_244' title='bbox 167 1951 316 1987; x_wconf 88' lang='lat' dir='ltr'><strong>ctrinae</strong></span> <span class='ocrx_word' id='word_1_245' title='bbox 349 1950 430 1987; x_wconf 89' lang='lat' dir='ltr'><strong>sine</strong></span> <span class='ocrx_word' id='word_1_246' title='bbox 464 1950 688 2000; x_wconf 88' lang='lat' dir='ltr'><strong>corruptela</strong></span> <span class='ocrx_word' id='word_1_247' title='bbox 720 1951 1058 1989; x_wconf 86' lang='lat' dir='ltr'><strong>instrumentorum</strong></span> <span class='ocrx_word' id='word_1_248' title='bbox 1091 1953 1191 1998; x_wconf 89' lang='lat' dir='ltr'><strong>eius,</strong></span> <span class='ocrx_word' id='word_1_249' title='bbox 1229 1952 1284 1989; x_wconf 85' lang='lat' dir='ltr'><strong>ita</strong></span> <span class='ocrx_word' id='word_1_250' title='bbox 1316 1958 1355 1989; x_wconf 81' lang='lat' dir='ltr'><strong>et</strong></span> <span class='ocrx_word' id='word_1_251' title='bbox 1385 1951 1496 1990; x_wconf 91' lang='lat' dir='ltr'><strong>nobis</strong></span> 
     </span>
     <span class='ocr_line' id='line_1_32' title="bbox 165 2004 1495 2060; baseline 0.003 -16"><span class='ocrx_word' id='word_1_252' title='bbox 165 2007 368 2058; x_wconf 83' lang='lat' dir='ltr'><strong>integritas</strong></span> <span class='ocrx_word' id='word_1_253' title='bbox 395 2005 597 2044; x_wconf 89' lang='lat' dir='ltr'><strong>doctrinae</strong></span> <span class='ocrx_word' id='word_1_254' title='bbox 623 2020 699 2044; x_wconf 93' lang='lat' dir='ltr'><strong>non</strong></span> <span class='ocrx_word' id='word_1_255' title='bbox 726 2008 975 2060; x_wconf 84' lang='lat' dir='ltr'><strong>competisset</strong></span> <span class='ocrx_word' id='word_1_256' title='bbox 999 2010 1081 2046; x_wconf 89' lang='lat' dir='ltr'><strong>sine</strong></span> <span class='ocrx_word' id='word_1_257' title='bbox 1102 2004 1327 2059; x_wconf 82' lang='lat' dir='ltr'><strong>integritate</strong></span> <span class='ocrx_word' id='word_1_258' title='bbox 1347 2021 1495 2056; x_wconf 89' lang='lat' dir='ltr'><strong>eorum,</strong></span> 
     </span>
     <span class='ocr_line' id='line_1_33' title="bbox 163 2063 1497 2116; baseline 0.001 -14"><span class='ocrx_word' id='word_1_259' title='bbox 163 2077 236 2115; x_wconf 88' lang='lat' dir='ltr'><strong>per</strong></span> <span class='ocrx_word' id='word_1_260' title='bbox 267 2077 363 2116; x_wconf 90' lang='lat' dir='ltr'><strong>quae</strong></span> <span class='ocrx_word' id='word_1_261' title='bbox 397 2063 574 2101; x_wconf 90' lang='lat' dir='ltr'><strong>doctrina</strong></span> <span class='ocrx_word' id='word_1_262' title='bbox 606 2066 806 2102; x_wconf 82' lang='lat' dir='ltr'><strong>tractatur.</strong></span> <span class='ocrx_word' id='word_1_263' title='bbox 863 2065 1015 2103; x_wconf 89' lang='lat' dir='ltr'><strong>Etenim</strong></span> <span class='ocrx_word' id='word_1_264' title='bbox 1049 2064 1139 2116; x_wconf 88' lang='lat' dir='ltr'><strong>quid</strong></span> <span class='ocrx_word' id='word_1_265' title='bbox 1163 2066 1400 2104; x_wconf 66' lang='lat' dir='ltr'><strong>&#39;contrarium</strong></span> <span class='ocrx_word' id='word_1_266' title='bbox 1426 2080 1497 2105; x_wconf 92' lang='lat' dir='ltr'><strong>no-</strong></span> 
     </span>
     <span class='ocr_line' id='line_1_34' title="bbox 165 2120 1496 2175; baseline 0.003 -17"><span class='ocrx_word' id='word_1_267' title='bbox 165 2121 289 2159; x_wconf 90' lang='lat' dir='ltr'><strong>bisin</strong></span> <span class='ocrx_word' id='word_1_268' title='bbox 315 2122 481 2159; x_wconf 83' lang='lat' dir='ltr'><strong>nostris?</strong></span> <span class='ocrx_word' id='word_1_269' title='bbox 518 2120 607 2172; x_wconf 87' lang='lat' dir='ltr'><strong>quid</strong></span> <span class='ocrx_word' id='word_1_270' title='bbox 640 2120 688 2159; x_wconf 91' lang='lat' dir='ltr'><strong>de</strong></span> <span class='ocrx_word' id='word_1_271' title='bbox 719 2123 877 2173; x_wconf 88' lang='lat' dir='ltr'><strong>proprio</strong></span> <span class='ocrx_word' id='word_1_272' title='bbox 911 2122 1124 2170; x_wconf 87' lang='lat' dir='ltr'><strong>intulimus,</strong></span> <span class='ocrx_word' id='word_1_273' title='bbox 1163 2129 1205 2160; x_wconf 91' lang='lat' dir='ltr'><strong>ut</strong></span> <span class='ocrx_word' id='word_1_274' title='bbox 1230 2122 1375 2175; x_wconf 86' lang='lat' dir='ltr'><strong>aliquid</strong></span> <span class='ocrx_word' id='word_1_275' title='bbox 1403 2137 1496 2162; x_wconf 93' lang='lat' dir='ltr'><strong>con-</strong></span> 
     </span>
    </p>
   </div>
   <div class='ocr_carea' id='block_1_3' title="bbox 165 2178 1559 2231">
    <p class='ocr_par' dir='ltr' id='par_1_5' title="bbox 165 2178 1559 2231">
     <span class='ocr_line' id='line_1_35' title="bbox 165 2178 1559 2231; baseline 0.002 -16"><span class='ocrx_word' id='word_1_276' title='bbox 165 2179 325 2216; x_wconf 89' lang='lat' dir='ltr'><strong>trarium</strong></span> <span class='ocrx_word' id='word_1_277' title='bbox 358 2180 414 2226; x_wconf 83' lang='lat' dir='ltr'><strong>ei,</strong></span> <span class='ocrx_word' id='word_1_278' title='bbox 454 2178 555 2229; x_wconf 89' lang='lat' dir='ltr'><strong>quod</strong></span> <span class='ocrx_word' id='word_1_279' title='bbox 587 2185 690 2217; x_wconf 83' lang='lat' dir='ltr'><strong>esset</strong></span> <span class='ocrx_word' id='word_1_280' title='bbox 721 2180 759 2217; x_wconf 90' lang='lat' dir='ltr'><strong>in</strong></span> <span class='ocrx_word' id='word_1_281' title='bbox 793 2180 993 2231; x_wconf 86' lang='lat' dir='ltr'><strong>scripturis</strong></span> <span class='ocrx_word' id='word_1_282' title='bbox 1026 2178 1325 2231; x_wconf 88' lang='lat' dir='ltr'><strong>deprehensum,</strong></span> <span class='ocrx_word' id='word_1_283' title='bbox 1365 2180 1496 2220; x_wconf 86' lang='lat' dir='ltr'><strong>detra·</strong></span> <span class='ocrx_word' id='word_1_284' title='bbox 1551 2208 1559 2218; x_wconf 73' lang='grc'>,</span> 
     </span>
    </p>
   </div>
   <div class='ocr_carea' id='block_1_4' title="bbox 166 2234 1495 2278">
    <p class='ocr_par' dir='ltr' id='par_1_6' title="bbox 166 2234 1495 2278">
     <span class='ocr_line' id='line_1_36' title="bbox 166 2234 1495 2278; baseline 0.004 -5"><span class='ocrx_word' id='word_1_285' title='bbox 166 2237 295 2274; x_wconf 88' lang='lat' dir='ltr'><strong>ctione</strong></span> <span class='ocrx_word' id='word_1_286' title='bbox 332 2236 394 2274; x_wconf 93' lang='lat' dir='ltr'><strong>vel</strong></span> <span class='ocrx_word' id='word_1_287' title='bbox 438 2234 658 2274; x_wconf 87' lang='lat' dir='ltr'><strong>adiectione</strong></span> <span class='ocrx_word' id='word_1_288' title='bbox 702 2237 763 2275; x_wconf 82' lang='lat' dir='ltr'><strong>vel</strong></span> <span class='ocrx_word' id='word_1_289' title='bbox 806 2238 1124 2276; x_wconf 84' lang='lat' dir='ltr'><strong>transmutatione</strong></span> <span class='ocrx_word' id='word_1_290' title='bbox 1168 2237 1495 2278; x_wconf 84' lang='lat' dir='ltr'><strong>remediaremus?</strong></span> 
     </span>
    </p>
   </div>
   <div class='ocr_carea' id='block_1_5' title="bbox 162 2358 1493 2452">
    <p class='ocr_par' dir='ltr' id='par_1_7' title="bbox 162 2358 1493 2452">
     <span class='ocr_line' id='line_1_37' title="bbox 163 2358 1493 2406; baseline 0.005 -15"><span class='ocrx_word' id='word_1_291' title='bbox 163 2362 274 2395; x_wconf 74' lang='lat' dir='ltr'><strong>Rhen.</strong></span> <span class='ocrx_word' id='word_1_292' title='bbox 300 2364 334 2392; x_wconf 88' lang='lat' dir='ltr'><strong>et</strong></span> <span class='ocrx_word' id='word_1_293' title='bbox 359 2358 466 2393; x_wconf 53' lang='lat' dir='ltr'><strong>Pania</strong></span> <span class='ocrx_word' id='word_1_294' title='bbox 507 2363 573 2393; x_wconf 82' lang='lat' dir='ltr'><strong>Ita</strong></span> <span class='ocrx_word' id='word_1_295' title='bbox 604 2364 644 2393; x_wconf 88' lang='lat' dir='ltr'><strong>et</strong></span> <span class='ocrx_word' id='word_1_296' title='bbox 675 2363 864 2400; x_wconf 61' lang='lat' dir='ltr'><strong>haende</strong></span> <span class='ocrx_word' id='word_1_297' title='bbox 897 2366 1048 2396; x_wconf 85' lang='lat' dir='ltr'><strong>nostro</strong></span> <span class='ocrx_word' id='word_1_298' title='bbox 1079 2365 1493 2406; x_wconf 78' lang='lat' dir='ltr'><strong>fructificaverunt,</strong></span> 
     </span>
     <span class='ocr_line' id='line_1_38' title="bbox 162 2408 1493 2452; baseline 0.004 -14"><span class='ocrx_word' id='word_1_299' title='bbox 162 2417 240 2439; x_wconf 85' lang='lat' dir='ltr'><strong>non</strong></span> <span class='ocrx_word' id='word_1_300' title='bbox 267 2408 465 2447; x_wconf 71' lang='lat' dir='ltr'><strong>nostrae3</strong></span> <span class='ocrx_word' id='word_1_301' title='bbox 503 2408 735 2448; x_wconf 79' lang='lat' dir='ltr'><strong>degeneres</strong></span> <span class='ocrx_word' id='word_1_302' title='bbox 762 2410 999 2442; x_wconf 78' lang='lat' dir='ltr'><strong>varietatis</strong></span> <span class='ocrx_word' id='word_1_303' title='bbox 1025 2411 1157 2452; x_wconf 88' lang='lat' dir='ltr'><strong>(Gelen.</strong></span> <span class='ocrx_word' id='word_1_304' title='bbox 1177 2414 1212 2442; x_wconf 85' lang='lat' dir='ltr'><strong>et</strong></span> <span class='ocrx_word' id='word_1_305' title='bbox 1240 2411 1347 2443; x_wconf 81' lang='lat' dir='ltr'><strong>ceteri</strong></span> <span class='ocrx_word' id='word_1_306' title='bbox 1373 2420 1393 2441; x_wconf 90' lang='lat' dir='ltr'><strong>e</strong></span> <span class='ocrx_word' id='word_1_307' title='bbox 1418 2411 1493 2443; x_wconf 85' lang='lat' dir='ltr'><strong>cod.</strong></span> 
     </span>
    </p>
   </div>
   <div class='ocr_carea' id='block_1_6' title="bbox 162 2453 1519 2592">
    <p class='ocr_par' dir='ltr' id='par_1_8' title="bbox 162 2453 1519 2592">
     <span class='ocr_line' id='line_1_39' title="bbox 164 2453 1519 2496; baseline 0.004 -13"><span class='ocrx_word' id='word_1_308' title='bbox 164 2453 266 2484; x_wconf 89' lang='lat' dir='ltr'><strong>Gorz.</strong></span> <span class='ocrx_word' id='word_1_309' title='bbox 303 2454 524 2494; x_wconf 81' lang='lat' dir='ltr'><strong>veritatis)</strong></span> <span class='ocrx_word' id='word_1_310' title='bbox 562 2464 693 2494; x_wconf 83' lang='lat' dir='ltr'><strong>grano</strong></span> <span class='ocrx_word' id='word_1_311' title='bbox 738 2458 780 2486; x_wconf 90' lang='lat' dir='ltr'><strong>et</strong></span> <span class='ocrx_word' id='word_1_312' title='bbox 815 2456 945 2486; x_wconf 87' lang='lat' dir='ltr'><strong>mend.</strong></span> <span class='ocrx_word' id='word_1_313' title='bbox 983 2457 1228 2489; x_wconf 79' lang='lat' dir='ltr'><strong>silvestres.</strong></span> <span class='ocrx_word' id='word_1_314' title='bbox 1290 2467 1295 2471; x_wconf 90' lang='lat'><strong>·</strong></span> <span class='ocrx_word' id='word_1_315' title='bbox 1346 2457 1384 2496; x_wconf 81' lang='grc'><strong>1)</strong></span> <span class='ocrx_word' id='word_1_316' title='bbox 1410 2457 1519 2488; x_wconf 48' lang='lat' dir='ltr'><strong>Post»</strong></span> 
     </span>
     <span class='ocr_line' id='line_1_40' title="bbox 162 2499 1493 2542; baseline 0.005 -13"><span class='ocrx_word' id='word_1_317' title='bbox 162 2499 368 2530; x_wconf 84' lang='lat' dir='ltr'><strong>Rhenanum</strong></span> <span class='ocrx_word' id='word_1_318' title='bbox 415 2500 510 2531; x_wconf 85' lang='lat' dir='ltr'><strong>editt.</strong></span> <span class='ocrx_word' id='word_1_319' title='bbox 557 2510 676 2531; x_wconf 83' lang='lat' dir='ltr'><strong>omnes</strong></span> <span class='ocrx_word' id='word_1_320' title='bbox 725 2501 948 2534; x_wconf 83' lang='lat' dir='ltr'><strong>addiderunt:</strong></span> <span class='ocrx_word' id='word_1_321' title='bbox 998 2513 1088 2534; x_wconf 82' lang='lat' dir='ltr'><strong>mea</strong></span> <span class='ocrx_word' id='word_1_322' title='bbox 1137 2506 1206 2535; x_wconf 83' lang='lat' dir='ltr'><strong>est</strong></span> <span class='ocrx_word' id='word_1_323' title='bbox 1253 2503 1493 2542; x_wconf 74' lang='lat' dir='ltr'><strong>possessio.</strong></span> 
     </span>
     <span class='ocr_line' id='line_1_41' title="bbox 163 2542 1491 2592; baseline 0.007 -19"><span class='ocrx_word' id='word_1_324' title='bbox 163 2542 203 2586; x_wconf 89' lang='lat'><strong>2)</strong></span> <span class='ocrx_word' id='word_1_325' title='bbox 216 2545 359 2577; x_wconf 86' lang='lat' dir='ltr'><strong>Praeter</strong></span> <span class='ocrx_word' id='word_1_326' title='bbox 371 2546 479 2578; x_wconf 85' lang='lat' dir='ltr'><strong>Rhen.</strong></span> <span class='ocrx_word' id='word_1_327' title='bbox 495 2556 631 2578; x_wconf 85' lang='lat' dir='ltr'><strong>omnes:</strong></span> <span class='ocrx_word' id='word_1_328' title='bbox 656 2547 761 2578; x_wconf 87' lang='lat' dir='ltr'><strong>olim</strong></span> <span class='ocrx_word' id='word_1_329' title='bbox 777 2557 897 2589; x_wconf 61' lang='lat' dir='ltr'><strong>poss„</strong></span> <span class='ocrx_word' id='word_1_330' title='bbox 914 2549 1034 2587; x_wconf 83' lang='lat' dir='ltr'><strong>prior</strong></span> <span class='ocrx_word' id='word_1_331' title='bbox 1047 2550 1258 2590; x_wconf 82' lang='lat' dir='ltr'><strong>possideo.</strong></span> <span class='ocrx_word' id='word_1_332' title='bbox 1345 2547 1383 2592; x_wconf 85' lang='lat'><strong>3)</strong></span> <span class='ocrx_word' id='word_1_333' title='bbox 1397 2549 1491 2582; x_wconf 78' lang='lat' dir='ltr'><strong>Pam.</strong></span> 
     </span>
    </p>
   </div>
   <div class='ocr_carea' id='block_1_7' title="bbox 164 2591 835 2634">
    <p class='ocr_par' dir='ltr' id='par_1_9' title="bbox 164 2591 835 2634">
     <span class='ocr_line' id='line_1_42' title="bbox 164 2591 835 2634; baseline 0.007 -14"><span class='ocrx_word' id='word_1_334' title='bbox 164 2591 286 2631; x_wconf 84' lang='lat' dir='ltr'><strong>etRig.</strong></span> <span class='ocrx_word' id='word_1_335' title='bbox 312 2600 382 2624; x_wconf 82' lang='lat' dir='ltr'><strong>eos</strong></span> <span class='ocrx_word' id='word_1_336' title='bbox 408 2593 654 2625; x_wconf 81' lang='lat' dir='ltr'><strong>necessitas</strong></span> <span class='ocrx_word' id='word_1_337' title='bbox 680 2594 835 2634; x_wconf 84' lang='lat' dir='ltr'><strong>coegit.</strong></span> 
     </span>
    </p>
   </div>
  </div>
 </body>
</html>
