1624 2826
2 634 7 646 -
0 602 6 610 ·
0 559 8 583 ‘w
0 497 7 551 ww·
0 265 13 490 ”rw-W*

356 194 482 226 ADV.
516 193 882 225 MARCIONEM
916 193 1095 224 LIBER
1130 194 1187 223 IV.
1341 191 1448 228 249

121 293 199 326 tum
229 287 484 334 constituens,
522 288 707 339 sanguine
739 301 808 326 suo
841 287 1153 338 obsignatum‚¹)
1198 285 1450 326 substantiam

78 386 91 392 ,
120 346 298 397 corporis
322 345 574 384 confirmavit.
634 345 786 383 Nullius
813 346 911 383 enim
940 345 1116 396 corporis
1140 345 1296 394 sanguis
1322 351 1452 396 potest

118 414 226 449 esse,
263 403 337 442 nisi
369 404 509 441 carnis.
570 402 667 442 Nam
701 411 741 442 et
778 403 810 440 si
849 416 921 454 qua
958 403 1135 454 corporis
1172 402 1335 453 qualitas
1371 416 1450 440 non

119 473 263 499 carnea
286 467 503 513 opponetur
528 461 657 507 nobis,
697 468 806 499 certe
840 461 1063 511 sanguinem
1094 460 1167 498 uisi
1199 472 1342 498 carnea
1373 473 1450 498 non

117 516 287 558 babebit.
349 518 408 557 lta
432 519 609 556 consistit
632 519 812 570 probatio
839 519 1017 570 corporis
1043 517 1090 556 de
1119 518 1336 555 testimonio
1364 531 1451 557 car-

116 576 193 623 nis,
231 575 411 628 probatio
439 577 564 615 earnis
590 575 638 615 de
666 577 886 615 testimonio
912 576 1121 626 sanguiniS.
1183 574 1233 613 Ut
1257 582 1385 614 autem
1409 584 1453 615 et

116 634 312 684 sanguinis
352 641 526 672 veterem
569 635 729 685 figuram
771 635 810 672 in
854 635 942 672 vino
986 645 1274 683 recognoscaS‚
1324 632 1452 672 aderit

116 690 276 730 Esaias.-
306 690 411 739 Quis,
438 692 573 743 iuquit,
601 693 664 744 qui
689 691 848 738 advenit
873 705 923 730 ex
936 690 1072 736 Edom,
1099 690 1219 728 rubor
1243 692 1451 728 vestimen-

96 755 243 788 ,torum
278 749 360 787 eius
397 761 448 787 ex
470 749 624 795 Bosor‚
662 751 719 787 sic
757 748 924 787 decorus
960 750 1000 786 in
1029 748 1130 786 stola
1160 747 1333 785 violenta
1365 761 1450 785 cum

114 804 368 846 fortitudine?
392 816 510 857 quare
537 806 654 844 rubra
678 807 906 844 vestimenta
931 812 1014 851 tua,
1042 811 1082 843 et
1102 803 1325 843 indumenta
1350 806 1451 843 sicut

115 861 169 902 de
190 863 277 902 foro
305 864 511 901 torcularis
535 864 651 915 pleno
679 864 938 902 conculcato?
950 864 991 914 2)
1031 861 1197 914 Spiritus
1225 863 1327 901 enim
1357 876 1449 914 pro-

115 921 292 973 pheticus
315 921 423 960 velut
446 922 520 959 iam
547 921 916 973 contemplabundus
942 920 1135 968 dominum
1161 919 1211 958 ad
1231 922 1450 972 passionem

114 979 346 1025 venientem,
374 992 491 1017 carne
517 980 670 1018 scilicet
694 980 886 1025 vestitum,
913 986 954 1018 ut
980 980 1017 1016 in
1042 978 1280 1030 ea'passum‚
1309 991 1450 1017 cruen-

115 1042 193 1075 tum
218 1036 385 1075 habitum
411 1038 602 1076 carnis-in
628 1038 940 1076 vestimentorum
966 1036 1108 1077 rubore
1135 1035 1326 1087 designat,
1354 1049 1449 1074 con-

115 1093 292 1133 culcatae
325 1101 365 1133 et
395 1107 605 1146 expressae
637 1096 674 1132 vi
706 1095 896 1146 passionis
930 1102 1105 1145 tanquam
1138 1094 1176 1131 iu
1202 1088 1290 1131 foro
1318 1101 1449 1132 torcu-

116 1151 229 1198 laris,
266 1152 354 1202 qnia
384 1151 526 1190 exinde
559 1153 665 1203 quasi
699 1153 890 1190 cruentati
922 1151 1097 1189 homines
1128 1150 1176 1188 de
1203 1152 1279 1188 vini
1305 1151 1448 1189 rubore

117 1207 368 1247 descendant.
439 1209 562 1246 Multo
607 1210 845 1247 manifestius
884 1207 1047 1246 Genesis
1091 1209 1128 1245 iu
1171 1206 1448 1246 benedictione

116 1264 248 1312 Iudae,
275 1278 325 1304 ex
350 1266 455 1304 cuius
482 1266 584 1303 tribu
610 1267 736 1304 carnis
763 1278 901 1303 census
927 1265 1070 1303 Christi
1096 1278 1347 1316 processurus
1373 1267 1449 1304 iam

68 1339 70 1341 ·
119 1329 209 1362 tunc
235 1322 427 1362 Christum
460 1324 498 1361 in
531 1322 622 1361 Iuda
655 1322 948 1370 declinabat-³).
985 1322 1186 1367 ,Lavabit‚
1230 1323 1370 1374 inquit,
1410 1324 1448 1360 in

115 1381 205 1420 vino
243 1381 381 1420 stolam
418 1394 525 1419 suam
563 1388 602 1419 et
637 1381 679 1418 in
714 1382 901 1431 sanguiue
940 1385 1042 1421 uvae'
1068 1381 1247 1418 amictum
1278 1381 1446 1428 suum‚⁴)

116 1439 254 1477 stolam
290 1445 332 1477 et
356 1439 544 1476 ‘amictum
584 1451 738 1477 carnem
772 1437 1039 1476 demonstrans
1071 1444 1111 1474 et
1141 1438 1266 1474 vinum
1292 1438 1449 1488 sangui-

114 1509 216 1536 nem.
276 1494 335 1534 Ita
371 1502 413 1534 et
447 1509 547 1534 nunc
585 1494 809 1547 sanguinem
846 1509 952 1534 suum
989 1495 1029 1533 in
1065 1495 1153 1533 vino
1189 1495 1446 1542 consecravit,

114 1555 178 1606 qui
202 1561 294 1593 tnnc
317 1554 442 1592 vinum
469 1554 507 1591 in
532 1555 718 1605 sauguine
745 1554 936 1605 figuravit.
1252 1549 1258 1552 ⁵

227 1614 299 1653 41.
324 1610 422 1658 Vae,
449 1613 515 1658 ait,
543 1625 614 1663 per
638 1625 748 1663 quem
782 1610 946 1650 traditur
973 1610 1070 1648 filius
1092 1610 1313 1659 hominis.⁵)
1340 1609 1446 1662 Ergo

113 1671 188 1709 iam
217 1682 291 1709 vae
328 1676 482 1707 constat
518 1664 808 1721 imprecationis
846 1677 887 1708 et
917 1669 1227 1707 comminationis
1260 1669 1446 1706 inclama-

115 1728 260 1766 tionem
290 1726 582 1777 intelligcndam
615 1734 655 1765 et
674 1728 786 1769 *irato
817 1734 858 1766 et
882 1726 1030 1765 offenso
1057 1725 1333 1776 deputandam,
1373 1727 1447 1763 nisi

113 1784 147 1822 si
178 1782 292 1822 Iudas
327 1784 480 1834 impune
519 1791 605 1821 erat
641 1790 786 1821 tantum
823 1784 985 1821 sceleris
1022 1783 1228 1820 relaturus.
1297 1780 1378 1819 Aut
1414 1783 1480 1827 six

114 1841 283 1893 impune,
306 1846 421 1878 vacat
443 1852 536 1885 vae3
563 1841 596 1877 si
621 1853 697 1876 non
723 1841 894 1892 impune}
921 1841 1053 1890 ntique
1078 1839 1125 1876 ab
1147 1852 1195 1877 eo
1218 1838 1444 1889 puniendus,

113 1899 154 1938 in
178 1911 289 1951 quem
316 1898 444 1936 scelus
474 1896 694 1935 traditionis
718 1896 884 1950 admisit.
946 1895 1069 1934 Porro
1102 1897 1133 1934 si
1159 1893 1297 1934 sciens*
1313 1909 1447 1946 passus

113 1963 186 2003 est,
213 1955 417 2002 bominem,
445 1967 554 2006 quem
582 1955 664 2005 ipse
690 1955 886 1993 comitatui
911 1967 982 1992 suo
1008 1954 1214 2000 asciverat,
1240 1955 1278 1991 in
1302 1960 1446 1992 tantum

114 2013 242 2054 scetus
266 2026 400 2059 ruere,
439 2013 519 2050 noli
544 2013 617 2049 iam
644 2010 693 2050 de
720 2019 900 2051 creatore
927 2013 1036 2050 circa
1060 2011 1184 2050 Adam
1209 2018 1443 2058 retractare,

113 2085 212 2124 quae
248 2072 287 2110 in
327 2078 428 2110 tuum
466 2082 616 2122 quoque
654 2068 766 2108 deum
802 2077 1100 2122 retorquentur,
1138 2076 1204 2108 aut
1239 2070 1459 2120 ignorasse

114 2130 233 2177 ilium,
260 2130 325 2181 qui
349 2142 426 2167 non
451 2141 501 2166 ex
525 2126 767 2179 providentia
793 2128 944 2166 obstitit
974 2134 1206 2179 peccaturo,
1243 2134 1310 2164 aut
1340 2126 1444 2164 obsi-

113 2193 219 2226 stere
245 2200 319 2225 uon
345 2187 529 2238 potuisse,
557 2185 588 2223 si
619 2185 842 2235 ignorabat,
867 2192 934 2223 aut
959 2186 1139 2231 noluisse,
1166 2185 1198 2223 si
1229 2191 1270 2223 et
1293 2184 1445 2222 sciebat

114 2251 156 2283 et
178 2251 351 2296 poterat,
382 2250 497 2295 atque
522 2244 576 2280 ita
602 2243 830 2281 malitiosum
855 2242 1116 2289 iudicandum,
1141 2243 1204 2293 qui
1229 2240 1362 2292 passus
1394 2242 1445 2278 sit

115 2303 305 2341 bominem
342 2314 448 2338 suum
493 2313 543 2338 ex
572 2299 716 2338 delicto
753 2301 894 2352 perire.
958 2299 1113 2338 Suadeo
1145 2300 1282 2349 igitur,
1321 2310 1443 2347 agno-

114 2373 201 2399 scas
226 2360 353 2412 potius
378 2365 419 2396 et
442 2359 480 2395 in
506 2358 580 2395 isto
607 2365 843 2404 creatorem,
876 2371 984 2409 quam
1001 2363 1130 2409 parem
1147 2356 1200 2394 illi
1216 2354 1327 2394 deum
1342 2355 1443 2406 opti-

113 2431 213 2456 mum
255 2416 439 2456 adversus
477 2416 706 2454 sententiam
743 2423 842 2457 tuam
879 2416 1016 2453 facias.
1074 2413 1174 2452 Nam
1212 2420 1252 2451 et
1287 2412 1442 2451 Petrum

208 2553 246 2597 1)
271 2556 354 2586 Luc.
369 2557 425 2595 22,
441 2557 496 2587 20.
566 2552 602 2594 2)
628 2557 692 2585 les.
703 2556 759 2593 ⁶3,
774 2556 794 2584 1
808 2564 859 2593 aq.
919 2554 961 2592 3)
982 2554 1044 2583 Ed.
1058 2528 1162 2583 Fran.
1175 2552 1441 2590 delineatum

117 2600 189 2642 Big.
203 2601 365 2633 deliuia
376 2596 457 2634 bat.
482 2648 484 2651 v
550 2604 588 2641 4)
618 2602 702 2633 Gen.
715 2603 771 2642 49,
784 2603 838 2634 11.
933 2600 970 2640 5)
984 2601 1070 2630 Luc.
1080 2600 1136 2640 22,
1150 2599 1205 2630 22.
