1624 2826
189 225 290 263 282
451 225 578 258 ADV.
609 222 965 255 MARCIONEM
1002 218 1178 251 LIBER
1214 217 1257 248 V,

189 319 276 370 regi
307 317 373 365 da,
411 316 452 357 id
484 324 543 356 est
574 316 729 354 Christo
755 321 990 366 regnaturo,
1024 318 1063 350 et
1094 310 1274 349 iustitiam
1306 314 1411 363 tuam·
1434 307 1513 346 filio

190 377 312 427 regis,
351 374 390 414 id
416 371 476 414 est
500 374 642 426 populo
669 373 826 411 Christi.
887 371 973 410 Filii
1005 370 1102 408 enim
1136 369 1218 406 eius
1243 373 1349 413 sunt,
1389 365 1450 418 qui
1477 366 1514 404 in

190 435 274 485 ipso
311 440 578 472 renascuntur.
642 429 720 469 Sed
758 437 798 468 et
834 429 896 467 hic
934 427 1098 480 psalmus
1137 424 1334 463 Salomoni
1373 435 1509 474 canere

191 490 354 529 dicetur.
418 490 523 538 Quae
550 497 676 527 tamen
703 489 774 526 soli
808 492 1030 537 competunt
1056 483 1229 529 Christo,
1268 481 1414 520 docere
1438 493 1514 519 non

191 555 385 600 poterunt,
419 548 532 586 etiam
561 546 755 596 cetera,¹)
782 558 858 582 non
884 543 932 582 ad
960 542 1217 587 Salomonem,
1245 538 1314 578 sed
1339 537 1389 577 ad
1403 537 1517 576 Chri-

191 613 288 644 stum
325 606 546 657 pertinere?
594 601 824 647 Descendit,
868 601 1007 652 inquit,
1046 606 1223 649 tanquam
1255 597 1379 635 imber
1402 607 1519 648 super

190 663 329 709 vellus,
371 670 410 700 et
445 662 550 701 velut
587 662 712 699 stillae
751 659 990 698 destillantes
1032 658 1069 695 in
1113 663 1276 703 terram;
1325 652 1517 707 placidum

191 719 416 758 descensum
455 720 536 757 eius
586 725 625 756 et
666 717 925 756 insensibilem
970 714 1193 753 describens
1237 711 1284 751 de
1323 711 1436 751 coelo
1478 711 1517 749 in

193 790 360 815 carnem.
430 775 613 814 Salomon
657 783 782 814 autem
827 774 897 812 etsi
943 771 1145 811 descendit
1187 768 1394 816 alicunde,
1442 781 1517 807 non

191 841 317 872 tamen
355 834 455 871 sicut
491 833 635 880 imber,
675 834 761 884 quia
799 845 874 869 non
908 829 955 869 de
989 829 1114 868 coelo.
1178 826 1254 866 Sed
1282 826 1518 878 simpliciora

193 903 365 942 quaeque
392 903 616 942 proponam.
678 889 956 934 Dominabitur,
989 887 1123 938 inquit,
1155 899 1177 924 a
1203 885 1299 924 mari
1324 883 1371 922 ad
1398 895 1517 929 mare,

191 955 231 986 et
267 961 290 986 a
326 949 478 986 flumine
516 960 634 999 usque
671 947 719 986 ad
758 947 940 984 terminos
972 952 1118 982 terrae.
1182 942 1266 981 Hoc
1293 941 1364 980 soli
1391 939 1517 979 datum

190 1012 250 1043 est
287 1004 454 1043 Christo.
518 1005 696 1042 Ceterum
736 1002 918 1041 Salomon
961 1002 1025 1039 uni
1062 1007 1102 1038 et
1138 998 1314 1038 modicae
1351 997 1518 1043 Iudaeae

190 1063 402 1113 imperavit.
463 1061 692 1100 Adorabunt
728 1061 831 1099 illum
870 1072 1000 1097 omnes
1037 1070 1171 1108 reges3
1222 1069 1333 1108 quem
1372 1066 1517 1102 omnes,

188 1119 262 1157 nisi
289 1119 505 1157 Christum?
552 1118 602 1156 Et
626 1119 797 1156 servient
821 1117 856 1154 ci
884 1129 1016 1154 omncs
1047 1115 1243 1160 nationcs;
1283 1114 1344 1151 cui
1371 1124 1516 1159 omnes,

189 1177 261 1214 nisi
289 1176 467 1213 Christo?
515 1173 576 1213 Sit
606 1188 743 1213 nomen
775 1175 856 1212 cius
887 1174 926 1211 in
957 1185 1104 1211 aevum.
1168 1171 1284 1209 Cuius
1309 1181 1449 1213 nomen
1479 1170 1518 1208 in

188 1240 410 1278 aeternum,
449 1233 519 1270 nisi
553 1232 720 1270 Christi?
767 1231 869 1269 Ante
906 1230 1026 1269 solem
1052 1227 1219 1267 manebit
1246 1240 1383 1266 nomen
1413 1227 1513 1266 eius,
1557 1255 1562 1260 .

187 1289 289 1328 Ante
322 1290 440 1328 solem
480 1290 577 1327 enim
605 1303 731 1327 sermo
764 1288 845 1334 dei,
883 1287 921 1326 id
948 1294 1006 1326 est
1033 1287 1220 1325 Christus.
1283 1285 1333 1324 Et
1356 1282 1518 1323 bencdi-

190 1354 325 1385 centur
355 1348 393 1384 in
425 1347 490 1385 illo
522 1348 723 1385 universae
757 1352 905 1397 gentes.
967 1345 1010 1384 In
1043 1343 1251 1382 Salomone
1283 1342 1384 1381 nulla
1411 1342 1516 1380 natio

188 1403 445 1450 benedicitur,
472 1405 510 1440 in
537 1404 690 1441 Christo
715 1417 809 1442 vero
837 1398 972 1440 omnis.
1018 1401 1115 1449 Quid
1142 1414 1254 1446 nunc,
1282 1402 1313 1439 si
1339 1407 1379 1439 et
1404 1398 1516 1438 deum

189 1473 274 1499 eum
293 1462 331 1509 2)
370 1461 441 1498 iste
479 1461 644 1511 psalmus
681 1460 942 1498 demonstrat?
983 1465 1023 1497 et
1059 1459 1210 1496 beatum
1249 1471 1333 1496 eum
1372 1456 1516 1503 dicent,

190 1518 366 1569 quoniam
392 1517 618 1558 benedictus
644 1517 817 1555 dominus
843 1516 936 1554 deus
963 1515 1128 1562 israelis,
1156 1515 1219 1566 qui
1244 1516 1339 1553 facit
1363 1514 1516 1552 mirabi-

190 1575 240 1613 lia
278 1575 399 1622 solus,
438 1573 682 1612 benedictum
720 1587 858 1612 nomen
896 1573 1044 1624 gloriae
1083 1573 1190 1617 eius,
1229 1578 1270 1610 et
1305 1571 1519 1622 replebitur

188 1633 367 1670 universa
392 1638 496 1669 terra
522 1632 647 1682 gloria
673 1632 766 1669 eius.
813 1631 958 1669 Contra
985 1628 1167 1668 Salomon
1195 1627 1337 1677 (audeo
1364 1626 1517 1679 dicere)

190 1690 304 1728 etiam
331 1702 439 1740 quam
467 1689 597 1726 habuit
622 1689 659 1726 in
686 1688 759 1726 deo
786 1689 968 1739 gloriam,
1007 1687 1135 1725 amisit
1160 1699 1231 1737 per
1255 1686 1452 1724 mulierem
1478 1686 1516 1724 in

188 1745 443 1784 idololatriam
470 1759 588 1797 usque
615 1753 845 1797 pertractus.
884 1745 1015 1796 Itaque
1043 1757 1127 1782 cum
1153 1744 1191 1782 in
1217 1742 1344 1782 medio
1369 1743 1516 1795 psalmo

188 1802 280 1841 illud
320 1816 469 1854 quoque
508 1804 671 1854 positum
698 1804 764 1841 sit:
803 1803 947 1842 inimici
974 1803 1055 1840 eius
1086 1802 1283 1853 pulverem
1309 1800 1517 1851 lingent,3)

188 1861 351 1899 subiecti
376 1861 505 1912 utique
531 1860 692 1912 pedibus
718 1861 854 1912 ipsius,
894 1859 941 1898 ad
969 1858 1062 1898 illud
1088 1858 1317 1910 pertinebit,
1356 1864 1518 1910 propter

189 1917 290 1969 quod
328 1917 426 1956 hunc
464 1919 645 1969 psalmum
684 1925 724 1957 et
755 1918 862 1956 intuli
896 1924 935 1955 et
960 1916 1007 1955 ad
1040 1929 1162 1955 meam
1193 1915 1422 1957 sententiam
1449 1913 1517 1954 de-

187 1973 312 2020 fendi,
356 1981 399 2012 ut
430 1976 732 2013 confirmaverim
771 1982 810 2014 et
847 1975 958 2025 regni
996 1975 1158 2026 gloriam
1197 1980 1237 2011 et
1273 1973 1515 2011 inimicorum

189 2031 466 2070 subiectionem
493 2032 699 2070 secundum
727 2032 1015 2084 dispositionem
1042 2031 1250 2077 creatoris,
1283 2036 1516 2079 consecutu-

188 2090 312 2137 rus,4)
340 2102 415 2126 non
441 2089 553 2127 alium
582 2089 827 2136 credendum,
856 2104 964 2142 quam
992 2089 1196 2128 creatoris.

307 2149 372 2187 10.
423 2145 677 2185 Revertamur
702 2161 800 2186 nunc
827 2147 874 2185 ad
902 2147 1240 2192 resurrectionem,
1267 2145 1330 2184 cui
1354 2151 1395 2184 et
1418 2143 1515 2183 alias

189 2202 340 2255 quidem
366 2204 524 2256 proprio
551 2205 784 2253 volumine-¹³)
818 2206 1074 2244 satisfecimus
1106 2203 1279 2243 omnihus
1303 2202 1515 2246 haereticis

188 2262 433 2309 resistentes3
472 2260 540 2300 sed
572 2275 644 2301 nec
676 2263 738 2302 hic
771 2262 965 2310 desumus,
1009 2269 1170 2315 propter
1199 2274 1289 2308 eos,
1327 2260 1390 2313 qui
1421 2257 1516 2298 illud

190 2319 409 2370 opusculum
437 2319 627 2370 ignorant.
692 2319 813 2368 Quid,
852 2322 928 2367 ait,
968 2321 1137 2367 facient,
1170 2319 1231 2371 qui
1258 2331 1328 2370 pro
1355 2317 1514 2357 mortuis

187 2375 447 2427 baptizantur,
487 2377 518 2415 si
550 2378 690 2415 mortui
715 2392 791 2416 non
817 2377 1097 2429 resurgunt?⁶)
1143 2375 1297 2416 Viderit
1325 2373 1513 2414 institutio

282 2524 317 2564 1)
342 2525 466 2567 Ps.72,
480 2529 510 2556 6.
526 2528 556 2559 8.
582 2526 824 2560 11017—19.
922 2528 958 2567 2)
983 2528 1090 2559 Rhen.
1117 2525 1207 2558 coni.
1232 2525 1348 2556 deum
1372 2531 1512 2554 meum-

192 2567 227 2603 3)
251 2569 304 2601 Ps.
320 2571 416 2612 72‚9.
510 2571 545 2612 4)
570 2573 712 2605 Praeter
725 2575 850 2615 Rigalt.
877 2575 973 2606 editt.
995 2580 1136 2605 omnest
1168 2571 1514 2603 consecuturum.

191 2615 227 2655 5)
252 2615 352 2648 Libro
368 2617 407 2648 de
421 2619 677 2651 resurrectione
691 2621 817 2653 carnis.
913 2622 950 2660 G)
975 2622 992 2650 1
1009 2621 1085 2650 Cor·
1101 2620 1153 2657 15,
1171 2619 1226 2649 29·
