1604 2800
447 156 1111 192 ADV.VALENT1N1ANOS.
1379 158 1444 197 82

143 368 615 428 ADVERSUS
681 369 1414 427 VALENTINIANOS.

231 540 270 582 1.
318 539 599 586 Valentiniani,
632 541 976 592 frequentissimum
1009 541 1122 593 plane
1155 542 1360 593 collegium
1387 543 1445 582 in·

114 605 176 636 tcr
201 597 443 645 haereticos,
478 599 565 650 quia
591 598 790 650 plurimum
817 611 867 637 ex
892 600 1078 651 apostatis
1103 601 1296 647 veritatis,
1330 607 1370 638 et
1395 599 1444 639 ad

114 655 263 694 fabulas
294 656 519 702 facile-est,
558 663 599 694 et
635 654 839 707 disciplina
870 670 947 694 non
979 664 1166 704 terretur,
1204 658 1297 696 nihil
1325 658 1445 708 magis

114 720 269 760 curant,
298 726 409 765 quam
434 713 647 759 occultare,
675 712 776 764 quod
802 713 1050 764 praedicant,
1077 715 1109 752 si
1135 721 1262 753 tamen
1289 714 1444 766 praedi-

114 777 222 817 cant,
261 771 324 822 qui
350 770 562 808 occultant.
626 769 835 808 Custodiae
861 771 1044 816 officium,
1073 772 1336 810 conscientiae
1364 771 1445 810 offi-

114 828 211 866 cium
239 834 312 866 est.
373 826 560 865 Confusio
591 825 859 879 praedicatur,
899 827 985 865 dum
1012 828 1151 879 religio
1177 827 1444 869 adseveratur.

111 884 210 924 Nam
237 891 277 924 et
301 885 366 923 illa
393 884 607 930 Eleusinia,
646 884 820 923 haeresis
846 892 886 923 et
911 886 992 936 ipsa
1016 885 1174 925 Atticae
1201 888 1444 938 superstitio-

113 944 189 990 nis,
223 941 324 995 quod
351 949 500 989 tacent,
527 941 652 995 pudor
677 949 748 981 est.
812 941 965 981 Idcirco
993 950 1032 981 et
1058 943 1200 982 aditum
1226 945 1330 996 prius
1357 958 1444 983 cru-

113 1001 236 1048 ciant,
261 999 404 1039 diutius
428 1000 599 1047 initiant,
627 1013 736 1052 quam
757 1001 794 1049 1)
822 1001 1072 1050 consignant,
1106 1015 1189 1039 cum
1223 1009 1385 1053 epoptas
1403 1004 1442 1049 2)

111 1065 202 1097 ante
228 1059 523 1111 quinquennium
548 1059 767 1104 instituunt,
805 1065 848 1096 ut
878 1059 1098 1109 opinionem
1129 1058 1335 1110 suspendio
1376 1073 1445 1097 co·-

113 1116 300 1166 gnitionis
325 1114 554 1162 aedificent,
592 1122 707 1166 atque
739 1116 792 1152 ita
824 1122 966 1152 tantam
993 1116 1230 1154 maiestatem
1258 1117 1443 1155 exhibere

110 1171 333 1218 videantur,
373 1179 550 1224 quantam
581 1179 900 1224 praestruxerunt
932 1171 1193 1224 cupiditatem.
1263 1172 1445 1225 Sequitur

113 1231 188 1269 iam
215 1230 357 1268 silentii
383 1229 567 1276 officium3
594 1236 742 1283 attente
771 1228 1005 1276 custoditur,
1032 1229 1134 1282 quod
1160 1229 1269 1269 tarde
1296 1232 1444 1270 inveni-

112 1295 188 1326 tur.
250 1287 431 1327 Ceterum
457 1293 540 1324 tota
566 1287 603 1324 in
629 1285 756 1339 adytis
781 1286 978 1333 divinitas,
1012 1294 1070 1325 tot
1093 1289 1255 1339 suspiria
1282 1297 1445 1340 epopta-

114 1358 210 1391 rum,
230 1346 268 1394 3)
295 1351 416 1383 totum
442 1344 680 1395 signaculum
706 1345 872 1395 linguae,
899 1345 1142 1384 simulacrum
1169 1346 1327 1383 membri
1352 1348 1446 1385 viri-

113 1403 160 1441 lis
191 1402 398 1441 revelatur.
460 1400 539 1440 Sed
577 1409 737 1440 naturae
769 1401 1027 1440 venerandum
1059 1415 1198 1441 nomen
1229 1403 1443 1454 allegorica

114 1459 316 1512 dispositio
348 1457 610 1511 praetendens
641 1460 860 1511 patrocinio
898 1467 1061 1498 coactae
1099 1460 1245 1511 figurae
1284 1462 1444 1501 sacrile-

112 1518 216 1570 gium
243 1517 437 1563 obscurat,
464 1524 504 1556 et
524 1517 738 1555 convicium
764 1517 849 1555 falsi
876 1517 1089 1556 simulacris
1113 1525 1286 1557 excusat.
1348 1518 1446 1558 Pro-

112 1574 202 1617 inde
230 1589 324 1627 quos
349 1588 449 1613 nunc
475 1573 709 1613 destinamus
734 1575 968 1621 haereticos,
995 1577 1140 1614 sanctis
1165 1576 1379 1615 nominihus
1406 1584 1446 1615 et

113 1633 234 1672 titulis
264 1639 304 1672 et
337 1633 572 1683 argumentis
603 1644 719 1670 verae
752 1633 953 1682 religionis
984 1633 1187 1671 vanissima
1217 1640 1332 1684 atque
1365 1641 1445 1672 tur-

112 1691 268 1742 pissima
292 1690 474 1740 figmenta
500 1689 787 1739 configurantes
812 1690 917 1727 facili
945 1690 1098 1728 caritati
1124 1703 1174 1729 ex
1199 1689 1351 1731 divinae
1377 1705 1446 1729 co-

114 1749 201 1799 piae
228 1747 450 1792 oecasione,
478 1747 564 1797 quia
594 1745 644 1784 de
671 1746 796 1783 multis
821 1746 938 1784 multa
962 1745 1175 1785 succedere
1196 1754 1266 1793 est,
1294 1747 1446 1786 Eleusi-

114 1805 179 1843 nia
205 1803 475 1842 Valentiniana
492 1804 531 1849 ⁴)
559 1803 737 1840 feceruut
768 1803 978 1848 lenocinia,
1016 1811 1150 1842 sancta
1180 1805 1334 1843 silentio
1366 1819 1446 1844 ma-

115 1874 213 1914 gno,
252 1861 334 1899 sola
371 1861 634 1899 taciturnitate
673 1859 873 1898 coelestia.
936 1860 979 1899 Si
1015 1860 1116 1900 bona
1156 1860 1230 1915 fide
1268 1875 1444 1914 quaeras,

106 1925 303 1959 'concreto
327 1918 451 1965 vultu,
489 1930 675 1969 suspenso
700 1918 931 1969 supercilio:
963 1918 1078 1956 altum
1105 1925 1182 1965 est,
1220 1920 1339 1958 aiunt.
1401 1919 1445 1959 Si

116 1977 308 2016 subtiliter
333 1983 473 2022 tentes,
500 1988 572 2026 per
590 1974 858 2026 ambiguitates
873 1975 1063 2026 bilingues
1078 1989 1316 2016 communem
1331 1977 1443 2017 fidem

116 2035 316 2074 affirmant.
374 2032 415 2072 Si
442 2034 544 2072 scire
571 2039 607 2071 te
634 2031 906 2079 subostendas,
934 2040 1088 2084 negant,
1115 2034 1296 2087 quicquid
1322 2049 1443 2087 agno·-

116 2099 241 2131 scunt.
278 2090 320 2130 Si
347 2092 519 2130 cominus
545 2097 685 2136 certes,
712 2091 898 2137 fatuam5)
917 2091 1202 2143 simplicitatem
1228 2105 1295 2131 sua
1321 2093 1443 2132 caede

117 2149 354 2202 dispergunt.
422 2147 483 2187 Ne
520 2147 716 2199 discipulis
751 2147 902 2200 quidem
941 2150 1107 2200 propriis
1143 2157 1233 2189 ante
1271 2152 1444 2189 commit-

117 2214 213 2254 tunt,
240 2219 350 2259 quam
377 2219 466 2244 suos
490 2206 672 2244 fecerint.
710 2205 863 2245 Habent
879 2206 1098 2254 artificium,
1126 2220 1199 2259 quo
1226 2208 1330 2259 prius
1356 2221 1444 2259 per-

210 2336 247 2375 1)
274 2334 550 2374 Rig.linguum
566 2333 840 2374 consignant.
935 2333 972 2372 2)
992 2333 1133 2364 Praeter
1147 2333 1332 2374 Rigaltium
1348 2335 1444 2365 editt.

117 2390 255 2413 omnen:
280 2385 321 2411 ct
341 2382 497 2419 portas.
609 2377 647 2422 3)
673 2379 780 2410 Rhen-
800 2379 835 2411 in
854 2379 905 2411 ed.
926 2381 948 2412 Ι.
977 2383 1038 2410 tot
1065 2389 1178 2418 susp.
1205 2382 1444 2419 portarum,

117 2428 176 2459 scd
189 2427 312 2458 deinde
324 2426 495 2457 correxit:
520 2427 585 2456 tot
604 2425 769 2464 siparia
788 2430 1028 2465 portat-unu
1055 2426 1233 2465 Rig.tota
1252 2426 1444 2464 suspiria

117 2477 382 2513 cpoptarum.
477 2470 516 2514 4)
541 2471 616 2512 Rig.
638 2471 951 2503 Valentiniani.
1050 2473 1088 2510 5)
1114 2471 1172 2503 Sic
1197 2473 1331 2506 entend.
1351 2473 1443 2513 Rig.;

118 2520 226 2564 mica.
264 2520 298 2550 in
336 2520 387 2550 ed.
419 2521 443 2550 1.
470 2521 589 2549 certe
627 2519 832 2555 statuum,
871 2526 960 2556 quae
995 2517 1119 2548 deinde
1156 2527 1246 2550 corr.
1281 2521 1443 2559 certes,

117 2566 231 2597 tuam
251 2569 317 2596 etc.
