1566 2808
262 254 338 286 DE
372 253 1008 288 PRAEscRu’Tlo-Nlssus
1042 250 1291 283 HAERET.
1373 249 1446 286 39

119 347 246 401 lypsin
269 348 377 400 qnasi
400 347 498 386 falsa
522 320 664 385 reiicit.
698 345 792 385 Post
816 346 917 385 bunc
943 327 1152 397 discipulus
1177 344 1296 396 ipsius
1321 355 1447 382 emer-

118 407 171 445 sit
201 403 380 444 Marcion
416 403 569 457 quidam
605 405 780 450 nomine,
830 403 1014 442 Ponticus
1057 414 1222 454 genere,
1272 398 1447 460 episcopi

119 460 238 509 iilius,
262 469 425 514 propter
448 470 619 514 stuprum
644 460 838 501 cuiusdam
862 461 1023 512 virginis
1047 460 1095 498 ab
1122 459 1332 517 ecclesiae-⁴,
1342 472 1448 497 com-

118 520 378 559 municatione
414 520 602 559 abiectus.
664 519 736 558 Hic
762 532 812 557 ex
838 519 1065 564 occasione,
1104 530 1194 569 qua
1206 503 1365 572 dictnm'
1377 517 1446 554 sit.

119 577 243 617 omnis
265 577 384 616 arbor
407 577 510 616 bona
533 577 657 615 bonos
678 578 824 615 fructus
849 577 956 623 facit,
982 575 1082 614 mala
1107 581 1250 622 antem,·
1258 570 1384 612 malos
1393 574 1446 621 1),

118 635 303 675 haeresin
326 634 517 673 Cerdonis
542 635 759 686 approbare
786 641 946 685 conatus
971 640 1049 679 est,
1082 623 1446 678 e·1dem*2{)'idic‘ere,

120 705 219 746 quae
254 692 321 732 ille
358 694 537 744 superior
567 692 788 731 haereticus
824 698 913 729 ante
946 689 1111 728 dixerat.
1171 688 1330 728 Exstitit
1360 695 1448 739 post

118 750 220 789 bunc
256 748 436 788 Lucanus
474 748 624 801 quidam
661 749 833 795 nomine,
869 747 1083 786 Marcionis
1120 753 1296 784 sectator
1331 753 1446 797 atque

119 806 349 861 discipulus,
388 814 428 845 et
464 806 528 845 hic·
558 819 630 858 pcr
660 805 796 845 eadem
825 804 970 844 vadens
1000 803 1260 856 blasphemiae
1286 816 1445 857 genera,

119 864 255 904 eadem
292 863 422 911 docet,
461 877 558 916 quae
589 864 766 902 Marcion
806 870 847 902 et
873 853 1028 902 Cerdon
1067 833 1310 900 docuerant.o
1354 860 1447 899 Post

118 922 191 962 hos
215 922 459 978 subsequitur
481 921 660 974 Apelles,
700 921 908 974 discipulus
931 920 1163 966 Marcionis,
1192 920 1265 971 qui
1290 925 1446 971 postea-

93 993 231 1033 μ’Ψιειιιι
266 981 306 1019 ἰιι
338 993 494 1019 carnem
527 993 632 1018 suam
665 980 793 1032 lapsus
823 986 901 1026 est,
940 992 963 1016 a
987 978 1189 1016 Marcione
1214 983 1445 1028 segregatus

98 1039 192 1077 'est-
254 1037 328 1081 Hic
358 1037 571 1076 introducit
600 1051 714 1076 ιιιιιιιιι
746 1036 857 1076 deum
888 1037 1046 1075 infinitis
1070 1035 1333 1087 superioribus
1359 1047 1446 1086 par-

115 1095 234 1142 ubas,
260 1095 359 1134 hunc
384 1102 598 1148 potestates
623 1097 759 1134 multas
785 1095 1022 1146 angelosque
1043 1094 1197 1131 fecisse.
1231 1091 1445 1143 Propterea

119 1158 161 1192 et
184 1153 297 1191 aliam
320 1154 518 1199 virtutem,
546 1166 655 1205 quam
682 1152 795 1199 dicit,
823 1152 1014 1194 dominum
1040 1150 1147 1196 dicit,
1174 1149 1242 1187 sed
1267 1149 1444 1199 angelum

120 1211 242 1263 ponit.
304 1209 438 1257 11003)
466 1210 546 1247 vult
574 1209 698 1248 videri
730 1208 906 1247 mundum
937 1209 1150 1246 institutum
1182 1205 1231 1244 ad
1261 1206 1444 1244 imitatio—

120 1280 208 1306 nem
244 1266 373 1306 mundi
409 1268 638 1320 snperioris3
678 1267 740 1305 cui
770 1265 910 1305 mundo
941 1266 1211 1318 permiscuisse
1243 1265 1446 1315 poeniten-

118 1326 231 1372 tiam,
257 1326 346 1377 qnia
370 1338 446 1363 non
472 1325 575 1363 illum
601 1328 675 1363 tam
701 1325 876 1376 perfecte
902 1324 1078 1369 fecisset,
1106 1335 1215 1378 quam
1241 1321 1307 1359 ille
1332 1332 1446 1372 supe-

119 1384 205 1422 rior
232 1381 392 1420 mundus
422 1383 615 1420 institutus
646 1382 792 1420 fuisset.
854 1381 999 1432 Legem
1032 1387 1073 1418 et
1096 1374 1305 1431 prophetas
1330 1391 1445 1429 repn-

88 1486 91 1489 ,
121 1438 220 1486 diat,
265 1439 459 1479 Christum
483 1449 618 1491 ineque
655 1438 993 1491 in-phantasmate
1032 1437 1128 1475 dicit
1164 1435 1302 1482 fuisse,
1346 1436 1446 1473 sicut

119 1497 316 1544 Marcion,
348 1509 473 1549 neque
504 1498 543 1535 in
569 1497 782 1535 substantia
805 1498 890 1536 veri
914 1496 1111 1548 corporiS,
1139 1500 1179 1532 ut
1204 1493 1445 1544 evangelium

121 1554 256 1602 docet,
279 1554 363 1594 ⁷sed
387 1556 425 1593 in
451 1565 536 1602 eo,·
558 1554 659 1607 quod
692 1568 714 1593 e
745 1554 1009 1606 superioribus
1034 1552 1206 1606 partibus
1233 1549 1445 1590 descende-

112 1617 199 1661 ret,
238 1614 321 1666 ipso
348 1611 535 1651 descensu
562 1612 751 1652 sideream
777 1612 850 1651 sibi
876 1623 1031 1650 carnem
1055 1617 1105 1665 (et
1128 1612 1282 1648 ae'ream
1310 1615 1444 1647 conte-

117 1671 267 1719 xuisse3
299 1671 463 1709 hunc—in
490 1671 776 1710 resurrectione
802 1670 962 1721 singulis
992 1669 1205 1721 quibusque
1229 1667 1444 1712 elementis,

120 1740 219 1783 quae
247 1729 288 1766 in
306 1727 508 1767 descensu
540 1742 608 1766 suo
633 1735 804 1766 mutuata
826 1726 1010 1773 fuissent,
1048 1727 1088 1764 in
1120 1737 1284 1763 ascensu
1315 1722 1445 1762 reddi-

122 1786 243 1832 disse,
281 1793 323 1823 et
352 1786 408 1823 sic
440 1784 623 1837 dispersis
655 1775 864 1837 quibusque
893 1784 1070 1835 corporis
1094 1783 1162 1820 sui·
1175 1782 1368 1834 partibus,
1406 1782 1445 1819 in

121 1843 235 1882 coelo
260 1843 432 1895 spiritum
465 1849 608 1880 tantum
639 1841 868 1881 reddidisse.
931 1840 1004 1879 Hic
1036 1841 1163 1879 carnis
1188 1839 1445 1879 resurrectio-

119 1913 206 1940 nem
231 1907 362 1952 negat.
397 1898 492 1938 Solo
518 1900 637 1938 utitur
661 1906 701 1938 et
708 1895 935 1952 Apostolo,
961 1891 1030 1936 sed
1054 1895 1279 1943 Marcionis,
1306 1896 1346 1935 id
1371 1903 1442 1942 est,

115 1972 197 1998 non
222 1956 602 1996 to'to.Anima1um
627 1957 797 1995 solarum
822 1956 918 1995 dicit
948 1956 1123 1994 salutem.
1179 1954 1307 1994 Habet
1330 1966 1445 2006 prae-

117 2023 229 2056 terea
253 2016 440 2068 privatam,
467 2013 538 2053 sed
562 2014 892 2054 extraoidinarias
918 2014 1107 2052 lectiones
1132 2026 1232 2059 suas,
1260 2025 1352 2064 quas
1377 2025 1445 2064 ap-

102 2074 241 2127 -pellat
276 2073 550 2129 phaneroseis,
598 2072 844 2113 Philumenes
878 2070 1075 2111 cuiusdam
1118 2071 1289 2123 puellae,
1334 2083 1445 2122 quam

119 2132 227 2184 qnasi
257 2131 535 2184 prophetissam
566 2131 751 2182 sequitur.
813 2129 941 2169 Habet
963 2136 1171 2182 praeterea
1195 2140 1286 2166 suos
1310 2128 1443 2173 libros,

121 2203 222 2258 qnos
234 2190 430 2242 inscripsit
443 2187 778 2241 syllogismorum,
804 2189 843 2226 in
870 2186 1004 2240 quibus
1030 2186 1197 2239 probare
1222 2184 1315 2232 vult,
1343 2184 1445 2237 quod

121 2248 267 2295 omnia,
306 2259 554 2300 quaecunque
590 2245 750 2299 Moyses
785 2245 834 2285 de
861 2245 936 2284 deo
973 2245 1192 2297 scripserit,
1235 2246 1331 2282 vera
1367 2255 1444 2280 non

119 2305 309 2354 sin1,sed
333 2306 430 2344 falsa
454 2306 542 2343 sint.

236 2366 304 2406 52.
354 2356 422 2401 nis
452 2362 662 2405 haereticis
694 2361 867 2400 omnibus
897 2359 1054 2399 accedit
1077 2360 1260 2400 Tatianus
1288 2356 1443 2410 quidam

118 2423 221 2462 alter
245 2421 478 2460 haereticus·
540 2418 611 2457 Hic
642 2417 776 2456 lustini
801 2419 981 2470 martyris
1008 2416 1215 2468 discipulus
1241 2416 1330 2463 fuit,
1356 2422 1445 2468 post

158 2523 166 2528 “
215 2525 253 2565 1)
277 2523 400 2555 nauh.
421 2524 454 2562 Ἰ,
480 2524 535 2553 17.
652 2522 686 2563 2)
711 2522 829 2554 Iunius
858 2530 946 2553 corr.
973 2522 1117 2553 eadem
1141 2521 1305 2561 dicem,
1321 2521 1443 2553 ⁴Setnl.

121 2571 262 2603 endem
273 2580 325 2610 qu
337 2579 356 2601 e
380 2569 446 2600 dic
457 2579 536 2600 ere.
587 2570 656 2602 Sed
669 2570 829 2609 suspicor
842 2577 894 2599 vv.
913 2570 1117 2599 eadem*-
1137 2568 1206 2599 dix
1217 2570 1311 2599 erut
1330 2566 1441 2599 inier-

118 2617 348 2657 pret-tionem
366 2625 443 2647 esse
459 2616 618 2649 alienam.
702 2614 742 2658 3)
767 2615 886 2647 lunius
899 2615 1081 2656 legendam
1096 2616 1231 2647 cen-et:
1256 2615 1361 2646 Hinc
1389 2615 1443 2646 vel

118 2665 166 2695 ab
190 2663 285 2703 hoc3
313 2663 416 2697 Semi.
435 2663 545 2693 huic.
