1624 2826
0 2591 9 2600 “-
0 2535 18 2586 ςνεε
0 2204 24 2530 ,VQWVWss'
0 2155 14 2198 vr-
0 2141 5 2148 ⁸

377 206 896 240 Anv.a1AR010NEM
933 207 1108 238 menn
1143 207 1184 239 v.
1349 205 1446 243 28³¹

117 300 351 342 con-diarum.
412 298 455 339 Si
484 312 578 339 vcro
610 312 661 338 ex
691 311 740 337 eo
771 305 946 350 tempore
983 299 1082 337 hunc
1120 298 1269 337 titulum
1306 297 1343 335 ei
1379 295 1449 336 ad-

116 359 270 405 scribit,
310 371 384 410 quo
415 357 608 396 revelatus
640 357 747 408 quasi
778 355 919 394 exinde
951 357 1002 394 sit
1026 363 1138 407 pater
1162 353 1449 394 misericordia-

116 429 218 463 rum,
257 429 332 468 quo
359 415 526 460 liberare
552 415 717 452 instituit
749 427 870 465 genus
896 413 1116 461 humanum3
1155 413 1287 464 atquin
1314 419 1354 450 et
1379 403 1449 450 nos

116 487 167 513 ex
204 486 252 513 eo
290 480 464 525 tempore
503 484 685 523 negamus
725 472 847 517 illum,
886 484 936 510 ex
968 485 1042 522 qno
1075 470 1216 509 dicitur
1242 469 1448 516 revelatus,

117 545 195 570 non
219 537 349 583 potest
372 531 491 581 igitur
515 528 657 581 aliquid
684 530 721 567 ei
746 528 984 575 adscribere,
1013 541 1123 579 quem
1149 535 1238 566 tunc
1265 525 1454 573 ostendit„

119 601 204 627 cum
241 587 385 640 aliquid
400 587 437 640 ¹)
476 587 512 625 ei
549 586 750 625 adscribit.
813 585 855 624 Si
881 587 981 624 enim
1009 587 1114 637 prius
1140 591 1339 624 constaret
1364 597 1451 623 eum

118 658 219 693 esse,
246 652 336 684 tunc
362 651 403 683 et
427 643 598 683 adscribi
629 645 665 682 ei
691 650 832 695 potest.
893 642 1090 682 Accidens
1116 644 1216 681 enim
1243 649 1320 688 est,
1348 640 1450 693 quod

119 702 371 749 adscribitur,
410 700 630 741 accidentia
655 708 781 739 autem
813 700 1011 739 antecedit
1035 701 1153 752 ipsius
1178 700 1237 738 rei
1263 700 1450 746 ostensio,

119 761 183 799 cui
207 759 407 806 accidunt,
434 759 597 796 maxime
623 772 707 796 cum
734 759 807 796 iam
834 758 993 796 alterius
1018 764 1102 804 est,
1135 755 1236 808 quod
1261 754 1450 793 adscribi-

119 818 261 863 tur-ei,
301 818 365 868 qui
391 817 496 868 prius
522 829 597 853 non
623 816 673 852 sit
698 821 887 852 ostensus.
946 814 1072 865 Tanto
1095 814 1219 864 magis
1246 812 1452 864 negabitur

118 886 224 920 esse,
263 880 425 926 quanto,
464 886 535 924 per
560 871 661 924 quod
687 871 894 910 affirmatur
918 884 1024 918 csse,
1064 872 1146 910 eius
1172 877 1248 917 est,
1287 871 1350 921 qui
1376 870 1450 908 iam

120 938 296 970 ostensus
321 938 393 969 est.
456 929 522 968 Sic
548 937 589 968 et
613 936 881 967 testamentum
910 942 1046 967 novum
1073 942 1148 966 non
1175 928 1334 966 alterius
1361 928 1448 974 erit,

120 1001 230 1041 quam
257 990 320 1041 qui
344 986 438 1026 illud
463 987 700 1039 repromisit,
728 988 801 1025 etsi
827 1000 901 1025 non
930 987 1055 1033 litera,
1082 993 1122 1024 at
1136 987 1219 1024 eius
1232 985 1451 1037 spiritus‚2)

120 1046 195 1085 hoe
232 1047 309 1084 erit
345 1046 507 1084 novitas.
581 1044 780 1096 Denique,
825 1045 887 1095 qui
926 1045 1074 1082 literam
1115 1043 1252 1083 tabulis
1290 1041 1452 1094 lapideis

121 1102 332 1150 inciderat,
378 1102 480 1142 idem
512 1110 553 1141 et
583 1101 630 1141 de
663 1103 799 1154 spiritu
832 1101 1027 1140 edixerat:
1067 1100 1259 1140 effundam
1290 1099 1338 1138 de
1365 1113 1451 1138 meo

104 1161 260 1212 ,spiritu
285 1161 323 1198 in
349 1173 499 1198 omnem
526 1160 744 1209 carnem.³)
806 1158 857 1197 Et
881 1160 914 1197 si
946 1160 1059 1196 litera
1091 1157 1256 1203 occidit,
1296 1157 1452 1207 spiritus

123 1229 217 1255 vero
242 1215 479 1268 vivificat,4)
506 1218 588 1255 eius
615 1223 814 1267 utrumque
847 1223 924 1261 est,
958 1216 1020 1266 qui
1045 1217 1118 1253 ait:
1168 1227 1243 1265 ego
1277 1212 1452 1252 occidam

124 1281 164 1312 et
189 1286 264 1325 ego
289 1273 520 1319 vivificabo,
559 1273 771 1324 percutiam
803 1279 842 1311 et
867 1267 1074 1322 sanabo.5)
1136 1271 1243 1310 Olim
1260 1270 1453 1323 duplicem

122 1332 198 1370 vim
225 1332 414 1370 creatoris
438 1329 733 1376 vindicavimus,
761 1337 802 1368 et
826 1329 963 1368 iudicis
989 1336 1029 1368 et
1052 1328 1212 1381 boni,⁶)
1245 1329 1358 1367 litera
1384 1341 1452 1366 oc-

126 1388 291 1427 cidentis
327 1402 399 1441 per
435 1388 561 1439 legem
593 1395 632 1426 et
661 1388 798 1439 spiritu
827 1387 1055 1424 vivificantis
1093 1399 1162 1437 per
1198 1386 1452 1437 evangelium.

124 1445 215 1485 Non
238 1453 399 1498 possunt
423 1444 519 1483 duos
544 1444 639 1483 deos
665 1445 811 1490 facere,
839 1445 901 1495 qui
928 1445 1000 1482 etsi
1027 1442 1191 1490 diversa,
1219 1442 1318 1495 apud
1340 1456 1454 1481 unum

124 1504 324 1543 recenseri
372 1509 669 1555 praevenerunt.
744 1501 1032 1540 Commemorat
1079 1508 1119 1539 et
1167 1500 1215 1539 de
1265 1501 1454 1539 velamine

123 1559 271 1613 Moysi,
309 1574 383 1612 quo
410 1561 549 1598 faciem
575 1559 751 1610 tegebat,
791 1558 1165 1610 incontemplabilem
1199 1558 1287 1596 filiis
1314 1558 1454 1606 Israel;

125 1619 158 1657 si
182 1617 294 1665 ideo,
332 1625 373 1657 ut
398 1618 613 1656 claritatem
639 1618 823 1655 maiorem
850 1615 1082 1655 defenderet
1106 1617 1194 1654 novi
1220 1616 1454 1661 testamenti,

126 1674 229 1728 quod
252 1682 382 1714 manet
411 1676 449 1714 in
475 1675 619 1726 gloria,
658 1687 769 1726 quam
793 1674 957 1720 veteris,
996 1672 1098 1725 quod
1130 1674 1311 1712 evacuari
1338 1673 1456 1711 babe-

127 1733 215 1771 bat:
233 1732 274 1785 Ἰ)
311 1733 386 1772 hoc
412 1739 454 1770 et
477 1745 586 1771 meae
614 1732 794 1770 convenit
821 1730 910 1770 fidei
935 1732 1190 1782 praeponenti
1216 1730 1457 1781 evangelium

129 1790 234 1840 legi,
266 1796 307 1828 et
329 1788 437 1832 vide,
470 1802 518 1826 ne
551 1790 674 1838 magis
705 1800 827 1826 meae.
890 1788 972 1826 Illic
1005 1789 1105 1825 enim
1144 1788 1219 1825 erit
1250 1787 1460 1838 superponi

130 1845 238 1897 quid,
276 1846 343 1884 ubi
367 1845 485 1883 fuerit
509 1851 550 1882 et
574 1843 686 1890 illud,
721 1845 782 1881 cui
809 1844 1091 1895 superponitur.
1152 1842 1205 1881 At
1231 1857 1315 1882 cum
1341 1842 1456 1882 dicit:

129 1902 196 1942 sed
224 1903 351 1941 obtusi
375 1909 464 1940 sunt
488 1914 620 1940 sensus
646 1899 841 1951 mundi,⁸)
884 1914 960 1938 non
985 1901 1115 1952 utique
1143 1902 1352 1948 creatoris,
1389 1899 1458 1939 sed

130 1960 282 2013 populi,
322 1961 385 2012 qui
417 1960 455 1998 in
487 1957 627 1997 mundo
661 1964 732 1996 est.
794 1957 851 1996 De
883 1957 1003 2000 Israel
1035 1959 1134 1996 enim
1161 1957 1275 1997 dicit:
1313 1958 1362 1997 ad
1388 1958 1459 1996 bo-

131 2018 449 2068 diernum·usque
474 2017 648 2055 velamen
675 2014 714 2053 id
739 2016 859 2067 ipsum
885 2016 922 2053 in
949 2014 1069 2054 corde
1096 2015 1290 2068 eorum.⁹)
1344 2015 1460 2067 Figu-

131 2074 284 2124 ram¹⁰)
321 2074 490 2114 ostendit
521 2074 637 2112 fuisse
668 2072 842 2111 velamen
873 2073 990 2111 faciei
1021 2074 1059 2111 in
1089 2073 1227 2126 Moyse
1258 2074 1459 2112 velaminis

132 2131 264 2171 cordis
301 2134 341 2171 in
372 2132 534 2184 populo,
573 2131 661 2182 quia
692 2142 763 2168 nec
801 2143 900 2169 nunc
939 2129 1039 2183 apud
1078 2131 1165 2169 illos
1202 2132 1461 2183 perspiciatur

131 2189 289 2242 Moyses
314 2188 448 2234 corde,
481 2190 580 2227 sicut
611 2200 683 2226 nec
709 2188 809 2227 facie
835 2195 939 2226 tunc.
1003 2187 1100 2236 Quid
1126 2195 1187 2227 est
1211 2201 1307 2240 ergo
1333 2187 1458 2227 adhuc

132 2247 298 2285 velatum
323 2247 361 2284 in
385 2245 542 2298 Moyse,
582 2244 684 2297 quod
714 2246 908 2296 pertineat
932 2244 981 2283 ad
1005 2245 1182 2291 Paulum,
1226 2247 1258 2284 si
1285 2245 1460 2284 Christus

135 2304 324 2342 creatoris
361 2316 382 2341 a
420 2303 557 2355 Moyse
594 2301 840 2354 praedicatus
878 2301 1044 2342 nondum
1081 2303 1212 2342 venit?
1267 2300 1459 2354 quomodo

229 2466 264 2502 1)
295 2465 367 2505 Rig.
394 2464 521 2495 aliud.
618 2461 656 2505 2)
684 2465 796 2496 2Cor.
816 2464 848 2502 3,
870 2465 902 2495 2.
921 2465 953 2496 3.
1049 2461 1087 2506 3)
1115 2463 1231 2502 {oe13,
1249 2464 1281 2494 1.
1321 2468 1325 2470 ’
1376 2459 1414 2502 4)
1442 2463 1463 2491 2

136 2512 212 2542 Cor.
228 2512 260 2549 3,
276 2512 309 2540 6.
407 2511 439 2548 5)
467 2511 567 2540 Dent.
582 2510 637 2548 32,
654 2511 708 2540 39.
803 2510 840 2548 6)
868 2510 942 2540 adv.
955 2510 1064 2540 Marc.
1088 2511 1117 2547 2,
1135 2510 1188 2538 11.
1282 2508 1320 2546 7)
1348 2509 1368 2538 2
1383 2509 1461 2539 Cor.

137 2558 169 2593 3.
196 2558 227 2587 7.
253 2557 306 2587 13.
354 2556 465 2587 Exod.
493 2557 548 2595 34,
571 2557 612 2586 29
633 2565 705 2594 sqq.
726 2567 740 2578 ·
813 2557 850 2595 8)
888 2556 908 2585 2
925 2556 1001 2585 Cor.
1026 2557 1058 2594 3,
1076 2557 1130 2586 14.
1224 2554 1261 2595 9)
1290 2555 1335 2586 ib.
1357 2564 1386 2587 v.
1407 2556 1462 2585 15.

138 2601 278 2644 10)F1·.
303 2603 378 2633 Iun.
405 2605 439 2632 et
455 2602 528 2642 Rig.
554 2601 769 2643 Figuram,
802 2601 925 2632 ceteri:
956 2601 1207 2641 figuratum.
