1604 2800
158 179 266 217 3⁰2
609 176 1049 209 ADV.1UDAEOS.

159 286 207 313 eo
234 279 420 323 tempore,
446 267 527 321 'quo
554 280 622 307 eos
648 267 695 307 de
721 275 827 307 terra
851 267 1023 322 Aegypti
1049 265 1248 320 produxit,
1281 264 1487 308 ostendere

159 338 199 369 ct
223 329 388 382 probare
420 325 646 373 debeamus,
683 333 759 364 tam
798 326 922 378 legem
960 326 1062 364 illam
1098 332 1270 364 veterem
1302 337 1490 371 cessasse,

160 400 269 439 quam
307 386 432 437 legem
470 395 605 422 novam
641 384 865 436 promissam
897 393 995 422 nuuc
1023 383 1195 435 operari,
1264 381 1315 421 Et
1339 380 1491 434 quidem

158 444 331 496 inprimis
362 440 640 494 quaerendum,
678 454 726 479 an
757 448 1006 494 exspectetur
1035 453 1158 479 novae
1191 439 1289 491 legis
1320 439 1424 479 lator
1453 445 1494 479 et

160 502 250 540 novi
281 500 499 539 testamenti
531 499 669 538 haeres
701 505 741 538 et
771 512 956 538 novorum
993 497 1272 537 sacrificiorum
1309 494 1494 545 sacerdos

161 566 201 597 et
224 570 347 596 novae
386 557 691 596 circumcisionis
727 563 915 608 purgator
939 562 979 595 et
1002 556 1151 594 aeterni
1178 554 1327 594 sabbati
1354 553 1494 600 cultor,

162 617 223 667 qui
245 615 370 667 legem
394 621 566 653 veterem
593 621 828 666 compescat,
855 621 896 653 et
915 627 1052 652 novum
1067 615 1101 662 ¹)
1130 618 1397 651 testamentum
1417 616 1495 650 sta-

161 679 261 719 tuat,
295 679 335 711 et
359 685 457 710 nova
487 671 681 710 sacrificia
713 671 870 719 offerat,
902 679 943 710 et
968 670 1208 710 ceremonias
1234 669 1408 721 antiquas
1432 679 1497 707 re-

162 730 318 782 primat,
358 736 397 767 et
434 730 766 766 circumcisionem
803 737 976 766 veterem
1015 740 1100 766 cum
1130 741 1198 766 suo
1230 726 1302 765 sibi
1334 724 1496 765 sabbato

164 792 413 838 compescat,
459 792 500 823 ct
537 798 670 823 novum
715 797 900 836 regnum,
950 783 1052 837 quod
1095 798 1172 823 non
1216 788 1496 836 corrumpatur,

165 842 375 881 adnuntiet.

280 957 336 982 DE
368 955 640 982 NATtvl'rATE
674 955 870 982 cunts'rl.
936 954 1170 981 AnvnNrus
1202 954 1378 982 mamus.

283 1011 369 1057 Hic,
396 1012 561 1062 inquam,
588 1023 710 1048 novae
732 1011 830 1061 legis
850 1010 962 1057 lator,
989 1010 1138 1049 sabbati
1159 1010 1341 1062 spiritalis
1362 1008 1502 1056 cultor,

169 1068 447 1108 sacrificiorum
484 1074 731 1106 aeternorum
769 1068 947 1114 antistes,
985 1068 1097 1118 regui
1133 1067 1284 1106 aeterni
1321 1071 1504 1105 aeternus

169 1126 399 1171 dominator,
428 1123 701 1176 quaerendum,
728 1137 776 1162 an
802 1125 880 1163 iam.
901 1125 1066 1171 venerit,
1094 1137 1166 1163 nec
1192 1137 1254 1164 ne.
1298 1122 1350 1162 Et
1373 1123 1405 1162 si
1429 1123 1504 1161 iam

169 1184 287 1230 venit,
314 1180 555 1221 serviendum
582 1188 642 1220 est
665 1182 734 1228 illi,
761 1182 793 1220 si
819 1181 982 1220 necdum
1007 1183 1130 1229 venit,
1163 1179 1407 1220 sustinendus
1431 1186 1503 1226 est,

171 1239 375 1279 dummodo
396 1239 634 1278 manifestum
655 1240 716 1285 sit,
739 1238 903 1277 adventu
924 1239 1006 1278 eius
1027 1239 1225 1291 comprimi
1245 1239 1343 1290 legis
1360 1237 1506 1276 veteris

172 1304 401 1350 praecepta,
435 1303 476 1335 et
507 1297 661 1348 operari
694 1294 838 1335 debere
871 1308 993 1335 novae
1025 1296 1124 1347 legis
1156 1294 1331 1335 exordia.
1392 1293 1443 1332 Et
1467 1294 1505 1333 in

172 1356 305 1407 primis
326 1352 583 1392 definiendum
603 1359 674 1399 cst,
701 1366 776 1390 non
802 1355 972 1404 potuisse
995 1366 1148 1392 cessare
1169 1353 1294 1404 legem
1314 1351 1507 1404 antiquam

174 1419 214 1450 et
237 1411 459 1462 prophetas,
486 1411 558 1448 nisi
581 1410 751 1448 venisset
775 1411 819 1457 is,
853 1411 916 1462 qui
941 1423 1012 1462 per
1036 1409 1198 1450 eandem
1224 1410 1349 1462 legem
1375 1415 1414 1448 et
1439 1420 1509 1461 per

175 1466 331 1506 eosdem
358 1466 566 1518 prophetas
590 1474 773 1504 venturus
797 1466 1107 1506 adnuntiabatur.

293 1526 332 1564 7.
371 1522 493 1573 Igitur
518 1523 555 1560 in
582 1523 656 1560 isto
683 1522 843 1573 gradum
870 1525 1126 1571 conferamus,
1153 1537 1215 1570 an,
1243 1525 1306 1576 qui
1325 1529 1510 1563 venturus

178 1580 352 1620 Chris-tus
377 1578 687 1626 adnuntiabatur,
714 1580 787 1617 iam
812 1581 975 1627 venerit,
1002 1593 1050 1620 an
1075 1587 1257 1619 venturus
1277 1580 1402 1619 adhuc
1421 1591 1510 1631 spe-

177 1643 297 1677 retur.
361 1635 471 1683 Quod
502 1636 622 1687 ipsum
646 1642 688 1674 ut
712 1636 869 1687 probari
900 1638 1038 1689 possit,
1073 1638 1187 1677 etiam
1220 1644 1395 1688 tempora
1425 1642 1512 1674 sunt

177 1694 288 1733 nobis
313 1691 558 1745 requirenda,
586 1692 736 1745 quando
761 1700 960 1732 venturum
987 1693 1179 1732 Christum
1204 1693 1418 1746 prophetae
1442 1691 1512 1731 ad-

178 1751 467 1796 nuntiaverunt,
498 1757 558 1795 ut,
590 1751 622 1788 si
653 1751 753 1788 intra
778 1751 852 1790 ista
877 1758 1052 1804 tempora
1077 1751 1420 1803 recognoverimus
1443 1761 1512 1789 ve-

179 1810 280 1847 nisse
301 1820 400 1854 eum‚
427 1807 510 1846 sine
537 1806 652 1845 dubio
679 1808 800 1859 ipsum
825 1821 912 1846 esse
939 1807 1153 1856 credamus,
1181 1821 1290 1861 quem
1310 1813 1511 1847 venturum

179 1865 393 1918 prophetae
420 1864 623 1912 canebant,
649 1866 688 1903 in
715 1877 824 1916 quem
851 1868 947 1912 noS‚‘
966 1872 1103 1916 gentes
1128 1866 1292 1912 scilicet,
1326 1862 1512 1904 credituri

180 1922 509 1969 adnunfiabamur,
542 1929 583 1961 et
609 1935 692 1961 cum
718 1922 938 1961 constiterit
961 1923 1126 1970 venisse,
1158 1921 1372 1965 indubitate
1397 1922 1513 1961 etiam

181 1981 306 2032 legem
332 1993 467 2018 novam
493 1979 541 2018 ab
566 1980 650 2031 ipso
677 1977 802 2018 datam
828 1992 914 2019 esse
941 1979 1155 2028 credamus,
1182 1986 1222 2020 et
1246 1985 1514 2018 testamentum

181 2050 318 2075 novum
339 2038 377 2075 in
397 2039 480 2089 ipso
500 2044 541 2076 et
558 2048 629 2090 per
647 2037 767 2088 ipsum
788 2037 899 2077 nobis
918 2036 1146 2090 dispositum
1171 2050 1248 2076 non
1272 2035 1513 2075 diffiteamur.

182 2093 394 2133 Venturum
438 2095 538 2133 enim
577 2094 787 2142 Christum,
832 2108 904 2135 nec
943 2094 1107 2134 Iudaeos
1150 2093 1322 2134 refutare
1360 2093 1515 2140 scimus,

182 2158 317 2203 utpote
343 2152 406 2203 qui
431 2152 470 2190 in
496 2150 698 2191 adventum
726 2153 808 2191 eius
833 2165 939 2205 spem
965 2166 1070 2192 suam
1095 2153 1310 2205 porrigant.
1353 2149 1439 2190 Nec
1465 2148 1514 2190 de

183 2210 257 2246 isto
289 2208 459 2260 pluribus
490 2208 766 2261 quaerendum,
806 2223 889 2249 cum
921 2218 1026 2250 retro
1060 2223 1191 2250 omnes
1221 2208 1435 2262 prophetae
1466 2205 1516 2247 de

185 2278 233 2304 eo
259 2267 564 2317 praecinuerint,
602 2273 644 2306 ut
666 2266 802 2306 Esaias
838 2266 952 2306 dicit:
990 2269 1046 2308 sic
1084 2266 1180 2307 dicit
1214 2266 1390 2306 dominus
1420 2263 1517 2304 deus

188 2322 343 2360 Christo
380 2336 466 2362 meo
503 2322 676 2371 domino,
715 2325 821 2363 cuius
859 2326 964 2364 tenui
1005 2324 1199 2373 dextram,
1237 2330 1278 2363 ut
1308 2321 1518 2362 exaudiant

188 2379 291 2417 illum
318 2386 471 2429 gentes3
509 2380 755 2420 fortitudines
784 2395 917 2434 regum
944 2381 1192 2435 disrumpam,
1230 2381 1400 2434 aperiam
1425 2385 1516 2418 ante

190 2435 294 2473 illum
319 2443 463 2487 portas,
490 2445 531 2477 et
556 2439 731 2477 civitates
757 2452 832 2477 non
859 2438 1087 2480 claudentur
1103 2439 1226 2494 itli.²)
1265 2436 1375 2488 Quod
1395 2437 1516 2489 ipsum

286 2560 321 2604 1)
338 2562 443 2594 Rhen.
469 2567 601 2596 vetus.
697 2563 736 2607 2)
758 2567 819 2596 les.
838 2567 895 2606 45,
916 2566 948 2598 1.
