1604 2800
142 199 243 239 252
589 201 715 232 anv.
750 199 1079 233 PRAXEAN.¹

142 295 330 342 admittat,
358 295 420 333 eui
446 300 486 334 et
511 293 690 334 traditam
716 299 997 347 eam--a-‘patre‚
1031 301 1071 332 et
1096 307 1118 332 a
1145 307 1219 346 quo
1247 295 1474 349 quandoque

142 351 420 392 restituendam
456 354 557 405 patri
596 359 787 392 constat.-
841 350 924 391 Hoc
963 365 1039 390 uno
1079 352 1247 404 capitulo
1285 354 1474 406 epistolae
1536 372 1540 380 s

141 411 380 463 apostolicae
406 412 597 463 potuimus
617 412 691 450 iam
713 410 753 449 et
772 417 919 462 patrem
940 417 979 449 et
999 410 1115 449 filium
1137 409 1353 450 ostendisse
1379 410 1475 451 duos

141 482 239 516 esse,
266 476 536 522 praeterquam
563 482 612 508 ex
633 468 852 507 ‘nominibus
876 468 997 520 patris
1021 475 1062 507 et
1086 468 1173 516 fllii3
1201 469 1316 507 etiam
1342 481 1392 508 ex
1412 482 1475 517 eo,

141 525 242 578 quod
269 528 331 579 qui
358 526 516 565 tradidit
540 540 713 578 regnum,
741 533 780 565 et
806 527 867 565 cui
893 524 1064 574 tradidit,
1090 527 1182 566 item
1208 527 1271 579 qui
1295 526 1474 574 subiecit,

141 591 180 623 et
208 586 269 624 cui
295 584 472 631 subiecit,
501 583 575 622 duo
603 585 679 624 sint
704 597 864 623 neeesse
892 592 963 622 est.

254 645 294 684 5.
334 640 413 681 Sed
429 643 515 695 quia
531 641 626 681 duos
641 655 753 681 unum
766 643 899 681 volunt
914 655 1012 689 esse,
1028 649 1069 681 ut
1083 641 1182 681 idem
1199 649 1310 695 pater
1323 649 1364 682 et
1377 642 1476 682 filius

137 700 341 747 habeatur,
371 707 528 752 oportet
554 708 593 740 et
617 707 736 739 totum
763 698 811 739 de
838 701 916 739 filio
943 701 1168 748 examinari,
1195 713 1243 739 an
1265 701 1327 748 sit,
1354 707 1395 739 et
1413 701 1477 753 qui

139 758 199 804 sit,
234 765 273 796 et
299 758 490 809 quomodo
517 759 584 805 sit,
618 766 657 797 et
682 759 735 796 ita
760 771 823 797 res
849 759 932 810 ipsa
957 758 1118 797 formam
1145 771 1250 797 suam
1275 759 1477 811 scripturis

139 820 179 852 et
198 815 580 866 interpretationibus
602 829 732 854 earum
753 816 1083 867 patrocinantibus
1096 815 1320 855 vindicabit.
1359 814 1479 855 Aiunt

140 870 292 922 quidem
324 878 363 910 et
391 871 570 910 Genesim
602 874 641 910 in
668 872 862 910 Hebraico
893 874 946 910 ita
978 874 1170 924 incipere:
1212 873 1254 912 In
1285 874 1476 926 principio

140 927 234 966 deus
259 929 355 967 fecit
379 929 452 967 sibi
478 929 608 967 filium.
670 927 754 967 Hoc
780 936 821 967 ut
847 929 992 967 firmum
1018 942 1095 967 non
1121 931 1189 976 sit,
1222 931 1298 968 alia
1329 942 1388 968 me
1415 943 1477 968 ar-

139 993 319 1037 gumenta
354 985 549 1024 deducunt
574 986 620 1024 ab
648 987 730 1038 ipsa
761 985 824 1024 dei
856 985 1128 1038 dispositione,
1168 1000 1240 1039 qua
1278 987 1350 1026 fuit
1386 995 1476 1027 ante

137 1042 267 1081 mundi
294 1044 626 1090 constitutionem,
670 1042 719 1081 ad
752 1056 870 1095 usque
909 1043 977 1081 filii
1008 1045 1312 1094 generationem.
1373 1044 1477 1084 Ante

139 1101 266 1138 omnia
298 1101 397 1138 enim
431 1099 524 1139 deus
557 1107 642 1139 erat
673 1100 795 1147 solus,
828 1101 909 1152 ipse
942 1100 1015 1138 sibi
1047 1107 1088 1139 et
1117 1099 1277 1140 mundus
1303 1107 1344 1140 et
1368 1101 1477 1142 locus

137 1164 177 1195 et
199 1157 339 1199 omnia.
380 1157 493 1196 Solus
519 1165 658 1204 autem,
687 1159 774 1210 quia
800 1157 893 1196 nihil
919 1158 1161 1197 extrinsecus
1180 1166 1339 1211 praeter
1357 1159 1475 1199 illum.

138 1214 318 1253 Ceterum
345 1228 392 1254 ne
419 1223 509 1255 tunc
537 1215 688 1268 quidem
714 1216 836 1264 solus3
869 1215 1038 1255 habebat
1062 1217 1162 1255 enim
1188 1229 1338 1265 seeum,
1365 1230 1476 1270 quam

135 1270 304 1312 habebat
329 1274 367 1311 in
393 1281 515 1312 semet
540 1275 642 1326 ipso,
680 1274 870 1313 rationem
901 1287 1006 1312 snam
1038 1274 1202 1316 scilieet.
1263 1273 1476 1315 Rationalis

137 1331 237 1368 enim
276 1330 388 1378 deus,
428 1338 467 1369 et
496 1332 596 1369 ratio
628 1331 667 1369 in
700 1333 783 1383 ipso
815 1332 938 1384 prius,
977 1338 1017 1370 et
1052 1333 1106 1370 ita
1137 1331 1184 1371 ab
1216 1333 1300 1385 ipso
1333 1334 1473 1382 omnia,

137 1400 233 1438 quae
266 1389 365 1425 ratio
398 1401 530 1426 sensus
562 1389 679 1440 ipsius
711 1396 782 1427 est.
856 1389 963 1428 Hanc
998 1388 1141 1429 Graeci
1177 1386 1293 1443 λόγον
1329 1389 1473 1442 dicunt,

137 1458 211 1495 quo
236 1443 426 1482 vocabulo
453 1445 567 1483 etiam
593 1458 809 1484 sermonem
835 1447 1083 1498 appellamus.
1140 1446 1309 1500 Ideoque
1335 1449 1410 1487 iam
1435 1450 1475 1488 in

136 1511 205 1538 usu
232 1508 292 1538 est
316 1507 533 1539 nostrorum
560 1514 630 1553 per
654 1503 939 1553 simplicitatem
965 1505 1300 1556 interpretationis
1325 1519 1473 1546 sermo-

134 1569 221 1595 nem
254 1556 386 1596 dicere
412 1559 450 1595 in
477 1557 687 1610 primordio
721 1558 821 1611 apud
855 1558 966 1598 deum
998 1561 1189 1611 suisse,¹)
1229 1575 1313 1602 cum
1351 1565 1473 1616 magis

133 1616 323 1653 rationem
351 1622 547 1667 competat
571 1616 827 1668 antiquiorem
852 1616 1001 1664 habeti,
1029 1619 1116 1670 quia
1142 1632 1218 1656 non
1244 1621 1472 1660 sermonalis

132 1685 155 1710 a
180 1673 391 1724 principio,
425 1672 494 1712 sed
520 1673 720 1712 rationalis
746 1673 860 1721 deus,
893 1675 1009 1713 etiam
1035 1682 1123 1715 ante
1150 1677 1398 1728 principium,
1432 1685 1473 1718 et

133 1730 220 1782 quia
252 1730 334 1781 ipse
369 1743 518 1783 quoque
551 1744 697 1778 sermo,
730 1732 881 1770 ratione
914 1733 1149 1780 consistens,
1182 1734 1353 1785 priorem
1385 1747 1469 1775 eam

130 1794 172 1825 ut
197 1786 445 1826 substantiam
472 1801 576 1827 suam
604 1787 796 1831 ostendat.
856 1786 1000 1829 Tamen
1027 1797 1066 1830 et
1091 1791 1147 1830 sic
1173 1791 1266 1830 nihil
1291 1792 1467 1833 interest.

128 1843 227 1883 Nam
266 1846 338 1883 etsi
370 1844 463 1884 deus
495 1845 660 1885 nondum
693 1860 909 1887 sermonem
947 1861 1052 1887 suum
1090 1849 1265 1897 miserat,
1304 1849 1468 1902 proinde

129 1915 214 1941 eum
242 1916 326 1941 eum
352 1903 434 1954 ipsa
460 1911 500 1942 et
524 1905 563 1942 in
589 1905 671 1956 ipsa
697 1906 849 1945 ratione
875 1907 977 1944 intra
1002 1913 1126 1945 semet
1150 1908 1272 1959 ipsum
1298 1906 1468 1948 habebat

127 1961 247 1999 tacite
275 1960 485 2012 cogitando
512 1968 552 2000 e't
577 1960 817 2014 disponendo
843 1976 988 2011 secum,
1028 1977 1125 2017 quae
1150 1977 1223 2016 per
1247 1977 1464 2005 sermonem

126 2030 217 2055 mox
242 2024 327 2057 erat
353 2017 537 2057 dicturus.
607 2019 701 2059 Cum
732 2021 884 2060 ratione
917 2022 1017 2061 enim
1051 2035 1118 2061 sua
1143 2023 1323 2073 cogitans
1347 2029 1463 2076 atque
1502 2053 1504 2055 »

127 2073 334 2127 disponens
354 2089 569 2115 sermonem
589 2090 674 2118 eam
693 2077 897 2126 efficiebat,
925 2092 1035 2131 quam
1055 2090 1232 2118 sermone
1253 2079 1460 2119 tractabat.

125 2131 244 2185 quue
278 2146 351 2186 quo
383 2134 536 2173 facilius
572 2135 784 2187 intelligas,
824 2149 874 2176 ex
904 2143 943 2175 te
975 2138 1059 2189 ipso
1085 2142 1174 2176 ante
1200 2148 1459 2190 recognosce,

124 2197 166 2227 ut
191 2203 239 2229 ex
264 2191 430 2242 imagine
463 2198 503 2230 et
533 2192 780 2233 similitudine
813 2193 946 2243 dei,2)
981 2207 1092 2247 quam
1122 2193 1265 2233 habeas
1291 2201 1331 2234 et
1355 2201 1396 2233 tu
1419 2196 1460 2234 in

123 2254 242 2286 temet
261 2250 344 2300 ipso
366 2249 567 2296 rationem,
596 2252 658 2302 qui
684 2264 725 2290 es
751 2252 890 2290 animal
909 2251 1112 2299 rationale,
1139 2264 1162 2290 a
1181 2251 1362 2291 rationali
1381 2253 1458 2291 sci-

124 2303 217 2342 licet
253 2305 401 2344 artifice
440 2320 517 2345 non
554 2314 698 2346 tantum
735 2309 879 2356 faetus,
916 2308 986 2348 sed
1017 2310 1132 2348 etiam
1165 2322 1215 2347 ex
1244 2309 1457 2350 substantia

124 2361 241 2411 ipsius
267 2365 466 2402 animatus.
516 2363 630 2412 Vide,
664 2378 748 2404 eum
773 2367 913 2406 tacitus
938 2374 1066 2406 tecum
1091 2367 1173 2418 ipse
1201 2365 1455 2418 congrederis

123 2420 294 2467 ratione,
332 2419 407 2459 hoe
445 2423 564 2473 ipsum
596 2422 659 2472 agi
697 2423 798 2462 intra
828 2431 886 2471 te,
926 2431 1157 2463 occurrente
1190 2436 1238 2462 ea
1266 2424 1337 2464 tibi
1369 2437 1452 2470 eum

125 2487 299 2515 sermone
326 2475 375 2517 ad
401 2491 549 2518 omnem
576 2480 768 2530 cogitatus
793 2482 848 2519 tui
873 2489 1035 2530 motum,
1068 2481 1115 2520 ad
1142 2494 1292 2521 omnem
1316 2493 1450 2520 sensus

217 2601 252 2643 1)
269 2604 316 2636 10.
331 2607 408 2644 1,1.
504 2602 541 2647 2)
557 2608 638 2637 Gen.
654 2606 683 2645 1,
701 2608 752 2638 20.
