1604 2800
155 201 220 237 18
522 202 647 232 ADV.
683 200 1118 233 HERMOGENEM.

157 295 216 346 gis
242 301 378 337 autem,
394 307 479 333 eum
506 293 638 334 decuit
662 307 712 334 ex
735 293 932 334 voluntate
959 294 1114 340 fecisse,
1141 307 1249 346 quam
1277 305 1327 332 ex
1352 305 1491 333 neces-

157 353 290 398 sitate,
328 351 367 390 id
393 359 452 391 est
477 365 527 391 ex
551 352 670 390 nihilo
697 352 842 404 potius,
882 365 992 405 quam
1018 365 1067 390 ex
1093 353 1266 390 materia.
1329 350 1490 403 Dignius

157 416 215 447 cst
241 408 352 448 deum
379 411 494 449 etiam
520 410 705 448 malorum
732 416 930 448 auctorem
963 409 1124 448 liberum
1151 408 1340 456 credere,
1379 422 1488 462 quam

157 480 328 514 servum3
360 481 609 519 quaecunque
635 474 809 519 potestas
835 468 891 514 ei,
919 480 1028 519 quam
1055 467 1262 519 pusillitas,
1291 467 1488 519 competit.

158 523 199 562 Si
226 531 267 563 et
292 526 348 563 sic
376 524 638 571 concedimus,
665 525 864 563 materiam
891 524 1044 577 quidem
1069 525 1164 563 nihil
1188 524 1489 572 bonihabuisse,

157 581 347 621 dominum
385 596 499 630 vero,
538 584 569 621 si
608 582 697 634 quid
729 582 820 620 boni
853 581 993 629 edidit,
1032 595 1100 621 sua
1131 583 1273 621 virtute
1306 581 1489 630 edidisse,
1528 577 1534 584 '

156 639 254 678 aliae
281 653 403 692 aeque
432 641 659 679 oborientur
684 641 947 692 quaestiones:
974 641 1097 692 primo
1123 641 1155 678 si
1180 640 1321 679 bonum
1345 641 1384 679 in
1411 653 1491 679 ma-

159 698 255 735 teria
282 699 435 735 omnino
462 712 538 735 nou
563 699 647 743 fuit,
677 711 751 735 non
778 711 826 736 ex
852 700 1012 736 materia
1038 698 1177 736 bonum
1204 698 1360 744 factum,
1389 696 1490 750 quod

159 755 320 792 materia
351 755 504 793 scilicet
529 768 604 792 non
630 755 781 802 habuit3
809 754 948 793 dehinc
975 756 1007 793 si
1033 769 1108 793 non
1135 768 1183 794 ex
1209 756 1383 803 materia,
1415 755 1501 794 iam·

157 823 252 861 ergo
291 824 341 849 ex
373 811 447 850 deo
481 812 642 859 factum,
674 812 706 849 si
741 825 812 850 ncc
845 824 895 849 ex
926 811 1020 857 deo,
1060 813 1133 850 iam
1166 825 1262 863 ergo
1294 825 1344 851 ex
1369 813 1488 852 nihilo

156 868 315 906 factum.
380 868 463 907 Hoc
491 869 596 917 ,enim
629 876 805 921 superest
835 868 1042 908 secundum
1071 869 1327 921 Hermogenis
1359 869 1488 923 dispo-

156 926 345 965 sitionem.

273 987 337 1025 15.
388 983 510 1023 Porro
544 986 575 1023 si
613 985 753 1024 bonum
791 998 914 1038 neque
954 998 1003 1025 ex
1040 987 1201 1024 materia
1237 987 1378 1024 sactum
1414 991 1486 1031 est,

156 1041 244 1092 quia
269 1055 344 1079 non
370 1049 456 1081 erat
480 1044 518 1080 in
543 1043 620 1089 illa,
648 1049 690 1081 ut
715 1044 754 1081 in
780 1044 896 1090 mala,
924 1056 1049 1095 neque
1075 1057 1125 1082 ex
1150 1042 1245 1089 den,
1278 1044 1366 1095 quia
1391 1043 1487 1081 nihil

153 1099 279 1149 potuit
317 1111 366 1137 ex
397 1098 471 1138 deo
511 1100 613 1146 fieri,
657 1101 758 1139 sicut
788 1100 922 1140 definit
953 1101 1244 1152 Hermogenes:
1295 1100 1488 1139 invenitur

154 1155 292 1194 bonum
319 1157 392 1195 iam
420 1170 469 1196 ex
494 1157 612 1196 nihilo
639 1158 795 1204 factum,
828 1166 870 1197 ut
900 1171 949 1197 ex
974 1159 1078 1197 nullo
1105 1159 1261 1205 factum,
1293 1165 1335 1197 ut
1361 1170 1485 1210 neque

154 1226 203 1251 ex
227 1215 389 1252 materia
414 1228 538 1267 neque
565 1228 615 1254 ex
639 1214 727 1254 deo.
783 1216 833 1254 Et
858 1217 888 1254 si
914 1216 1053 1255 bonum
1081 1229 1129 1255 ex
1155 1216 1287 1263 nihilo,
1315 1229 1384 1255 cur
1409 1228 1486 1254 non

154 1277 193 1308 et
219 1271 388 1309 malum?
423 1273 498 1310 imo
525 1286 596 1311 cur
620 1287 695 1312 non
723 1275 848 1312 omnia
875 1287 924 1312 ex
950 1274 1088 1320 nihilo,
1128 1275 1159 1312 si
1185 1272 1328 1326 aliquid
1354 1287 1403 1312 ex
1427 1273 1485 1312 ni·

153 1327 258 1366 hilo?
283 1330 354 1366 nisi
380 1331 411 1367 si
437 1330 666 1368 insufficiens
691 1331 764 1368 fuit
789 1330 915 1369 divina
937 1334 1056 1371 virtus
1077 1332 1250 1370 omnibus
1264 1330 1484 1384 producen-

155 1383 231 1430 dis,
272 1398 367 1436 quae
400 1386 544 1438 aliquid
575 1388 782 1438 protulerit
813 1402 862 1426 ex
894 1389 1026 1427 nihilo.
1088 1388 1167 1427 Aut
1191 1390 1223 1428 si
1248 1402 1299 1429 ex
1322 1390 1485 1428 materia

154 1442 251 1479 mala
277 1442 415 1480 bonum
443 1445 651 1495 processit,
682 1445 772 1496 quia
800 1458 921 1496 neque
949 1459 997 1483 ex
1023 1446 1141 1484 nihilo
1169 1459 1293 1498 neque
1320 1460 1370 1486 ex
1394 1445 1483 1494 deo,

153 1506 355 1550 sequetur,
401 1507 441 1537 ut
473 1513 522 1538 ex
554 1503 809 1540 conversione
847 1503 1084 1556 processerit
1121 1505 1307 1543 materiae
1347 1511 1484 1543 contra

154 1555 381 1607 denegatam
408 1559 558 1596 aeterni
586 1559 894 1598 conversionem.
930 1559 987 1598 Ita
1013 1559 1113 1598 unde
1133 1559 1274 1598 bonum
1295 1561 1482 1607 constitit,

152 1614 227 1651 iam
253 1614 411 1666 negabit
437 1614 702 1667 Hermogenes
728 1616 816 1655 inde
842 1615 935 1655 illud
962 1624 1142 1656 constare
1167 1618 1352 1669 potuisse.
1402 1617 1483 1657 Ne—

153 1683 262 1709 cesse
300 1679 359 1712 est
396 1680 521 1711 autem
560 1686 610 1711 ex
639 1673 768 1725 aliquo
801 1687 933 1713 eorum
965 1676 1222 1726 processerit,
1261 1687 1312 1714 ex
1347 1674 1483 1727 quibus

152 1730 307 1779 negavit
338 1729 556 1781 procedere
589 1732 772 1782 potuisse.
836 1731 1016 1770 Ceterum
1049 1732 1080 1770 si
1114 1731 1203 1770 ideo
1236 1733 1374 1771 malum
1405 1745 1481 1771 non

151 1798 199 1823 ex
225 1786 363 1833 nihilo,
403 1801 450 1826 ne
477 1787 538 1826 dei
566 1789 650 1834 liat,
690 1787 737 1827 de
770 1789 877 1827 cuius
908 1789 1070 1827 arbitrio
1102 1788 1295 1829 videbitur
1325 1790 1481 1837 factum,

150 1842 218 1881 sed
251 1856 300 1882 ex
332 1846 512 1891 materia,
553 1853 592 1883 ut
623 1847 741 1898 ipsius
767 1847 833 1893 sit,
874 1845 921 1885 de
954 1847 1061 1886 euius
1086 1847 1299 1886 substantia
1325 1848 1400 1887 erit
1423 1848 1482 1887 fa-

151 1907 270 1938 ctum:
298 1909 338 1940 et
363 1902 437 1949 hic,
465 1910 506 1941 ut
531 1902 628 1950 dixi,
661 1911 799 1942 auctor
823 1905 911 1942 mali
938 1905 1143 1943 habebitur
1167 1904 1274 1952 deus,
1307 1906 1370 1957 qui
1395 1918 1480 1944 cum

150 1956 284 1996 eadem
314 1960 456 1999 virtute
483 1968 523 1999 et
547 1962 745 2000 voluntate
772 1961 969 2000 debuisset
995 1963 1121 2000 omnia
1146 1960 1294 2011 bona¹)
1328 1975 1378 2002 ex
1402 1975 1482 2001 ma-

150 2015 248 2053 teria
279 2018 504 2066 protulisse,
542 2025 609 2057 aut
639 2025 782 2057 tantum
808 2019 928 2068 bona3
967 2033 1043 2058 non
1076 2020 1202 2058 omnia
1226 2026 1353 2058 tamen
1377 2018 1481 2058 hona

149 2072 392 2122 protulisset,
419 2074 532 2123 sed2)
560 2077 675 2114 etiam
702 2077 820 2123 mala,
847 2078 977 2129 utique
1004 2084 1070 2116 aut
1093 2077 1228 2116 volens
1253 2089 1340 2116 esse
1364 2077 1477 2123 mala,

148 2129 179 2165 si
206 2137 360 2180 poterat
384 2131 550 2180 efficere,
578 2146 626 2172 ne
652 2140 794 2180 essent,
820 2141 886 2172 aut
911 2148 987 2173 non
1011 2135 1146 2174 volens
1171 2134 1326 2173 efficere
1353 2135 1479 2174 omnia

148 2186 261 2234 bona,
293 2189 325 2225 si
350 2189 470 2227 voluit
495 2197 535 2229 et
559 2205 635 2229 non
661 2191 768 2236 fecit,
797 2189 884 2229 dum
911 2193 1003 2232 nihil
1030 2186 1194 2239 intersit,
1222 2205 1293 2244 per
1319 2191 1478 2230 infirmi-

148 2250 263 2282 tatem
304 2244 477 2286 dominus
514 2256 652 2287 auctor
688 2249 776 2286 mali
808 2251 1003 2288 exstiterit
1039 2263 1085 2288 an
1119 2263 1189 2302 per
1225 2250 1478 2296 voluntatem.

147 2298 224 2338 Aut
250 2301 346 2353 qnae
372 2305 444 2342 fuit
468 2307 582 2352 ratio,
609 2313 651 2343 ut
670 2319 754 2344 cum
775 2305 877 2344 bona
896 2308 1055 2346 fecisset
1075 2309 1182 2359 quasi
1195 2307 1330 2354 bonus,
1357 2307 1475 2346 etiam

148 2358 245 2394 mala
270 2363 492 2409 protulisset
517 2364 623 2414 quasi
649 2376 725 2401 non
750 2363 885 2411 bonus,
913 2378 996 2403 cum
1023 2379 1098 2403 non
1125 2365 1378 2416 congruentia
1401 2363 1475 2401 sibi

148 2414 384 2454 solummodo
418 2418 563 2458 edidit?
619 2419 718 2470 Quid
750 2433 912 2461 necesse
944 2429 1031 2461 erat
1061 2436 1128 2461 suo
1163 2434 1282 2474 opere
1319 2420 1472 2472 prolato

242 2550 280 2594 1)
324 2555 374 2584 lta
411 2555 485 2585 cod.
523 2557 660 2589 wouw.
697 2561 730 2589 et
770 2559 841 2601 mg.
873 2559 988 2591 Ceteri
1024 2569 1054 2590 v.
1093 2560 1198 2590 bona
1233 2566 1304 2589 nou
1333 2556 1472 2590 habent.

150 2594 186 2633 2)
216 2597 252 2626 V.
278 2600 351 2629 sed
376 2610 438 2631 nos
464 2601 663 2634 adiecimus.
