1624 2826
198 193 305 230 308
471 193 595 223 ADV.
634 191 997 223 MARCIONEM
1032 192 1211 223 LlBER
1245 192 1284 222 V.

199 295 293 333 tum,
333 285 401 324 sed
427 286 465 324 in
491 284 585 331 deo,
618 284 783 322 omnium
809 283 1026 332 conditore,
1054 285 1245 324 occultum
1271 291 1396 323 autem
1423 286 1525 337 prin-

200 343 389 395 cipatibus
416 350 455 381 et
480 342 735 395 potestatibus
761 343 855 380 eius.
919 341 1010 390 Quis
1036 343 1136 381 enim
1164 343 1347 394 cognovit
1377 355 1527 381 sensum

200 400 356 447 domini,
385 407 450 439 aut
476 401 557 452 quis
590 400 834 438 consiliarius
860 401 897 438 ei
923 400 1071 449 fuit?¹)
1101 400 1172 438 Hic
1201 406 1334 452 captus
1360 399 1549 439 haereti-v

200 472 266 496 cus
304 458 470 496 fortasse
503 458 684 503 mutavit,
723 458 779 495 uti
812 456 940 504 dicat,
981 456 1092 496 deum
1124 471 1229 496 suum
1256 459 1333 496 suis
1357 464 1531 510 potesta-

200 516 299 554 tibus
325 522 364 553 et
390 514 669 567 principatibus
696 522 826 553 notam
852 515 984 554 facere
1010 515 1188 554 voluisse·
1204 514 1530 568 dispensationem

199 574 256 611 sui
283 574 528 619 sacramenti,
557 586 666 624 quam
693 573 913 623 ignorasset
938 572 1032 611 deus
1059 572 1240 611 conditor
1265 573 1443 612 omnium.
1483 571 1533 611 Et

200 644 274 682 quo
302 630 549 682 competebat
574 629 832 682 praetendere
858 631 1114 681 ignorantiam
1142 632 1332 669 creatoris
1357 631 1533 670 extranei

201 695 240 726 et
266 688 382 739 longa
407 688 652 739 separatione
680 687 859 735 discreti,
899 701 984 726 cum
1010 687 1213 727 domestici
1245 699 1395 740 quoque
1421 700 1534 740 supe-

202 746 318 783 rioris
351 744 415 783 dei
447 746 685 783 nescissent?
733 745 876 783 Tamen
908 753 947 783 et
973 746 1143 784 creatori
1169 752 1410 785 notumerat
1434 746 1534 784 futu-

203 815 298 840 rum.
360 801 422 840 An
455 815 530 840 non
562 803 692 853 utique
727 809 874 849 notum,
914 802 1015 854 quod
1054 803 1122 841 sub
1155 803 1268 841 coelo
1301 804 1402 842 etin
1429 810 1533 842 terra

205 861 287 898 eius
325 859 493 898 habehat
529 859 720 898 revelari?
776 859 881 910 Ergo
920 873 970 898 ex
1006 860 1080 898 hoc
1119 860 1392 907 confirmatur,
1433 859 1532 912 quod

203 930 318 969 supra
344 917 560 955 struximus.
626 915 668 954 Si
696 917 795 954 enim
823 924 979 955 creator
1004 918 1228 968 cogniturus
1254 925 1340 956 erat.
1365 916 1536 969 quando-

203 988 275 1026 que
303 975 496 1013 occultum
522 973 615 1012 illud
642 972 704 1012 dei
730 975 940 1026 superioris
966 981 1270 1022 sacramentum,
1298 982 1338 1013 et
1364 976 1415 1014 ita
1434 976 1537 1013 *scri-

203 1040 316 1084 ptura
341 1031 533 1070 habebat:
562 1032 705 1070 occulti
731 1030 819 1079 deo,
847 1033 908 1083 qui
936 1033 1062 1070 omnia
1089 1031 1281 1080 condidit3
1309 1033 1364 1071 sic
1391 1032 1536 1071 inferre

205 1088 412 1136 debuerat,
451 1096 492 1127 ut
518 1096 609 1127 nota
635 1089 702 1127 fiat
727 1090 782 1127 illi
808 1090 1015 1128 multifaria
1046 1090 1235 1141 sapientia
1261 1088 1343 1136 dei,
1383 1097 1472 1129 tunc
1499 1097 1537 1129 et

204 1147 461 1199 potestatibus
494 1154 534 1185 et
565 1147 845 1198 principatibus
872 1148 1131 1199 cuiuscunque
1158 1146 1246 1194 dei,
1286 1160 1371 1186 cum
1403 1147 1537 1200 quibus

204 1206 369 1243 sciturus
395 1212 500 1243 esset
525 1211 693 1243 creator.
754 1203 867 1243 Adeo
894 1205 1129 1243 subtractum
1162 1211 1333 1252 constat,
1373 1203 1481 1257 quod*
1500 1212 1539 1244 et

205 1263 260 1300 sic
297 1263 451 1301 veritati
490 1275 580 1300 suae
620 1263 761 1300 salvum
800 1269 870 1301 est.
931 1262 1033 1301 Volo
1075 1276 1173 1302 nunc
1212 1270 1252 1302 et
1281 1275 1356 1314 ego
1389 1261 1457 1301 tibi
1491 1261 1538 1301 de

206 1320 405 1370 allegoriis
438 1320 604 1371 apostoli
638 1321 940 1359 controversiam
982 1327 1156 1360 nectere.
1223 1320 1324 1368 Quas
1363 1321 1535 1367 novas2)

207 1377 245 1413 in
285 1376 481 1427 prophetis
520 1377 714 1414 habuisset
750 1377 919 1415 formas?
979 1378 1202 1429 Captivam,
1241 1379 1387 1430 inquit,
1431 1377 1540 1416 duxit

210 1433 536 1486 captivitatemss)
601 1433 744 1480 Quibus
777 1435 918 1472 arinis?
955 1435 1089 1485 quibus
1129 1436 1311 1486 proeliis?
1349 1435 1397 1475 de
1431 1436 1541 1475 euius

210 1490 336 1540 gentis
362 1490 601 1528 vastatione?
626 1489 673 1528 de
701 1491 807 1528 cuius
823 1491 988 1529 civitatis
1003 1493 1232 1530 eversione?
1257 1506 1349 1544 quas
1365 1494 1538 1539 feminas,

211 1559 305 1598 quos
333 1559 491 1598 pueros,
531 1560 672 1598 quosve
699 1548 855 1597 regulos
883 1549 1029 1586 catenis
1054 1549 1183 1586 victor
1207 1549 1393 1587 inseruit?
1440 1549 1539 1588 Nam

210 1611 250 1642 et
276 1617 360 1642 eum
385 1603 484 1655 apud
511 1603 630 1642 David
651 1602 823 1643 Christus
850 1606 1000 1643 canitur
1024 1607 1243 1644 succinctus
1269 1605 1399 1657 gladio
1426 1619 1541 1659 super

210 1662 403 1710 femur‚4)
444 1668 510 1700 aut
546 1661 645 1713 apud
683 1661 835 1700 Esaiam
874 1663 998 1714 spolia
1035 1664 1232 1714 accipiens
1271 1662 1469 1703 Samariae
1502 1672 1542 1703 et

209 1719 389 1757 virtutem
415 1719 659 1769 Damasci,5)
694 1733 786 1758 vere
812 1733 896 1758 eum
925 1727 964 1758 et
988 1720 1177 1759 visibilem
1210 1720 1398 1759 excondis
1424 1734 1563 1773 proe-,

211 1776 400 1814 liatorem.
462 1775 644 1827 Agnosce
683 1778 800 1828 igitur
836 1779 910 1815 iam
948 1784 988 1816 et
1024 1785 1253 1816 armaturam
1292 1785 1332 1817 et
1368 1779 1541 1818 militiam

211 1834 292 1871 eius
312 1834 536 1885 spiritalem,
564 1835 602 1872 si'
621 1835 694 1872 iam
720 1833 889 1873 didicisti
915 1847 1000 1873 esse
1027 1836 1289 1887 captivitatem
1315 1837 1539 1888 spiritalem,

212 1898 252 1928 ut
289 1898 328 1928 et
364 1891 462 1929 hanc
495 1892 596 1930 illius
633 1905 841 1943 agnoscas,
880 1893 941 1931 vel
975 1893 1063 1944 quia
1095 1900 1135 1932 et
1166 1893 1399 1945 captivitatis
1430 1893 1540 1932 huius

213 1949 443 1988 mentionem
470 1947 517 1987 de
543 1950 742 2001 prophetis
768 1951 964 2001 apostolus
991 1951 1159 2003 sumpsit,
1186 1964 1210 1989 a
1235 1950 1370 2002 quibus
1384 1957 1423 1990 et
1437 1964 1541 1989 man-

215 2005 319 2043 data.
382 2005 631 2058 Deponentes
657 2006 897 2046 mendacium
924 2008 1121 2060 loquimini
1146 2008 1350 2049 veritatem
1376 2007 1425 2047 ad
1450 2021 1541 2060 pro-

213 2063 351 2100 ximum
391 2065 573 2116 quisque,
613 2072 652 2104 et
676 2065 886 2103 irascimini
917 2073 957 2103 et
988 2066 1106 2104 nolite
1144 2065 1392 2117 delinquere,
1433 2066 1542 2118 (ipsis

214 2120 343 2158 verbis
381 2121 515 2172 quihus
547 2123 712 2174 psalmus
725 2122 762 2170 6)
799 2130 1014 2174 exponeret
1045 2136 1178 2166 sensus
1210 2124 1329 2172 eius‚)
1374 2123 1433 2162 sol
1465 2120 1542 2162 uon

216 2177 371 2215 occidat
402 2192 518 2230 super
542 2179 779 2218 iracundiam
812 2181 1035 2229 vestranffl)
1097 2180 1230 2219 Nolite
1257 2181 1541 2219 communicare

216 2235 396 2286 operibus
433 2237 692 2276 tenebrarum.
707 2238 744 2285 S)
809 2237 903 2276 Cum
940 2239 1041 2277 iusto
1080 2239 1180 2277 enim
1211 2239 1331 2277 iustus
1368 2238 1465 2285 eris,
1503 2245 1558 2284 etx

218 2305 300 2329 cum
331 2306 516 2344 perverso
546 2295 846 2347 perverteris.⁹)
908 2295 959 2333 Et
989 2296 1139 2336 aul'erte
1171 2295 1311 2336 malum
1340 2294 1388 2335 de
1413 2293 1541 2334 medio

314 2405 348 2449 1)
370 2410 434 2439 les.
460 2411 515 2451 40,
538 2412 594 2442 13.
690 2408 727 2450 2)
750 2411 858 2443 Rhen.
892 2412 943 2442 ed.
966 2413 990 2442 Ι.
1037 2420 1190 2449 novas3
1225 2411 1309 2451 Get„
1340 2410 1445 2449 Pam„
1469 2409 1542 2450 Rig.

220 2452 351 2483 Semler
374 2464 528 2495 novus;
566 2457 641 2488 cod.
667 2457 762 2488 Vah:
801 2467 904 2495 quas
930 2457 1122 2488 novimus
1149 2457 1192 2486 in
1222 2456 1445 2496 prophetis
1471 2455 1542 2486 ha·

219 2496 364 2528 buisse
395 2502 565 2535 formas.
646 2500 707 2544 3)
734 2503 825 2543 Eph.
845 2504 878 2543 4,
900 2505 931 2535 8.
980 2504 1033 2534 Ps.
1059 2503 1191 2541 68,19.
1288 2503 1326 2540 4)
1360 2502 1414 2532 Ps.
1434 2502 1488 2542 45,
1510 2503 1542 2533 4.

221 2544 257 2627 ἓξ
282 2545 392 2619 &2183
405 2547 459 2620 42.G
539 2549 579 2589 a)
601 2550 655 2580 Ps.
673 2550 703 2590 4,
721 2551 751 2580 5.
849 2547 887 2592 τ)
914 2549 1000 2589 Eph.
1015 2551 1046 2591 4,
1063 2550 1116 2579 25.
1131 2549 1184 2579 26.
1220 2546 1229 2591 ‚j
1283 2546 1318 2589 8)
1342 2547 1530 2588 Eph.5,11

309 2599 335 2620 s.
396 2613 404 2630 ‚
465 2616 471 2623 .
