1604 2800
606 198 681 229 DE
714 197 912 230 AN1MA.
1321 189 1423 234 ω

220 292 289 332 55.
325 288 449 328 Nobis
460 288 575 327 inseri
588 303 663 327 non
678 289 774 328 nuda
791 291 979 329 cavositas
994 302 1065 328 nec
1080 287 1286 327 subdivalis
1299 289 1425 341 aliqua

107 345 237 386 mundi
261 349 411 385 sentina
435 345 661 392 creduntur,
693 346 760 385 sed
786 348 822 384 in
848 347 951 385 fossa
978 354 1104 385 terrae
1130 353 1168 384 et
1194 348 1232 384 in
1257 346 1334 384 alto
1358 359 1427 394 vaf

106 405 216 442 stitas
239 409 281 441 et
303 403 343 440 in
366 403 457 455 ipsis
479 403 692 441 visceribus
717 405 797 441 eins
823 404 992 442 abstrusa
1019 402 1276 454 profunditaS,
1309 404 1424 454 siqui-

107 458 192 498 dem
208 458 398 498 Christum
418 460 456 498 in
476 459 594 498 corde
614 467 741 498 terrae
762 459 923 500 triduum
945 462 1076 498 mortis
1101 461 1261 509 legimns
1280 472 1425 511 expun-

108 524 228 563 ctum,
260 515 300 554 id
330 523 389 554 est
419 517 457 554 in
487 529 644 555 recessu
680 518 810 555 intimo
842 525 882 556 et
911 518 1061 555 interno
1087 524 1126 555 et
1150 519 1189 554 in
1214 517 1296 568 ipsa
1321 523 1426 554 terra

109 580 245 626 operto
271 579 311 612 et
333 574 434 611 intra
464 574 582 625 ipsam
614 581 748 612 cavato
781 581 820 612 et
849 574 1095 612 inferioribus
1123 572 1249 611 adbuc
1278 572 1427 625 abyssis

109 636 384 682 superstructo.
399 631 436 677 1)
505 629 647 677 Quodsi
673 630 846 668 Christus
871 630 976 676 dens,
1010 631 1096 681 quia
1121 637 1161 668 et
1185 630 1299 667 homo
1324 642 1426 667 mor-

107 693 195 726 taus
218 685 424 725 secundum
449 687 659 737 scripturas
683 694 723 725 et
746 688 913 739 sepultus
938 686 1142 725 secundum
1169 684 1337 731 easdem,
1364 686 1427 723 bic

109 755 259 795 quoqne
274 743 351 793 legi
365 743 553 780 satisfecit
571 744 693 780 forma
712 743 896 781 humanae
908 744 1041 780 mortis
1060 741 1160 793 apud
1180 743 1324 780 inferos
1344 742 1428 779 fun-

110 807 212 846 ctus,
243 812 317 838 nec
341 805 430 836 ante
455 797 629 836 ascendit
652 801 689 836 in
715 799 933 836 sublimiora
966 799 1181 843 coelorum,
1219 811 1328 848 quam
1361 796 1430 834 de-

109 855 262 895 scendit
273 856 312 893 in
325 855 509 893 inferiora
529 861 729 899 terrarum,
751 861 792 892 ut
809 855 887 892 illic
907 854 1144 905 patriarchas
1165 861 1204 892 et
1222 854 1430 905 prophetas

110 918 309 963 compotes
331 912 389 949 sui
412 911 573 949 facere-t.
613 911 740 949 Habes
751 912 790 958 ²)
817 918 856 949 et
879 912 1077 961 regionem
1097 911 1261 948 inferum
1281 911 1431 948 subter-

108 980 266 1008 raneam
297 967 480 1013 credere,
517 974 557 1005 et
586 968 673 1005 illos
699 967 827 1005 cubito
858 968 1023 1018 pellere,
1062 968 1124 1017 qui
1149 968 1241 1004 satis
1266 962 1430 1017 superbe

110 1038 187 1063 non
221 1031 356 1076 putent
390 1025 536 1061 animas
571 1023 735 1062 fidelium
773 1024 905 1061 inferis
946 1022 1095 1072 dignas.
1169 1021 1279 1060 Servi
1317 1035 1432 1073 super

111 1081 321 1127 dominum,
353 1087 393 1118 et
424 1079 599 1131 discipuli
625 1092 739 1130 super
767 1081 1004 1130 magistrum,
1042 1080 1234 1129 aspernati
1266 1079 1298 1116 si
1328 1079 1430 1115 forte

111 1140 152 1176 in
174 1136 357 1176 Abrahae
387 1137 471 1174 sinu
501 1135 783 1187 exspectandae
821 1136 1116 1173 resurrectionis
1152 1135 1327 1172 solatium
1365 1147 1431 1172 ca-

114 1206 220 1246 pere.
281 1192 363 1232 Sed
387 1194 425 1231 in
449 1193 536 1238 hoc,
569 1194 751 1244 inquiunt,
778 1192 950 1230 Christus
975 1193 1119 1229 inferos
1143 1190 1256 1237 adiit,
1288 1204 1335 1229 ne
1361 1204 1431 1228 nos

113 1250 316 1290 adiremus.
389 1249 568 1288 Ceterum
605 1248 705 1300 quod
742 1248 946 1287 discrimen
982 1249 1219 1286 ethnicorum
1250 1254 1290 1285 et
1321 1247 1432 1285 Chri-

114 1309 342 1353 suanorum,
373 1307 405 1345 si
431 1319 569 1344 carcer
592 1307 749 1344 mortuis
779 1305 905 1344 idem?
963 1303 1161 1352 Quomodo
1187 1317 1282 1353 ergo
1308 1304 1430 1342 anima

115 1364 311 1404 exhalabit
339 1364 378 1401 in
408 1363 575 1408 coelum,
614 1362 766 1400 Christo
802 1363 882 1400 illic
913 1361 1037 1399 adhuc
1069 1360 1227 1398 sedente
1259 1359 1307 1397 ad
1338 1359 1433 1397 dex-

115 1429 237 1460 teram
259 1421 393 1472 patris,
418 1418 582 1458 nondum
602 1418 664 1456 dei
683 1421 785 1457 iussu
803 1431 875 1469 per
892 1418 1021 1455 tubam
1040 1417 1263 1466 archangeli
1287 1415 1431 1461 audito,

115 1477 281 1526 nondum
306 1477 394 1522 illis,
420 1488 515 1527 quos
540 1474 683 1513 domini
706 1474 891 1512 adventus
916 1475 954 1511 in
979 1474 1110 1512 seculo
1135 1473 1337 1517 invenerit,
1365 1472 1436 1509 oba

114 1536 215 1574 vinu
238 1534 276 1573 ei
299 1533 419 1585 raptis
443 1533 481 1569 in
505 1534 648 1577 ae'rem,
675 1545 758 1570 cum
780 1531 836 1569 his
855 1532 918 1582 qui
936 1531 1074 1568 mortui
1095 1531 1132 1567 in
1153 1529 1304 1567 Christo
1324 1529 1435 1579 primi

115 1591 344 1642 resurgent?
400 1587 506 1627 Nulli
531 1596 639 1639 patet
663 1589 831 1634 coelum,
861 1594 969 1625 terra
999 1586 1123 1624 adhuc
1148 1586 1270 1629 salva,
1302 1597 1351 1621 ne
1377 1583 1435 1621 di-

114 1647 403 1689 mrimclausa.
464 1645 557 1682 Cum
582 1646 843 1682 transactione
874 1644 972 1680 enim
1004 1640 1131 1678 mundi
1162 1640 1436 1678 reserabuntur

117 1716 240 1754 regna
264 1702 473 1740 coelorum.
523 1699 602 1738 Sed
627 1701 666 1736 in
690 1700 847 1737 aethere
873 1698 1050 1735 dormitio
1078 1702 1208 1734 nostra
1233 1709 1316 1733 cum
1341 1707 1434 1746 pue-

117 1761 173 1799 ris
195 1757 384 1802 Platonis,
416 1763 483 1794 ant
512 1757 549 1793 in
580 1758 671 1793 ae‘re
697 1768 780 1792 cnm
805 1754 920 1799 Ario,
958 1760 1023 1790 aut
1059 1754 1164 1790 circa
1194 1753 1318 1790 lunam
1350 1764 1435 1789 cum

118 1812 420 1866 Endymionibus
439 1810 678 1857 Stoicorum,
703 1812 792 1855 imo,
818 1810 952 1861 inquis,
979 1810 1017 1846 in
1041 1807 1239 1860 paradiso,
1260 1820 1334 1859 quo
1358 1808 1434 1845 'nm

121 1880 211 1911 tnnc
236 1877 276 1909 et
298 1868 540 1921 patriarchae
566 1874 606 1904 et
629 1867 840 1918 prophetae
870 1864 1102 1917 appendices
1133 1863 1347 1902 dominicae
1372 1876 1435 1901 re-

112 1926 369 1968 sutreetionis
393 1925 441 1963 ab
466 1924 598 1962 inferis
623 1924 881 1974 migraverint.
959 1922 1010 1959 Et
1034 1919 1222 1973 quomodo
1248 1920 1433 1965 Ioanni3)

120 1987 160 2026 in
191 1984 325 2036 spiritu
361 1979 527 2033 paradisi
564 1981 674 2029 regio
710 1980 904 2025 revelata,
942 1990 1038 2030 quae
1074 1978 1274 2016 subiicitur
1307 1977 1434 2025 altari,

121 2041 250 2081 nullas
281 2040 376 2078 alias
411 2038 555 2076 animas
590 2035 690 2087 apud
725 2049 766 2074 se
802 2042 958 2088 praeter
997 2041 1203 2086 martyrum
1246 2032 1437 2072 ostendit?

124 2095 323 2146 Quomodo
347 2095 551 2147 Perpetua,
582 2093 788 2131 fortissima
812 2099 969 2143 martyr,
1001 2091 1069 2130 sub
1095 2090 1157 2129 die
1183 2090 1434 2142 passionis‘in

123 2154 359 2194 revelatione
385 2149 552 2202 paradisi
576 2149 679 2187 solos
703 2150 781 2187 illic
808 2156 1083 2200 commartyres
1108 2160 1196 2186 suos
1219 2145 1333 2191 vidit,
1365 2146 1436 2182 nisi

124 2212 214 2263 quia
246 2209 359 2248 nullis
394 2207 607 2257 romphaea*
635 2205 802 2257 paradisi
837 2206 992 2249 ianitrix
1026 2203 1154 2250 cedit,
1190 2203 1262 2240 nisi
1300 2202 1362 2252 qui
1398 2202 1437 2238 in

127 2268 279 2307 Christo
303 2264 560 2309 decesserint,
590 2276 666 2300 non
695 2263 734 2300 in
757 2261 905 2300 Adam?
942 2260 1055 2300 Nova
1078 2272 1180 2298 mors
1203 2271 1273 2309 pro
1299 2256 1373 2295 deo
1398 2263 1439 2294 et

127 2321 434 2364 extraordinaria
453 2332 522 2371 pro
538 2319 690 2357 Christo
715 2319 791 2357 alio
812 2325 852 2356 et
869 2319 1018 2369 privato
1043 2316 1234 2366 excipitur
1255 2314 1435 2364 hospitio.

126 2384 309 2433 Agnosce
339 2379 467 2428 itaque
500 2375 751 2414 differentiam
782 2375 924 2413 ethnici
948 2381 989 2412 et
1012 2372 1135 2411 fidelis
1164 2372 1203 2409 in
1233 2377 1373 2415 morte,
1405 2370 1437 2407 si

222 2472 259 2511 1)
274 2470 371 2506 Quae
384 2470 575 2506 sequuntur
587 2467 620 2497 in
634 2466 699 2497 hoe
714 2466 963 2504 cap-ineeripta
975 2463 1099 2495 nnntin
1108 2462 1181 2492 edd.
1190 2459 1436 2492 Rhen.etGel.:

130 2518 190 2553 De
222 2515 395 2553 inferio,
433 2516 474 2544 et
507 2523 559 2543 an
591 2512 697 2542 illuc
733 2520 877 2542 omnes
914 2510 1077 2540 animae
1114 2506 1433 2546 compellantur.

131 2560 169 2602 2)
187 2561 459 2602 Rig.faceret,
485 2558 642 2589 habens
666 2561 732 2587 etc.
826 2557 862 2596 3)
877 2556 1076 2594 Apoc.6‚9.

190 2619 386 2649 meuu„
417 2616 471 2647 lv.
1101 2602 1151 2639 16
