1604 2800
360 123 436 156 DE
470 120 985 156 RESURRECTIONE
1021 122 1249 155 CARNIS.
1364 124 1470 162 101

145 217 255 256 simis
278 215 489 268 quibusque
514 215 754 254 vasculorum
780 215 885 267 prius
910 216 1203 266 congruentiam
1228 228 1354 264 cures,
1379 231 1470 269 pro-

140 273 232 314 inde
256 273 457 326 perfectae
481 274 690 324 ferruginis
715 271 854 323 gladiis
877 273 1101 323 vaginarum
1126 271 1320 325 adaeques
1345 272 1470 325 digni-

140 338 279 371 tatem:
318 330 413 369 deus
435 343 531 369 vcro
555 331 705 368 animae
730 343 822 368 suae
847 329 1037 376 umbram,
1063 330 1217 381 spiritus
1241 331 1300 368 sui
1324 344 1469 378 auram,

140 389 223 427 oris
247 389 305 427 sui
330 400 487 440 operam
511 388 694 426 vilissimo
726 387 843 425 alicui
874 388 1110 426 commiserit
1140 387 1298 439 capulo,
1335 395 1376 426 et
1412 390 1470 427 in-

141 444 260 497 digne
284 444 516 484 collocando
541 446 672 496 utique
699 443 950 483 damnaverit.
1013 444 1231 483 Collocavit
1254 451 1395 492 autem,
1420 459 1470 485 an

139 504 270 555 potius
304 503 466 540 inseruit
501 509 542 540 et
577 503 781 541 immiscuit
810 503 944 541 carni?
978 509 1085 540 tanta
1116 501 1267 553 quidem
1306 515 1470 542 concre-

138 560 267 606 tione,
291 566 334 598 ut
358 561 546 598 incertum
572 559 707 598 haberi
732 561 866 611 possit,
892 566 1067 598 utrumne
1093 572 1186 598 caro
1212 560 1394 607 animam,
1420 574 1470 598 an

141 629 298 656 carnem
323 618 449 655 anima
474 617 734 662 circumferat,
762 623 936 655 utrumne
961 618 1110 655 animae
1137 630 1244 663 caro,
1270 630 1320 666 an
1344 619 1469 656 anima

138 681 279 726 pareat
302 675 423 712 carni.
480 673 561 713 Sed
586 681 627 712 et
651 675 773 724 magis
798 675 959 712 animam
985 674 1114 712 invehi
1138 680 1254 726 atque
1280 673 1470 713 dominari

138 729 374 770 credendum
399 738 477 777 est,
514 737 556 767 ut
585 732 707 781 magis
738 729 813 768 deo
844 732 1077 782 proximam3
1115 730 1191 768 hoc
1229 743 1380 782 quoque
1417 729 1470 769 ad

137 788 300 839 gloriam
338 788 466 825 carnis
495 787 701 833 exuberat,
740 785 841 838 quod
870 788 1084 838 proximam
1115 785 1190 825 deo
1221 794 1263 825 et
1294 788 1469 826 continet

135 851 179 884 et
200 845 320 897 ipsius
342 843 617 882 dominationis
642 850 859 895 compotem
884 851 1069 895 praestat.
1125 843 1246 891 Quem
1272 845 1373 883 enim
1399 859 1468 883 na-

133 908 247 941 turae
270 915 392 948 usum,
417 914 530 954 quem
554 899 685 940 mundi
707 902 885 948 fructum,
913 914 1024 953 quem
1050 901 1327 940 elementorum
1352 915 1468 954 sapo-

134 970 219 999 rem
243 972 321 998 non
346 972 418 1011 per
442 971 598 998 carnem
623 959 749 996 anima
774 957 1021 1009 depascitur?
1079 957 1236 1009 quidni?
1258 971 1330 1010 per
1354 973 1467 1011 quam

135 1018 240 1056 omni
275 1018 528 1055 instrumento
565 1028 742 1054 sensuum
778 1015 875 1053 fulta
912 1022 983 1061 cst,
1019 1016 1122 1061 visu,
1160 1014 1311 1062 auditu,
1338 1024 1463 1067 gustu,

136 1073 322 1120 odoratu,
349 1075 557 1112 contactu?
580 1085 652 1124 per
677 1086 788 1124 quam
813 1071 943 1110 divina
966 1079 1160 1123 potestate
1185 1085 1364 1123 respersa
1391 1081 1463 1118 est,

134 1130 231 1168 nihil
254 1143 333 1168 non
357 1143 535 1169 sermone
561 1129 769 1180 perficiens
792 1129 855 1167 vel
881 1129 1001 1167 tacite
1026 1130 1264 1180 praemisso?
1306 1129 1357 1167 Et
1381 1142 1464 1167 ser-

133 1199 198 1225 mo
223 1188 323 1225 enim
349 1186 398 1225 de
425 1199 572 1237 organo
599 1187 727 1224 carnis
751 1192 823 1224 est.
882 1185 1002 1224 Artes
1026 1198 1097 1237 per
1121 1199 1296 1232 carnem,
1323 1185 1462 1233 studia,

133 1245 291 1295 ingenia
315 1257 387 1295 per
412 1257 580 1290 carnem,
608 1256 740 1295 opera,
767 1243 937 1294 negotia,
963 1243 1090 1281 officia
1112 1255 1184 1294 per
1209 1256 1377 1290 carnem,
1404 1251 1463 1282 at-

134 1293 341 1353 que'adeo
372 1308 492 1339 totum
522 1302 653 1339 vivere
685 1301 835 1338 animae
868 1300 995 1338 carnis
1025 1307 1103 1345 est,
1140 1307 1183 1338 ut
1217 1314 1295 1338 non
1330 1302 1462 1339 vivere

132 1359 284 1397 animae
308 1358 401 1396 nihil
427 1357 530 1396 alind
555 1359 623 1404 sit,
654 1370 765 1409 quam
790 1370 813 1395 a
839 1370 956 1395 carne
983 1356 1192 1395 divertere.
1252 1356 1319 1395 Sic
1345 1358 1462 1395 etiam

131 1417 256 1468 ipsum
280 1416 379 1454 mori
403 1416 531 1453 carnis
556 1421 634 1461 est,
675 1415 782 1452 cuius
807 1421 847 1452 et
871 1415 1014 1452 vivere.
1075 1411 1200 1451 Porro
1226 1414 1258 1451 si
1284 1415 1463 1452 universa

129 1485 204 1525 per
227 1485 380 1512 carnem
406 1472 608 1511 subiacent
631 1473 800 1518 animae,
826 1473 935 1510 carni
961 1483 1111 1522 quoque
1142 1470 1367 1509 subiaceant
1391 1484 1463 1523 per

129 1528 235 1583 quod
259 1530 379 1568 utaris
405 1542 566 1568 neccsse
591 1536 664 1568 est.
726 1529 786 1567 Ita
810 1542 918 1575 caro,
946 1527 1032 1567 dum
1058 1529 1232 1566 ministra
1256 1536 1296 1566 et
1319 1529 1461 1566 famula

122 1588 281 1627 *animae
320 1586 544 1638 deputatur,
584 1599 747 1624 consors
778 1593 818 1623 et
842 1586 1033 1624 cohaeres
1057 1586 1268 1632 invenitur,
1306 1587 1339 1623 si
1366 1593 1461 1624 tcm-

128 1644 331 1696 poraHum,
357 1657 429 1682 cur
452 1657 528 1680 uon
554 1650 595 1680 et
619 1644 890 1680 aeternorum?

245 1705 285 1741 8.
334 1699 386 1736 Et
415 1700 514 1737 haec
546 1698 698 1750 quidem
728 1698 834 1735 velut
865 1697 913 1736 de
944 1697 1098 1749 publica
1123 1698 1248 1736 forma
1271 1698 1459 1737 humanae

129 1755 367 1795 conditionis
392 1755 575 1806 suffragia
607 1755 715 1793 carni
745 1756 1049 1805 procuraverim·
1110 1753 1321 1793 Videamus
1358 1768 1459 1793 nunc

128 1812 181 1852 de
217 1814 375 1865 propria
414 1814 530 1850 etiam
569 1811 776 1850 Christiani
815 1812 979 1849 nominis
1014 1812 1151 1858 forma,
1193 1818 1333 1863 quanta
1371 1812 1459 1850 huic

127 1870 366 1910 substantiae
404 1870 566 1908 frivolae
598 1882 644 1907 ac
681 1866 862 1906 sordidae
899 1867 1000 1920 apud
1036 1867 1148 1907 deum
1184 1870 1459 1920 praerogativa

129 1928 199 1974 sit,
236 1928 311 1966 etsi
342 1926 536 1965 sufficeret
571 1926 647 1972 illi,
686 1924 787 1976 quod
819 1925 922 1964 nulla
953 1927 1108 1964 omnino
1139 1926 1266 1963 anima
1296 1927 1458 1964 salutem

127 1986 252 2038 possit
282 1983 463 2036 adipisci,
503 1984 594 2030 nisi,
633 1981 720 2021 dum
751 1989 810 2021 est
840 1984 878 2021 in
912 1996 1048 2030 carne,
1087 1981 1318 2030 crediderit3
1357 1982 1456 2021 adeo

130 2055 225 2080 caro
251 2042 384 2080 salutis
409 2048 468 2079 est
494 2039 626 2078 cardo.
686 2038 861 2091 Denique
893 2053 979 2079 cum
1009 2041 1135 2078 anima
1160 2039 1234 2078 deo
1261 2041 1455 2091 allegitur,

128 2099 213 2150 ipsa
238 2106 315 2145 est,
341 2111 438 2150 qnae
464 2097 598 2143 efficit,
623 2103 666 2135 ut
689 2098 814 2135 anima
839 2097 955 2149 allegi
980 2098 1112 2149 possit.
1174 2096 1338 2136 Scilicet
1362 2110 1455 2135 caro

128 2155 308 2202 abluitur,
335 2162 376 2193 ut
399 2156 525 2192 anima
549 2155 805 2202 emaculetur3
834 2167 927 2193 caro
954 2156 1119 2206 ungitur,
1144 2161 1187 2193 ut
1210 2155 1336 2192 anima
1361 2167 1455 2195 con-

128 2219 324 2259 secretum
351 2225 444 2250 caro
470 2213 656 2262 signatur,
682 2218 724 2250 ut
747 2219 787 2250 et
811 2213 936 2250 anima
961 2213 1170 2258 muniatur3
1203 2223 1296 2248 caro
1321 2223 1454 2248 manus

127 2269 373 2321 impositione
410 2268 674 2314 adumbratur,
713 2275 754 2305 ut
791 2275 831 2306 et
865 2270 991 2306 anima
1026 2269 1163 2320 spiritu
1199 2267 1451 2313 illuminetur,

127 2340 221 2365 caro
248 2339 414 2377 corpore
441 2333 481 2365 et
504 2326 690 2376 sanguine
717 2324 860 2363 Christi
883 2326 1071 2371 vescitur,
1110 2331 1152 2362 ut
1182 2331 1223 2362 et
1253 2325 1378 2361 anima
1403 2322 1451 2361 de

126 2382 203 2422 deo
241 2384 451 2434 saginetur.
517 2382 605 2420 Non
643 2389 801 2434 possunt
837 2395 933 2431 ergo
971 2382 1144 2433 separari
1180 2382 1219 2418 in
1255 2379 1450 2427 mercede,

127 2453 221 2492 quas
246 2453 366 2492 opera
393 2440 604 2490 coniungit.
665 2438 763 2476 Nam
789 2446 829 2476 et
859 2439 1052 2477 sacrificia
1083 2437 1157 2476 deo
1189 2443 1319 2488 grata,
1357 2450 1451 2475 con-

126 2498 358 2536 flictationes
384 2496 471 2535 dico
498 2498 666 2543 animae,
693 2496 836 2535 ieiunia
860 2502 900 2534 et
923 2508 1031 2534 seras
1056 2501 1097 2534 et
1121 2494 1248 2533 aridas
1274 2507 1384 2534 escas
1409 2502 1451 2533 et
