1604 2800
592 170 1023 206 Anv.1unAEos.
1368 177 1474 215 θ’,

154 264 266 302 nicae
295 263 445 315 gratiae
477 263 584 315 quasi
614 265 872 304 visceratione
909 265 1068 317 quadam
1104 267 1341 316 fruerentur,
1377 271 1475 310 ieiu-

154 319 331 359 nantibus
356 321 499 360 ceteris
523 334 546 359 a
571 321 707 360 salute.
773 321 894 373 Igitur
924 324 1099 374 quoniam
1124 326 1266 376 primus
1290 325 1474 367 adventus

154 384 195 417 et
218 377 389 430 plurimis
412 377 545 429 figuris
570 377 794 417 obscuratus
814 387 853 418 et
872 382 973 419 omni
996 381 1237 421 inhonestate
1261 391 1475 434 prostratus

154 435 385 483 canebatur,
417 434 608 473 secundus
636 448 730 474 vero
763 443 803 474 et
831 438 1053 476 manifestus
1083 445 1123 476 et
1147 437 1221 477 deo
1248 440 1471 492 condignus,

152 490 302 531 idcirco
323 505 434 544 quem
454 493 569 531 facile
590 499 630 531 et
648 493 865 544 intelligere
891 501 933 532 et
958 494 1119 534 credere
1143 503 1361 548 potuerunt,
1388 511 1473 537 eum

152 549 275 588 solum
298 550 506 596 intuentes,
531 548 570 587 id
596 557 655 588 est
674 549 893 597 secundum,
921 553 981 603 qni
997 553 1107 590 estin
1122 552 1269 592 honore
1283 561 1324 592 et
1336 555 1472 605 gloria,

151 619 229 645 non
242 607 432 646 immerito
453 604 606 659 decepti
626 614 714 645 sunt
727 607 1113 659 circaindigniorem,
1140 617 1247 649 certe
1275 611 1474 650 obscurio-

152 675 248 711 rem,
274 662 314 702 id
328 670 388 702 est
402 665 575 716 primum.
612 663 739 717 Atque
765 666 818 702 ita
843 666 881 702 in
906 664 1131 704 hodiernum
1158 675 1300 718 negant
1324 669 1473 707 venisse

152 719 364 768 Christum,
403 722 491 773 quia
528 734 605 759 non
642 722 680 759 in
711 721 941 760 sublimitate
972 724 1141 769 venerit,
1179 723 1264 762 dum
1295 725 1476 776 ignorant

150 778 191 816 in
226 777 441 816 bumilitate
484 779 606 829 primo
648 779 766 816 fuisse
808 786 1019 818 venturum.
1093 778 1240 819 Sufficit
1281 781 1474 833 hucusque

151 832 200 872 de
225 834 285 873 his
309 835 461 872 iuterim
488 833 660 872 ordinem
686 834 830 873 Christi
855 834 1140 882 decucurrisse,
1178 850 1251 887 quo
1277 838 1363 875 talis
1387 851 1476 889 pro-

150 890 289 938 batur,
326 891 447 943 qualis
484 890 798 936 adnuntiabatur,
835 898 877 929 ut
920 893 993 930 iam
1031 904 1081 931 ex
1114 893 1188 930 ista
1225 896 1476 933 consonantia

151 948 425 1000 scripturarum
452 946 660 985 divinarum
688 948 955 998 intelligamus,
987 956 1028 986 et
1053 961 1150 999 quae
1173 957 1262 1000 post
1286 950 1475 989 Christum

150 1005 281 1043 futura
314 1003 663 1056 praedicabantur,
713 1017 764 1042 ex
805 1003 1056 1055 dispositione
1099 1004 1226 1044 divina
1270 1006 1476 1046 credantur

151 1067 358 1113 expuncta.
429 1059 516 1099 Nisi
553 1061 652 1098 euim
689 1060 755 1098 ille
790 1060 976 1107 venisset,
1013 1068 1101 1112 post
1138 1075 1246 1114 quem
1284 1063 1476 1103 habebant

151 1119 339 1170 expungi,
378 1117 482 1156 nullo
519 1116 634 1155 modo
672 1117 907 1164 evenissent,
946 1130 1042 1169 quae
1080 1119 1118 1156 in
1154 1118 1354 1159 adveutum
1393 1123 1475 1160 eius

150 1175 279 1214 futura
302 1173 639 1227 praedicabantur.
688 1174 811 1225 Igitur
833 1175 866 1212 si
890 1175 1088 1213 universas
1111 1177 1287 1215 nationes
1312 1176 1359 1216 de
1385 1191 1475 1230 pro-

150 1231 270 1271 fundo
306 1233 452 1271 erroris
487 1232 639 1270 humani
670 1230 809 1270 exinde
840 1239 1083 1283 emergentes
1106 1231 1155 1270 ad
1181 1232 1291 1272 deum
1322 1242 1476 1273 creato-

151 1302 232 1329 rem
264 1296 306 1328 et
336 1288 526 1327 Christum
563 1289 645 1327 eius
684 1289 866 1335 cernitis,
910 1289 1177 1340 prophetatum
1213 1304 1289 1328 non
1325 1290 1476 1330 audetis

151 1359 317 1399 negare,
349 1347 438 1398 quia
462 1347 535 1384 etsi
560 1347 774 1396 negaretis,
805 1346 931 1385 statim
961 1346 1070 1384 vohis
1094 1346 1132 1384 in
1157 1347 1329 1398 psalmis,
1361 1348 1476 1387 sicuti

150 1405 227 1443 iam
250 1403 466 1456 praelocuti
491 1416 630 1450 sumus,
655 1403 857 1455 promissio
882 1404 1002 1454 patris
1026 1411 1264 1450 occurreret,
1292 1403 1476 1443 dicentis:

152 1460 253 1500 lilius
282 1473 389 1499 meus
414 1472 456 1499 es
481 1466 541 1506 tu,
579 1472 653 1510 ego
686 1458 801 1497 bodie
826 1460 942 1510 genui
967 1466 1026 1507 te,
1063 1467 1153 1511 pete
1178 1473 1201 1497 a
1225 1474 1286 1498 me
1310 1468 1350 1499 et
1374 1460 1476 1499 dabo

151 1517 222 1556 tibi
252 1524 389 1569 gentes
425 1515 704 1556 haereditatem
740 1523 843 1554 tuam
874 1523 915 1554 et
942 1517 1362 1567 possessionem'tuam
1397 1524 1477 1556 ter·

151 1575 276 1613 minos
311 1581 457 1613 terrae.
481 1574 520 1621 ¹)
590 1572 676 1611 Nec
712 1573 890 1624 poteritis
927 1574 965 1610 in
1003 1574 1111 1610 istam
1147 1573 1475 1624 praedicationem

153 1632 275 1682 magis
298 1629 421 1670 David
459 1630 575 1668 filium
610 1628 853 1667 Salomonem
889 1627 1105 1674 vindicare,
1145 1641 1252 1679 quam
1286 1629 1475 1667 Christum

153 1686 217 1726 dei
242 1687 359 1726 filium
384 1685 530 1731 dicere,
558 1698 629 1723 nec
656 1686 839 1722 terminos
864 1691 992 1722 terrae
1013 1683 1134 1722 David
1155 1684 1234 1722 filio
1254 1686 1475 1736 promissos,

153 1745 218 1796 qui
241 1744 348 1782 intra
366 1743 517 1780 unicam
543 1740 721 1779 Iudaeam
753 1742 945 1790 regnavit,
979 1754 1087 1791 quam
1114 1740 1266 1779 Christo
1292 1741 1371 1780 filio
1397 1740 1475 1788 dei,

154 1801 218 1853 qui
245 1806 364 1838 totum
389 1799 461 1836 iam
489 1797 620 1835 orbem
645 1798 836 1847 evangelii
861 1798 918 1834 sui
943 1796 1061 1835 radiis
1085 1797 1320 1836 illumiuav‘t.
1357 1797 1476 1836 Deui-

154 1870 227 1910 que
240 1863 281 1895 et
294 1856 452 1894 thronus
466 1855 503 1892 in
517 1866 648 1892 aevum
664 1855 783 1904 magis
798 1853 950 1891 Christo
966 1852 1027 1892 dei
1049 1854 1126 1892 filio
1147 1856 1343 1906 competit,
1365 1867 1474 1906 quam

155 1913 369 1959 Salomoni,
402 1910 603 1963 temporali
629 1911 779 1948 scilicet
803 1911 906 1961 regi,
939 1912 1002 1962 qui
1028 1911 1099 1949 soli
1125 1908 1261 1950 Israeli
1286 1912 1472 1962 regnavit.

155 1971 345 2010 Christum
359 1970 459 2008 enim
474 1967 589 2006 hodie
604 1968 784 2005 invocant
797 1968 983 2014 nationes,
994 1981 1184 2019 quaecum
1198 1981 1273 2005 non
1287 1968 1475 2015 sciebant,

153 2035 195 2067 et
206 2027 338 2080 populi
350 2025 466 2064 hodie
480 2023 528 2062 ad
538 2024 727 2062 Christum
742 2024 978 2074 confugiunt,
988 2037 1096 2075 quem
1111 2031 1217 2062 retro
1231 2024 1473 2073 ignorabant.

152 2084 244 2124 Non
257 2091 370 2136 potes
382 2083 546 2121 futurum
563 2079 812 2127 contendere,
824 2080 924 2132 quod
935 2080 1043 2119 vides
1058 2081 1154 2119 fieri.
1187 2080 1293 2119 Haec
1307 2088 1372 2118 aut
1384 2094 1474 2132 pro-

151 2142 311 2195 phetata
324 2152 436 2191 nega,
447 2152 530 2178 cum
540 2151 670 2176 coram
682 2137 871 2184 videntur,
881 2144 946 2175 aut
959 2137 1175 2189 adimpleta,
1187 2150 1268 2175 cum
1283 2138 1472 2187 leguntur,

153 2205 220 2237 aut
231 2198 353 2236 sinon
366 2209 488 2248 negas
501 2202 715 2247 utrumque,
736 2195 775 2233 in
789 2207 837 2234 eo
853 2201 964 2233 eruut
976 2193 1194 2247 adimpleta,
1214 2195 1251 2231 in
1266 2207 1374 2245 quem
1389 2200 1474 2231 sunt

153 2254 394 2308 prophetata.

247 2366 286 2412 1)
309 2368 364 2399 ΡΒ.
389 2368 421 2406 2,
449 2368 469 2397 Ἰ
483 2377 521 2406 aq
