1604 2800
508 214 1098 249 ΑυνΛιΕιιΜοςΕΝκιι.
1411 212 1475 254 22

139 316 220 349 tum
245 307 473 354 ostendens,
513 310 574 360 qui
601 310 639 347 in
665 316 790 347 terras
817 308 992 347 conditas
1018 308 1291 362 deputabatur,
1325 312 1388 362 qui
1413 324 1476 350 su-

140 379 214 420 per
242 378 362 420 aquas
394 366 613 413 ferebatur,
652 366 816 405 librator
847 373 887 405 et
917 367 1069 406 afflator
1097 374 1138 406 et
1169 369 1360 406 animator
1390 370 1475 407 uni-

138 426 353 470 versitatis,
394 437 487 468 non,
522 431 562 462 ut
595 423 747 476 quidam
779 431 932 477 putant,
966 426 1086 477 ipsum
1118 423 1229 464 deum
1262 426 1473 477 significari

137 484 335 536 spiritum,
369 483 459 534 quia
489 481 585 520 deus
610 482 779 535 spiritus.
841 481 978 534 Neque
1005 484 1105 521 enim
1131 496 1254 535 aquae
1281 483 1472 523 dominum

138 541 332 580 sustinere
359 540 604 587 sufficerent,
631 539 700 579 sed
727 553 812 579 eum
838 541 1012 593 spiritum
1038 539 1153 587 dicit,
1180 540 1228 579 de
1255 555 1330 594 quo
1357 542 1473 581 etiam

134 598 244 638 venti
281 598 558 644 constiterunt,
596 604 638 636 nt
663 597 722 637 ‘ait
753 610 824 650 per
854 597 1026 637 Esaiam:
1066 599 1154 651 quia
1184 600 1341 652 spiritus
1366 613 1388 638 a
1415 613 1473 638 me

136 656 271 702 exivit,
297 662 341 694 et
364 656 493 694 natum
519 668 669 694 omnem
695 668 770 707 ego
797 656 888 695 feci.
911 657 950 707 ¹)
1008 655 1102 695 item
1128 655 1177 695 de
1203 658 1311 710 aquis
1337 656 1472 696 eadem

135 713 289 766 sophia.
322 711 374 751 Et
393 725 479 764 eum
501 713 630 752 firmos
655 713 826 766 ponebat
851 714 992 760 fontes,
1019 724 1119 765 quae
1145 714 1215 752 snb
1240 715 1368 760 coelo,
1396 727 1471 766 ego

136 783 243 810 eram
269 769 469 809 modulans
495 783 581 809 eum
607 771 754 822 ipso.²)
804 770 897 809 Cum
924 784 1020 822 ergo
1052 778 1093 809 et
1117 783 1185 809 eas
1208 773 1360 823 species
1380 785 1473 824 pro-

136 828 272 867 banus
296 840 320 866 a
345 826 420 866 deo
446 828 584 874 saetas,
611 829 686 866 etsi
710 828 749 866 in
765 826 907 867 Genesi
933 827 1195 867 tantummodo
1228 830 1472 868 nominantur

137 887 221 926 sine
247 885 501 925 factitationis
526 887 735 932 mentione,
763 884 1063 938 respondebitur
1087 887 1254 926 fortasse
1274 900 1323 926 ex
1342 887 1470 927 diver·

133 957 199 991 so,
238 942 352 996 piane
389 943 514 982 factas
551 956 636 991 eas,
675 942 743 982 sed
782 956 831 982 ex
868 945 1048 991 materia,
1094 952 1135 983 ut
1172 945 1280 984 stilus
1318 944 1469 998 quidem

133 1000 284 1055 noysi:
322 1008 364 1041 et
393 1000 580 1041 tenebrae
613 1014 730 1054 super
760 1001 957 1054 abyssum,
996 1009 1036 1040 et
1066 1003 1222 1054 spiritus
1254 1002 1317 1041 dei
1354 1016 1471 1056 super

135 1072 256 1113 aquas
281 1059 502 1106 ferebatur,
523 1060 563 1110 ³)
589 1060 789 1098 materiam
815 1066 946 1105 sonet,
986 1066 1146 1098 ceterae
1176 1073 1272 1099 vero
1304 1062 1470 1113 scriptu·

134 1129 223 1164 rae,
262 1130 362 1170 qnae
393 1130 444 1156 ex
474 1118 637 1155 materia
668 1117 797 1156 factae
823 1118 900 1155 sint
923 1118 1095 1171 speeies,
1132 1119 1170 1156 in
1197 1117 1374 1170 disperso
1400 1117 1470 1157 de-

134 1181 363 1213 monstrent.
426 1173 532 1225 Ergo
569 1175 669 1212 sicut
701 1181 805 1212 terra
837 1172 885 1212 de
916 1181 1041 1220 terra,
1079 1176 1132 1212 ita
1164 1181 1205 1213 et
1234 1175 1395 1227 abyssus
1420 1188 1471 1215 ex

134 1231 300 1284 abysso,
338 1237 378 1270 et
409 1231 595 1270 tenebrae
626 1244 677 1269 ex
708 1230 898 1278 tenebris,
936 1238 979 1270 et
1006 1233 1163 1283 spiritus
1194 1240 1233 1271 et
1265 1246 1388 1285 aquae
1419 1245 1469 1273 ex

136 1290 276 1342 spiritu
300 1295 342 1327 et
365 1289 474 1340 aquis
499 1288 768 1327 constiterunt.
829 1288 879 1327 Et
904 1290 1004 1328 sieut
1028 1303 1144 1341 supra
1169 1289 1350 1335 diximus,
1391 1304 1467 1329 non

136 1347 264 1400 potuit
294 1346 469 1385 insumis
505 1346 623 1384 fuisse
656 1346 837 1393 materia,
875 1348 906 1384 si
939 1348 1093 1399 speeies
1123 1347 1310 1393 babebat,
1350 1355 1391 1386 ut
1427 1355 1469 1387 et

133 1405 234 1444 aliae
259 1417 310 1443 ex
334 1416 382 1443 ea
406 1404 482 1442 sint
506 1404 732 1451 contectae,
771 1404 844 1442 nisi
870 1403 971 1455 quod
997 1417 1074 1442 non
1098 1405 1218 1451 aliae,
1258 1404 1327 1444 sed
1360 1407 1466 1458 ipsae

133 1476 186 1502 ox
214 1468 339 1502 semet
368 1461 474 1513 ipsis.
536 1459 734 1513 Siquidem
761 1475 837 1500 non
864 1462 967 1514 capit
992 1461 1166 1500 diversas
1190 1463 1327 1510 fuisse,
1367 1477 1464 1516 quae

132 1518 269 1559 iisdem
295 1518 512 1557 nominibus
537 1517 720 1565 eduntur,
753 1517 856 1571 quod
881 1520 954 1558 iam
981 1521 1159 1572 operatio
1185 1519 1315 1559 divina
1340 1523 1466 1560 otiosa

132 1576 257 1617 videri
287 1578 428 1630 possit,
460 1578 511 1623 si,
546 1589 642 1629 quae
669 1577 839 1623 fuerant,
866 1577 980 1623 fecit,
1013 1591 1098 1616 eum
1125 1580 1379 1629 generosiora
1405 1592 1466 1618 es-

132 1642 238 1682 sent,
271 1648 369 1688 quae
401 1647 477 1673 non
509 1642 622 1673 erant
645 1635 769 1680 facta,
802 1636 834 1672 si
860 1635 1009 1674 fierent,
1028 1636 1066 1681 ⁴)
1131 1635 1276 1686 Igitur,
1305 1644 1346 1675 ut
1371 1650 1465 1676 con-

132 1691 304 1739 cludam,
347 1698 414 1730 aut
456 1693 654 1730 materiam
699 1699 788 1729 tunc
825 1691 1059 1743 significavit
1093 1692 1269 1744 Moyses,
1315 1707 1399 1732 eum
1425 1696 1463 1743 ⁵)

133 1749 290 1788 scribit:
329 1756 371 1787 et
400 1748 588 1787 tenebrae
620 1761 737 1800 super
767 1748 965 1799 abyssum,
1002 1756 1043 1787 et
1072 1751 1229 1801 spiritus
1259 1750 1323 1789 dei
1348 1763 1465 1803 super

133 1818 253 1859 aquas
282 1805 500 1852 ferebatur3
526 1805 567 1855 ὅ)
598 1812 664 1843 aut
701 1818 786 1844 eum
819 1806 891 1843 hae
922 1807 1075 1857 speeies
1104 1807 1197 1845 alibi
1228 1815 1364 1860 postea
1396 1807 1464 1848 de-

133 1870 396 1903 monstrantur
419 1862 548 1901 factae
572 1875 595 1901 a
621 1861 715 1909 deo,
742 1861 958 1902 debuerunt
981 1876 1105 1915 aeque
1131 1863 1389 1905 demonstrari
1413 1879 1462 1907 ex

133 1922 314 1968 materia,
353 1933 463 1973 quam
495 1919 654 1972 Moyses
685 1922 956 1973 praemiserat,
984 1921 1130 1969 factae3
1163 1929 1229 1961 aut
1253 1924 1284 1962 si
1310 1925 1461 1977 speeies

132 1980 228 2019 istas
252 1986 294 2018 et
323 1992 399 2017 non
426 1979 625 2016 materiam
651 1978 883 2029 significavit
906 1978 1082 2032 Moyses,
1115 1979 1181 2019 ubi
1205 1983 1369 2021 materia
1393 1980 1462 2021 de-

133 2043 345 2076 monstrata
369 2039 431 2083 sit,
458 2048 616 2088 quaero.

248 2097 317 2136 33.
371 2092 452 2132 Sed
489 2092 576 2131 dum
608 2092 710 2132 inam
742 2093 1008 2146 Hermogenes
1041 2096 1142 2135 inter
1179 2097 1335 2136 colores
1371 2111 1460 2136 suos

133 2153 298 2199 invenit,
324 2152 452 2200 (inter
475 2152 686 2203 scripturas
716 2152 817 2190 enim
848 2150 911 2191 dei
944 2153 1117 2193 invenire
1149 2167 1224 2192 non
1257 2157 1459 2207 potum-ie)

132 2209 226 2248 satis
250 2216 323 2255 est,
350 2207 451 2262 quod
477 2209 603 2248 omnia
629 2215 670 2247 et
694 2208 799 2248 facta
823 2221 847 2248 a
866 2208 940 2249 deo
968 2218 1132 2258 constat,
1160 2218 1199 2250 et
1224 2224 1274 2250 ex
1299 2214 1458 2251 materia

133 2266 240 2305 faeta
263 2279 341 2305 non
366 2273 538 2313 constat,
576 2279 695 2319 qnae,
734 2268 884 2307 etiamsi
916 2268 1070 2316 fuisset,
1108 2270 1227 2321 ipsam
1260 2282 1411 2321 quoque
1437 2283 1458 2307 a

133 2322 209 2364 deo
236 2324 378 2363 factam
405 2322 714 2371 credidissemus,
740 2325 829 2377 quia
852 2325 945 2365 nihil
970 2327 1139 2365 innatum
1164 2333 1322 2378 praeter
1346 2326 1456 2366 deum

225 2485 262 2524 1)
287 2487 351 2516 les.
372 2487 425 2523 5¹1,
447 2487 501 2516 1⁶.
596 2483 634 2529 2)
659 2486 760 2516 Prov.
782 2488 814 2524 8,
837 2487 890 2518 28.
992 2489 1028 2525 ³)
1054 2488 1137 2518 Gen.
1158 2490 1195 2527 1,
1217 2490 1248 2519 2,
1342 2490 1381 2529 4)
1406 2491 1457 2521 m

131 2531 231 2563 tocu-
245 2531 380 2563 videtur
391 2532 637 2563 emendandus.
685 2531 793 2564 Rhea.
810 2532 903 2563 etl-1.
916 2533 952 2563 ni
966 2543 1044 2572 qun
1058 2535 1204 2565 ferant
1218 2535 1343 2576 feeit,
1363 2545 1412 2568 eu
1425 2546 1455 2566 m

132 2578 416 2617 generosiora
449 2581 583 2616 esset,
617 2575 763 2619 (mg-tt.
793 2580 1052 2618 generosior
1075 2579 1213 2623 euet)
1238 2590 1343 2619 quae
1367 2592 1400 2613 n.
1428 2592 1455 2612 e.

132 2622 268 2660 fucta,
283 2633 402 2662 quum
417 2625 450 2654 si
467 2625 640 2655 fierent.
703 2625 739 2664 5)
764 2625 802 2654 V.
818 2634 908 2655 cum
923 2625 1049 2656 adiecit
1065 2626 1170 2659 Rhen.
1233 2625 1269 2666 G)
1289 2628 1370 2659 Gen.
1382 2630 1413 2668 1,
1426 2631 1454 2660 2.
