1566 2808
239 186 347 243 'DE
382 210 1022 243 PRAESCRIPTIONIBUS
1057 211 1306 243 HAERET.
1380 210 1450 246 29

238 307 308 345 41.
356 301 447 341 Non
480 304 649 342 omittam
682 304 799 355 ipsius
831 306 947 342 ctiam
980 305 1285 343 conversationis
1311 304 1451 343 haere-

123 361 227 400 ticae
252 358 572 412 descriptionem,
600 373 709 412 quam
735 361 871 408 futilis,
907 366 1016 414 quam
1043 369 1216 408 terrena,
1245 375 1355 413 quam
1380 362 1450 400 hu·-

123 429 236 456 mana
259 417 327 463 sit,
367 418 449 456 sine
475 419 685 469 gravitate,
724 419 806 457 sine
832 420 1085 466 auctoritate,
1124 420 1206 458 sine
1233 419 1449 471 disciplina,

122 480 166 512 ut
188 472 279 513 fidei
303 487 396 513 suae
422 488 652 526 congruens.
715 475 890 528 Inprimis
916 479 998 528 quis
1025 477 1340 523 catechumenus,
1369 477 1452 528 quis

123 530 266 578 fidelis,
292 529 480 570 incertum
507 540 584 581 est3
622 534 770 585 pariter
793 533 954 580 adeunt,
993 536 1140 586 pariter
1166 541 1295 580 orant,
1334 535 1452 572 etiam

122 588 282 635 ethnici,
308 589 340 627 si
355 591 666 642 supervenerint,
694 598 866 629 sanctum
894 592 1052 630 canibus
1077 599 1118 630 et
1140 593 1272 643 porcis
1298 604 1452 642 marga-

121 646 235 692 ritas,
261 646 356 685 licet
386 656 462 684 non
486 661 616 694 veras,
644 648 854 686 iactabunt.
889 647 1182 700 Simplicitatem
1206 649 1340 686 volunt
1366 661 1452 686 esse

121 704 421 755 prostrationem
453 703 699 756 disciplinae,
739 706 846 743 cuius
875 718 999 756 penes
1031 715 1102 742 nos
1134 717 1264 742 curam
1302 705 1451 743 lenoci-

122 760 223 798 nium
247 767 403 815 vocant.
452 760 592 799 Pacem
619 774 770 813 quoque
795 763 935 814 passim
963 775 1047 801 cum
1074 762 1247 800 omnibus
1273 763 1448 801 miscent.

120 815 229 856 Nihil
255 819 355 856 enim
380 818 544 857 interest
567 819 662 865 illis,
691 819 784 857 licet
807 818 960 858 diversa
986 820 1260 865 tractantibus,
1288 819 1375 857 dum
1402 819 1452 857 ad

121 875 232 913 unius
255 875 431 914 veritatis
456 877 779 927 expugnationem
807 878 1043 928 conspirent.
1084 876 1223 915 Omnes
1249 878 1450 915 scientiam

119 930 365 984 pollicentur.
414 931 518 972 Ante
544 940 631 971 sunt
652 934 842 985 perfecti
854 934 1139 981 catechumeni,
1168 948 1277 986 quam
1304 933 1448 974 edocti.

0 1001 2 1008 ·
57 983 62 986 ’
121 988 234 1041 Ipsae
266 990 444 1029 mulieres
476 990 719 1037 haereticae,
758 1004 868 1043 quam
900 987 1109 1043 procaces!
1152 1005 1249 1043 quae
1283 991 1452 1030 audeant

122 1044 287 1094 docere,
326 1047 583 1095 contendere,
620 1050 860 1099 exorcismos
885 1062 1025 1100 agere,
1065 1050 1287 1088 curationes
1313 1062 1449 1100 repro-

121 1104 295 1152 mittere,
327 1106 490 1144 forsitan
516 1112 556 1144 et
585 1106 751 1157 tingere.
815 1105 1087 1145 Ordinationes
1118 1120 1250 1145 eorum
1282 1114 1450 1144 temera-

104 1162 224 1208 J‘iae,
250 1162 367 1209 leves,
394 1163 668 1201 inconstantes.
730 1161 845 1201 Nune
869 1164 1087 1215 neophytos
1113 1164 1321 1209 collocant,
1348 1176 1448 1200 nunc

122 1219 255 1262 seule
293 1218 521 1266 obstrictos,
559 1233 659 1258 nunc
696 1227 892 1271 apostatas
929 1228 1100 1266 nostros,
1139 1227 1181 1257 ut
1217 1220 1342 1270 gloria
1380 1232 1448 1257 eos

122 1275 317 1326 obligent,
345 1277 432 1327 quia
454 1277 618 1316 veritate
645 1291 720 1315 non
746 1284 916 1328 possunt.
960 1277 1155 1328 Nusquam
1181 1277 1332 1315 facilius
1356 1290 1448 1328 pro-

121 1332 263 1379 ficitur,
290 1345 400 1384 quam
425 1334 463 1370 in
489 1334 626 1371 castris
650 1334 864 1380 rebellium,
890 1334 955 1372 ubi
979 1335 1099 1385 ipsum
1126 1347 1211 1371 esse
1237 1334 1330 1379 illic,
1356 1347 1448 1384 pro-

119 1389 263 1428 mereri
288 1389 359 1427 es't.
421 1389 553 1441 ltaque
569 1390 676 1428 alius
702 1390 818 1429 hodie
845 1392 1070 1443 episcopus,
1110 1403 1196 1428 cras
1222 1391 1337 1437 alius3
1376 1390 1448 1428 ho-

119 1444 183 1484 die
209 1445 416 1494 diaconus,
457 1448 520 1498 qui
553 1460 638 1485 cras
670 1448 814 1494 lector;
852 1446 968 1486 hodie
1000 1447 1224 1499 presbyter,
1270 1448 1332 1499 qui
1359 1460 1446 1486 cras

118 1502 259 1551 laicus3
286 1517 371 1542 nam
396 1511 437 1542 et
462 1504 570 1543 laicis
595 1503 855 1543 sacerdotalia
880 1517 1037 1543 munera
1063 1506 1275 1556 iniungunt.

233 1565 303 1603 42.
353 1561 410 1600 De
435 1562 547 1600 verbi
570 1569 696 1600 autem
722 1561 1053 1601 administratione
1080 1562 1169 1614 quid
1195 1562 1333 1608 dicam,
1361 1575 1446 1601 cum

116 1617 193 1657 hoc
218 1619 269 1657 sit
292 1619 490 1670 negotium
516 1620 609 1666 illis,
649 1633 724 1658 non
750 1620 927 1658 ethnicos
960 1618 1231 1666 convertendi,
1276 1618 1344 1658 sed
1376 1633 1448 1657 no-

117 1682 219 1714 stros
244 1676 469 1715 evertendi?
528 1676 636 1716 Hanc
662 1678 782 1728 magis
808 1678 971 1729 gloriam
998 1685 1172 1729 captant,
1200 1678 1231 1715 si
1257 1677 1446 1715 stantibus

115 1734 283 1779 ruinam,
309 1747 388 1771 non
410 1735 442 1772 si
467 1732 682 1777 iacentibus
714 1736 970 1773 elevationem
995 1742 1237 1800 operentur.
1254 1734 1444 1781 Quoniam

115 1796 158 1829 et
192 1791 314 1842 ipsum
351 1804 444 1842 opus
482 1805 614 1842 eorum
652 1805 728 1829 non
766 1791 814 1829 de
840 1805 908 1829 suo
935 1793 1093 1843 proprio
1119 1790 1300 1829 aedificio
1324 1791 1444 1836 ιοῐιίῑ,

113 1846 189 1886 sed*
222 1846 271 1886 de
313 1849 488 1886 veritatis
513 1848 811 1895 destructione,
850 1856 983 1886 nostra
1020 1848 1247 1894 suffodiunt,
1298 1855 1340 1886 ut
1377 1861 1446 1885 sua

113 1903 335 1944 aedificent.
395 1904 534 1944 Adime
560 1907 635 1944 illis
660 1907 787 1956 legem
812 1905 905 1958 Mo)
908 1907 939 1943 si
965 1913 1006 1944 et
1030 1906 1240 1957 prophetas
1267 1912 1307 1943 et
1333 1918 1445 1943 crean-

113 1968 239 2001 torem
265 1952 396 2008 deum,
424 1964 711 2002 accusationem
744 1963 873 2014 eloqui
905 1976 980 2001 non
1007 1963 1165 2003 habent.
1230 1962 1290 2001 Ita
1315 1962 1375 2009 fit,
1403 1970 1446 2000 ut

112 2021 244 2058 ruinas
281 2020 434 2058 facilius
471 2028 682 2072 operentur
717 2022 895 2059 stantium
927 2020 1210 2067 aedificiorum,
1239 2016 1349 2071 quam
1375 2032 1445 2057 ex-

111 2073 347 2116 structiones
372 2079 578 2116 iacentium
605 2080 812 2118 ruinarum.
842 2077 904 2117 Ad
929 2079 1027 2117 haec
1053 2077 1293 2116 solummodo
1321 2090 1445 2129 opera

111 2133 273 2174 humiles
309 2142 349 2174 et
383 2131 530 2174 blandi'
551 2143 592 2174 et
623 2137 809 2174 summissi
840 2143 970 2186 agunt.
1034 2135 1214 2174 Ceterum
1252 2147 1325 2173 nec
1363 2135 1442 2172 suis

110 2192 352 2244 praesidibus
366 2195 622 2232 reverentiam
637 2201 841 2232 noverunt.
875 2193 927 2231 Et
942 2194 1014 2231 hoc
1031 2200 1102 2239 est,
1120 2192 1221 2245 quod
1235 2193 1443 2232 schismata

110 2247 213 2301 apud
237 2250 458 2297 haereticos
490 2252 573 2290 fere
600 2265 675 2289 non
702 2258 807 2297 sunt,
842 2247 929 2303 quia
956 2264 1039 2289 cum
1066 2252 1160 2296 siut,
1188 2263 1263 2287 non
1290 2255 1441 2300 parent.

112 2304 287 2345 Schisma
319 2312 380 2345 est
409 2309 534 2346 unitas
565 2310 656 2359 ipsis
670 2310 721 2357 ¹).
783 2308 972 2354 Mentior,
1011 2309 1042 2345 si
1075 2321 1150 2345 non
1182 2307 1298 2345 etiam
1331 2318 1352 2343 a
1378 2317 1443 2342 re·-

110 2364 210 2416 gulis
242 2364 320 2402 suis
350 2366 504 2405 variant
534 2366 638 2403 inter
667 2367 728 2412 se,
767 2365 854 2404 dum
877 2366 1142 2416 ‘unusquisque
1174 2361 1337 2415 proinde
1370 2375 1440 2399 suo

109 2421 273 2461 arbitrio
304 2420 540 2469 modulatur,
580 2435 677 2473 quae
709 2424 881 2474 accepit,
921 2419 1237 2474 quemadmodum
1264 2418 1311 2458 de
1338 2419 1442 2457 arbi-

108 2479 186 2518 trio
224 2491 272 2518 ea
310 2480 525 2531 composuit
562 2479 646 2526 ille,
687 2481 750 2531 qui
793 2478 965 2518 tradidit.
1037 2478 1231 2530 Agnoscit
1266 2483 1440 2515 naturam

203 2604 242 2650 1)
268 2607 326 2639 Sic
341 2608 415 2648 Rig.
430 2617 448 2639 e
463 2608 537 2639 cod.
552 2607 686 2647 Ursini3
713 2607 854 2646 reliqui:
882 2607 985 2646 ipsa.
