1566 2808
343 175 468 207 nov.
501 173 866 205 ΜΑιιοιοΝΕΜ
901 173 1078 204 mima
1114 174 1138 204 1.
1333 167 1406 206 οὔ

83 265 300 314 credenda,
329 279 405 306 nec
429 265 505 305 deo
530 279 617 318 par,
656 267 744 318 qnia
769 279 845 304 non
870 272 1050 312 aeterna,
1076 263 1164 303 dum
1190 276 1267 302 non
1292 269 1405 301 natu-

81 325 195 373 ntis,
230 336 328 378 quae
353 322 519 375 denique
548 324 688 362 nullam
719 325 776 362 sui
802 325 1097 375 perpetuitatem
1128 329 1194 360 aut
1218 320 1267 360 de
1290 332 1405 373 prae·

82 383 200 429 terito
229 382 446 428 constituat
481 387 561 419 aut
576 379 631 419 de
666 382 795 420 futuro
832 382 1101 433 repromittat.
1124 379 1264 418 Nam
1306 385 1347 417 et
1380 391 1405 416 a

81 435 295 493 primordio
318 452 396 478 non
420 439 505 485 fuit,
531 445 572 477 et
594 439 634 477 in
660 439 771 477 linem
797 439 880 477 sine
906 438 1023 477 dubio
1049 451 1126 476 non
1151 438 1238 476 erit.
1270 435 1407 475 Potest.

59 497 186 548 ,σὼ
208 503 251 536 et
272 509 351 535 non
376 508 474 535 esse
488 495 730 548 quandoque,
750 498 856 553 ‘sicut
880 510 956 534 non
981 497 1053 534 suit
1076 492 1295 546 aliquando.
1329 492 1407 545 lgi-

77 561 154 600 tur
168 566 254 594 oum
279 560 445 600 constet,
472 554 510 591 in
536 553 747 605 primordio
767 567 940 592 cessasse
965 554 1177 592 bonitatem
1202 550 1266 590 dei
1289 551 1405 596 iltius,

81 624 160 653 non
182 611 285 654 euim
309 624 334 650 a
356 610 567 662 primordio
599 611 777 650 liberavit
807 611 1016 657 hominem,
1054 617 1095 648 et
1116 610 1313 647 voluntate
1338 621 1407 659 po-

82 669 159 714 tius
182 681 287 716 eam,
313 681 424 720 qnam
448 668 688 715 infirmitate,
715 681 902 715 cessasse,
929 670 1002 706 iam
1027 667 1203 705 voluntas
1227 677 1407 717 suppres-

80 738 152 768 sae
176 726 361 765 bonitatis
392 725 478 763 finis
507 726 724 765 invenietur
753 726 1013 776 malignitatis.
1075 722 1174 772 Quid
1205 724 1305 762 enim
1331 729 1408 760 tam

81 782 308 834 malignum,
333 795 445 834 quam
469 780 573 821 nolle
600 781 804 834 prodesse,
832 796 916 821 cum
941 782 1078 834 possis,
1106 793 1215 832 quam
1241 780 1408 818 utilitate

82 840 270 889 cruciari,
308 852 420 891 quam
451 840 625 878 iniuriam
651 841 805 879 sinere?
863 840 999 878 Totum
1026 838 1191 890 denique
1217 838 1409 876 creatoris

82 898 252 948 elogium
287 896 326 933 ἰιι
362 896 467 934 ἰΙΙιιιιι
489 897 760 941 -rescribetur,
798 899 863 947 qui
893 897 1074 934 saevitias
1110 897 1192 934 eius
1223 895 1409 933 bonitatis

82 958 176 996 §nae
211 966 321 992 mora
356 952 465 991 iuvitss
522 951 623 991 Nam
653 953 693 990 in
727 953 838 991 euius
874 965 985 991 mann
1018 959 1078 990 est
1108 952 1216 1004 qnid,
1255 965 1303 990 ne
1329 951 1408 997 fiat,

83 1012 168 1053 eins
189 1011 265 1050 iam
296 1009 519 1062 deputatur,
557 1023 643 1048 cum
674 1010 728 1048 fit.
791 1009 914 1048 Homo
947 1009 1149 1048 damnatur
1178 1011 1216 1048 in
1248 1017 1409 1048 mortem

83 1068 135 1116 oh
172 1069 281 1108 unius
317 1068 544 1106 arbusculae
582 1066 874 1114 delibationem,
913 1075 953 1107 et
983 1067 1123 1106 exinde
1155 1067 1410 1119 proficiunt1)

83 1125 230 1168 inlicta
265 1139 350 1164 cum
387 1126 541 1176 poenis,
580 1131 621 1163 et
650 1133 815 1177 pereunt
846 1127 919 1164 iam
950 1138 1101 1171 omnes,
1140 1126 1203 1176 qui
1240 1123 1411 1175 paradisi

83 1183 227 1223 nullum
263 1183 447 1234 cespitem
484 1189 636 1220 norunt.
702 1182 754 1220 Et
783 1182 858 1220 hoc
895 1183 1033 1221 melior
1063 1182 1179 1233 aliqui
1215 1181 1309 1219 deus
1346 1187 1412 1218 aut

84 1241 212 1281 nescit
227 1247 296 1280 aut
317 1240 502 1278 sustinet?
533 1237 588 1284 Si,
615 1246 657 1277 ut
680 1251 730 1277 ex
753 1239 829 1278 boc
854 1239 993 1278 melior
1016 1240 1264 1283 inveniretur,
1292 1251 1411 1290 quan-

84 1304 127 1337 to
151 1305 311 1348 creator
333 1292 508 1336 deterior
532 1296 761 1343 haberetur,
787 1298 881 1336 satis
906 1304 947 1335 et
971 1298 1010 1335 in
1034 1298 1110 1335 isto
1142 1296 1306 1336 consilio
1330 1308 1410 1333 ma-

84 1355 249 1402 litiosus,
275 1355 339 1406 qui
359 1361 404 1405 et
427 1354 532 1392 illum
555 1354 677 1392 voluit
695 1361 893 1392 oneratum
921 1353 1211 1405 operationibus
1235 1354 1318 1391 eius
1342 1351 1412 1390 ad-

84 1413 210 1458 missis
233 1418 275 1450 et
297 1411 468 1450 seculum
493 1411 532 1448 in
556 1411 762 1450 vexatione
787 1410 970 1449 detinuit:
1002 1410 1092 1462 quid
1123 1410 1172 1449 de
1197 1411 1265 1449 tali
1290 1409 1411 1448 medi-

84 1483 135 1510 co
147 1467 366 1515 iudicabis,
393 1469 457 1520 qui
476 1469 619 1506 nutriat
636 1468 807 1507 morbum
827 1482 935 1507 mora
948 1467 1131 1520 praesidii
1146 1475 1185 1507 et
1198 1467 1410 1520 pericnlum

84 1525 271 1569 extendat
293 1525 486 1565 dilatione>
504 1525 685 1572 remedii,
713 1540 787 1578 quo
813 1527 1020 1578 pretiosius
1045 1533 1112 1565 aut
1135 1526 1319 1564 famosius
1344 1538 1411 1564 cu-

83 1586 173 1624 ret?
227 1583 333 1623 Talis
369 1591 409 1622 et
444 1584 483 1622 in
520 1583 632 1622 deum
657 1583 868 1622 Marcionis
905 1583 1071 1622 dicenda
1107 1584 1300 1622 sententia
1337 1589 1410 1629 est,

82 1641 175 1681 mali
198 1641 481 1694 permissorem,
507 1642 669 1680 iniuriae
693 1642 896 1688 fautorem,
922 1643 1072 1693 gratiae
1092 1642 1410 1686 lenocinatorem,

83 1698 334 1750 benignitatis
359 1700 731 1750 praevaricatorem,
758 1704 869 1751 quani
894 1713 971 1737 non
990 1700 1117 1738 statim
1138 1694 1297 1736 caussae
1318 1709 1411 1735 snae

86 1755 280 1803 exhibuit3
315 1756 449 1806 plane,
486 1757 518 1793 si
544 1763 679 1793 natura
704 1756 846 1802 bonus,
884 1757 1140 1802 exhibiturus,
1179 1762 1220 1793 et
1243 1768 1320 1792 non
1345 1766 1412 1792 ac-

87 1813 284 1859 cessione,
322 1813 355 1850 si
379 1813 536 1862 ingenio
562 1814 726 1864 optimus
757 1820 797 1850 et
821 1826 897 1850 non
923 1812 1145 1864 disciplina,
1183 1813 1215 1850 si
1239 1812 1288 1850 ab
1314 1823 1411 1850 aevo

86 1869 183 1912 deus
218 1876 260 1908 et
294 1882 371 1908 non
407 1882 432 1907 a
454 1869 630 1915 Tiberio,
668 1870 763 1916 imo,
801 1869 903 1921 quod
931 1871 1079 1916 verius,
1117 1883 1140 1908 a
1165 1868 1346 1908 Cerdone
1372 1875 1413 1906 et

83 1926 302 1971 Marcione.
362 1926 519 1965 Tiberio
545 1939 645 1964 nunc
677 1926 771 1965 deus
796 1927 862 1965 ille
886 1928 1143 1979 praestiterit,
1181 1934 1224 1965 ut
1246 1927 1410 1978 imperio

86 1987 172 2026 eins
194 1984 323 2024 divina
346 1983 535 2022 bonitas
525 1997 564 2022 m
588 1985 702 2023 terris
728 1983 988 2023 dedicaretur.

201 2045 272 2085 23.
319 2041 447 2080 Aliam
472 2042 527 2080 illi
551 2042 724 2092 regulam
748 2042 977 2094 praetendo,
1003 2044 1103 2081 sicut
1127 2043 1331 2088 naturalia,
1357 2042 1414 2080 ita

86 2100 293 2141 annuatia
317 2111 432 2138 esse-
417 2101 454 2146 ⁹)
481 2100 519 2137 in
545 2098 619 2137 deo
645 2100 785 2138 omnia.
846 2099 973 2151 Exigo
998 2101 1188 2139 rationem
1212 2100 1411 2146 honitatis,

88 2158 179 2210 quia
199 2169 274 2196 nec
297 2155 403 2195 aliud
426 2155 517 2208 quid
540 2156 680 2195 bonum
710 2157 847 2195 haberi
878 2158 1012 2204 liceat,
1051 2157 1153 2209 quod
1182 2171 1260 2195 non
1290 2158 1412 2195 ratio-

88 2214 231 2255 naliter
245 2213 392 2255 honum
417 2215 479 2260 sit,
504 2213 642 2252 nedum
661 2221 703 2252 ut
725 2216 808 2267 ipsa
831 2215 987 2253 bonitas
1010 2215 1246 2253 irrationalis
1271 2214 1413 2264 depre-

86 2270 291 2311 hendatur.
362 2270 527 2310 Facilius
562 2272 718 2319 malum,
768 2273 831 2310 cui
866 2273 1028 2310 rationis
1064 2270 1209 2322 aliquid
1243 2270 1410 2316 affuerit,

87 2342 160 2382 pto
184 2328 304 2368 bono
313 2327 536 2375 habebitur,
574 2342 684 2380 quam
708 2337 750 2367 ut
772 2330 912 2367 bonum
938 2330 1090 2367 ratione
1116 2327 1308 2366 desertum
1334 2340 1412 2365 ιιοιι

87 2399 161 2440 pro
185 2386 286 2425 malo
318 2383 521 2423 iudicetur.
581 2386 698 2437 Nego
728 2387 955 2424 rationalem
980 2387 1192 2424 bonitatem
1219 2384 1282 2423 dei
1305 2384 1412 2423 Mar-

67 2444 214 2483 cionis
238 2444 312 2481 iam
337 2439 412 2480 hoc
438 2443 580 2494 primo,
613 2442 749 2494 quod
739 2457 777 2481 ιιι
801 2443 960 2482 salutem
987 2443 1226 2495 processerit
1249 2443 1413 2481 hominis

183 2581 220 2621 1)
246 2580 354 2611 Rben.
368 2579 419 2610 ed.
434 2574 730 2618 Lprosiliunt,
827 2569 863 2611 2)
889 2572 962 2612 Rig.
987 2581 1082 2603 esse
1107 2573 1273 2603 debere..

147 2639 347 2670 'rsa-rum..
382 2638 435 2667 ΠΙ.
1098 2623 1123 2660 5
