1604 2800
189 207 312 249 “l-{6
428 212 502 243 DE
532 208 1045 242 RESURRECTIONE
1079 208 1304 242 CARNIS.

205 312 326 345 status
352 306 671 343 communionem.
739 301 799 340 Ex
829 301 1077 355 sequentibus
1108 300 1234 340 adhue
1260 299 1388 341 diseas
1414 316 1535 356 opera

206 364 334 402 carnis
360 361 553 409 damnari,
586 374 662 400 non
687 362 821 413 ipsam.
888 360 1021 412 Itaque
1047 359 1202 406 fratres,
1235 360 1303 407 ait,
1339 358 1537 401 debitores

204 433 334 459 sumus
360 434 437 458 non
464 420 572 459 carni
599 418 648 458 ad
672 416 894 466 vivendum3
928 419 961 456 si
981 419 1017 466 ί)
1051 415 1260 456 seeundum
1292 430 1448 457 earnem
1477 420 1535 458 vi-

203 479 358 525 xeritis,
397 478 563 516 futurum
597 484 674 524 est,
706 483 748 515 ut
779 476 1014 523 moriamini,
1048 475 1080 513 si
1111 488 1208 514 vero
1240 476 1377 527 spiritu
1409 477 1537 517 carnis

204 542 316 575 actus
342 535 682 582 mortificaveritis,
707 534 858 573 vivetis.
871 534 911 582 ²)
951 533 1074 572 Porro
1100 540 1143 571 ut
1167 531 1215 571 ad
1241 533 1392 585 singula
1418 546 1537 586 quae-

204 607 278 646 que
304 592 575 646 respondeam,
604 594 635 632 si
662 594 699 631 in
727 604 843 631 carne
871 591 1101 637 constitutis,
1128 589 1336 629 secundum
1362 592 1535 643 spiritum

202 659 331 690 tamen
358 650 600 703 degentibus,
627 651 729 689 salus
754 649 1048 702 repromittitur,
1075 649 1150 686 iam
1176 661 1253 687 non
1279 661 1371 687 earo
1397 647 1538 688 adver-

202 716 309 747 satur
334 709 459 755 saluti,
487 708 555 748 sed
582 709 759 760 operatio
787 708 927 746 carnis.
990 706 1227 759 Operatione
1252 714 1378 745 autem
1406 708 1536 746 earnis

202 767 374 812 exclusa,
402 779 499 817 quae
527 779 663 804 caussa
688 772 747 803 est
771 766 923 811 mortis,
957 765 1062 803 salva
1093 765 1166 802 iam
1199 776 1292 803 earo
1319 763 1537 803 ostenditur

204 836 338 861 caussa
371 835 509 861 carens
541 823 687 860 mortis.
748 821 833 859 Lex
857 822 977 868 enim,
1011 822 1151 873 inquit,
1186 822 1342 873 spiritus
1365 822 1470 861 vitae
1495 822 1535 861 in

203 879 358 919 Christo
392 879 478 918 Iesu
510 880 727 917 manumisit
752 890 811 916 me
837 891 861 916 a
886 879 973 929 lege
1006 877 1294 929 delinquentiae
1321 885 1361 916 et
1385 879 1534 925 mortis,

203 945 310 977 certe
338 950 447 989 quam
473 938 673 989 praemisit
697 936 872 975 habitare
898 936 937 972 in
963 935 1142 974 membris
1167 935 1323 973 nostris.
1343 935 1381 983 3)
1426 935 1535 987 Ergo

200 996 275 1033 iam
307 995 477 1033 membra
509 1001 639 1032 nostra
674 994 761 1044 lege
793 994 927 1031 mortis
953 1006 1029 1030 non
1054 992 1308 1038 tenebuntur,
1341 993 1439 1059 quia
1460 1005 1534 1031 nec

201 1051 503 1104 delinquentiae,
528 1065 552 1090 a
578 1051 713 1104 quibus
738 1050 967 1088 manumissa
992 1055 1091 1086 sunt.
1159 1047 1270 1096 Quod
1303 1049 1402 1087 enim
1428 1050 1535 1088 inva-

200 1108 315 1148 lidum
354 1116 439 1147 erat
471 1110 588 1160 legis,
626 1109 663 1146 in
696 1121 769 1159 quo
802 1106 1067 1145 infirmabatur
1101 1118 1173 1158 per
1204 1118 1380 1163 earnem,
1417 1108 1534 1146 misso

200 1165 294 1205 deus
320 1167 399 1204 filio
426 1180 494 1204 suo
521 1168 558 1204 in
584 1166 789 1204 simulacro
817 1165 945 1203 carnis
970 1152 1270 1215 delinquentiae,
1297 1170 1338 1202 et
1355 1176 1427 1216 per
1446 1177 1534 1204 ear-

199 1237 285 1263 nem
304 1226 343 1273 ⁴¹)
375 1223 570 1262 damnavit
595 1222 896 1275 delinquentiam
921 1222 960 1260 in
987 1234 1118 1268 carne,
1138 1222 1175 1269 ⁵)
1209 1234 1285 1259 non
1312 1233 1467 1260 earnem
1493 1223 1533 1262 iu

198 1281 480 1333 delinquentia3
507 1294 632 1333 neque
658 1282 757 1319 enim
780 1279 913 1318 domus
934 1292 1016 1318 eum
1037 1279 1256 1318 habitatore
1277 1277 1532 1319 damnabitur.

199 1338 383 1377 Habitare
416 1339 515 1377 enim
547 1345 750 1389 peecatum
782 1337 880 1376 dixit
911 1337 948 1376 in
982 1349 1147 1389 corpore
1180 1343 1327 1376 nostro.
1347 1337 1386 1385 6)
1453 1335 1533 1376 Da-

198 1402 326 1432 mnata
351 1402 478 1434 autem
499 1394 762 1446 delinquentia
782 1408 874 1434 earo
896 1395 1073 1433 absoluta
1093 1400 1165 1442 est,
1192 1395 1291 1433 sieut
1312 1392 1534 1434 indemnata

185 1464 246 1489 ea
272 1452 360 1502 lege
387 1453 521 1489 mortis
547 1458 587 1489 et
613 1451 899 1503 delinquentiae
926 1452 1114 1490 obstricta
1140 1458 1212 1490 est.
1252 1450 1319 1490 Sic
1345 1452 1419 1491 etsi
1443 1463 1532 1492 sen-

198 1521 279 1546 sum
318 1509 444 1546 carnis
484 1515 643 1546 mortem
681 1509 914 1560 appellavit,
953 1507 1093 1547 dehinc
1131 1516 1171 1548 et
1207 1510 1445 1548 inimicitiam
1482 1508 1532 1549 ad

198 1564 323 1611 deum,
343 1563 383 1618 ⁷)
415 1564 483 1603 sed
515 1578 591 1603 non
625 1577 780 1603 earnem
812 1565 944 1616 ipsam.
1019 1564 1090 1602 Cui
1115 1578 1225 1615 ergo,
1253 1565 1380 1612 dices,
1414 1579 1531 1618 repu-

195 1623 342 1661 tabitur
360 1635 493 1661 sensus
519 1623 658 1669 earnis,
686 1622 718 1660 si
743 1635 819 1660 non
845 1621 1081 1660 substantiae
1107 1622 1207 1673 ipsi?
1237 1620 1354 1660 Plane
1380 1622 1412 1661 si
1437 1635 1530 1674 pro-

196 1680 350 1718 baveris
376 1678 520 1732 aliquid
547 1692 701 1718 earnem
729 1678 776 1718 de
803 1692 872 1717 suo
898 1690 1049 1730 sapere.
1107 1677 1150 1717 Si
1174 1691 1268 1717 vero
1295 1679 1378 1718 sine
1403 1681 1531 1721 anima

196 1738 336 1776 nullius
362 1744 421 1776 est
445 1749 592 1783 sensus,
618 1737 808 1788 intellige,
841 1748 993 1775 sensum
1021 1736 1148 1774 carnis
1179 1734 1227 1774 ad
1252 1736 1416 1775 animam
1442 1749 1529 1782 esse

194 1793 454 1842 referendum,
482 1795 590 1833 carni
610 1793 800 1833 interdum
822 1792 1056 1846 deputatum,
1083 1794 1170 1845 quia
1189 1799 1352 1845 propter
1373 1806 1529 1834 earnem

195 1859 234 1890 et
260 1865 331 1904 per
356 1865 512 1891 carnem
545 1850 845 1890 administratur.
918 1850 970 1889 Et
1001 1850 1092 1890 ideo
1124 1850 1300 1889 habitare
1325 1851 1380 1890 ait
1405 1850 1528 1891 delin-

195 1911 388 1961 quentiam
414 1910 453 1948 in
480 1922 610 1956 carne,
638 1910 726 1961 quia
752 1916 792 1948 et
816 1909 956 1954 anima,
982 1921 1005 1946 a
1031 1921 1104 1960 qua
1130 1907 1392 1960 delinquentia
1417 1907 1528 1949 indu-

196 1968 309 2014 citur,
337 1967 521 2019 inquilina
535 1974 596 2005 est
609 1967 748 2014 carnis,
775 1966 1031 2005 mortificatae
1059 1964 1223 2017 quidem,
1250 1964 1319 2004 sed
1344 1979 1423 2005 non
1442 1979 1526 2014 sno,

190 2037 324 2063 verum
341 2023 630 2076 delinquentiae
651 2025 818 2063 nomine.
856 2022 954 2062 Nam
976 2030 1017 2061 et
1030 2022 1141 2061 alibi:
1163 2021 1369 2074 quomodo,
1390 2024 1526 2075 inquit,

193 2082 309 2120 etiam
341 2095 440 2120 nunc
471 2082 577 2120 velut
606 2083 782 2121 viventes
812 2082 851 2120 in
883 2079 1024 2119 mundo
1062 2081 1292 2119 sententiam
1329 2079 1468 2118 fertis?
1485 2081 1524 2128 8)

192 2151 270 2176 non
290 2137 337 2177 ad
359 2146 529 2177 mortuos
549 2139 736 2187 scribens,
762 2137 832 2177 sed
857 2137 906 2177 ad
931 2151 1013 2185 eos,
1040 2138 1103 2189 qui
1128 2135 1309 2176 desinere
1333 2135 1524 2178 deberent

193 2195 439 2235 mundialiter
463 2196 606 2235 vivere.

306 2257 376 2295 47.
427 2253 533 2292 Haec
571 2255 671 2292 enim
709 2254 785 2293 erit
820 2253 898 2291 vita
935 2251 1157 2296 mundialis,
1201 2264 1311 2304 quam
1349 2258 1521 2291 veterem

191 2309 382 2349 ho'minem
403 2310 498 2350 dicit
518 2311 706 2349 confixum
734 2324 820 2350 esse
842 2310 1009 2357 Christo,
1024 2311 1062 2359 9)
1089 2323 1165 2348 non
1181 2308 1521 2361 corporalitatem,

286 2422 322 2465 1)
349 2425 406 2455 Sic
422 2426 475 2456 ed.
491 2426 616 2464 Rhen.;
643 2426 696 2456 ed.
717 2426 831 2467 Fran„
851 2426 938 2466 lug„
952 2425 1096 2457 Semler.
1116 2424 1254 2463 carni,
1287 2424 1332 2454 ut
1361 2431 1518 2454 seeun-

193 2468 283 2498 dum
310 2479 475 2502 earnem
502 2472 709 2510 vivamus3
736 2472 901 2503 sienim
929 2481 1009 2502 see.
1028 2473 1095 2502 etc.
1193 2470 1228 2510 2)
1255 2469 1397 2508 Rom.·8‚
1412 2469 1519 2507 12111.

193 2511 231 2554 3)
258 2515 351 2546 Rom.
366 2518 398 2554 8,
416 2517 445 2547 2.
461 2519 492 2557 7,
509 2519 563 2548 17.
581 2519 633 2547 20.
646 2518 698 2549 23.
782 2518 819 2555 4)
844 2517 905 2548 Ed.
920 2517 1022 2548 Fran.
1036 2519 1071 2547 et
1084 2516 1157 2557 Rig.
1172 2525 1243 2555 per
1260 2514 1519 2552 delinquen·

192 2558 304 2590 tiam.
400 2559 437 2602 5)
464 2564 545 2593 Rom
588 2564 619 2602 8,
647 2565 677 2594 3.
779 2564 815 2602 6)
844 2564 937 2594 Rom.
962 2565 994 2602 7,
1023 2564 1077 2593 20.
1179 2560 1216 2603 7)
1244 2561 1338 2590 Rom.
1362 2560 1395 2599 8,
1422 2561 1443 2590 6
1467 2568 1518 2598 lq.

195 2602 227 2634 s)
254 2605 324 2634 eoi.
339 2606 369 2645 2,
387 2607 438 2636 20.
533 2607 570 2650 9)
597 2610 738 2647 nomo,
755 2610 786 2638 6.
