<?xml version="1.0" encoding="UTF-8"?>
<!DOCTYPE html PUBLIC "-//W3C//DTD XHTML 1.0 Transitional//EN"
    "http://www.w3.org/TR/xhtml1/DTD/xhtml1-transitional.dtd">
<html xmlns="http://www.w3.org/1999/xhtml" xml:lang="en" lang="en">
 <head>
  <title>
</title>
<meta http-equiv="Content-Type" content="text/html;charset=utf-8" />
  <meta name='ocr-system' content='tesseract 3.04.00' />
  <meta name='ocr-capabilities' content='ocr_page ocr_carea ocr_par ocr_line ocrx_word'/>
</head>
<body>
  <div class='ocr_page' id='page_1' title='image "./operatert34tertuoft_0391.png"; bbox 0 0 1604 2800; ppageno 0'>
   <div class='ocr_carea' id='block_1_1' title="bbox 483 170 1479 214">
    <p class='ocr_par' dir='ltr' id='par_1_1' title="bbox 483 170 1479 214">
     <span class='ocr_line' id='line_1_1' title="bbox 483 170 1479 214; baseline 0.006 -13"><span class='ocrx_word' id='word_1_1' title='bbox 483 170 1155 205; x_wconf 74' lang='lat' dir='ltr'>ADV.VALENT1N1ANOS.</span> <span class='ocrx_word' id='word_1_2' title='bbox 1404 174 1479 214; x_wconf 59' lang='grc' dir='ltr'><strong>ὅθ</strong></span> 
     </span>
    </p>
   </div>
   <div class='ocr_carea' id='block_1_2' title="bbox 144 262 1494 2215">
    <p class='ocr_par' dir='ltr' id='par_1_2' title="bbox 146 262 1481 478">
     <span class='ocr_line' id='line_1_2' title="bbox 147 262 1481 318; baseline 0.003 -14"><span class='ocrx_word' id='word_1_3' title='bbox 147 263 395 317; x_wconf 82' lang='lat' dir='ltr'><strong>Ageuneton.</strong></span> <span class='ocrx_word' id='word_1_4' title='bbox 460 262 541 303; x_wconf 74' lang='lat' dir='ltr'><strong>noe</strong></span> <span class='ocrx_word' id='word_1_5' title='bbox 569 276 666 316; x_wconf 87' lang='lat' dir='ltr'><strong>quae</strong></span> <span class='ocrx_word' id='word_1_6' title='bbox 692 265 792 303; x_wconf 87' lang='lat' dir='ltr'><strong>ratio</strong></span> <span class='ocrx_word' id='word_1_7' title='bbox 820 263 1018 317; x_wconf 83' lang='lat' dir='ltr'><strong>disponat,</strong></span> <span class='ocrx_word' id='word_1_8' title='bbox 1050 273 1092 305; x_wconf 89' lang='lat' dir='ltr'><strong>ut</strong></span> <span class='ocrx_word' id='word_1_9' title='bbox 1119 267 1271 318; x_wconf 87' lang='lat' dir='ltr'><strong>singula</strong></span> <span class='ocrx_word' id='word_1_10' title='bbox 1295 267 1396 307; x_wconf 85' lang='lat' dir='ltr'><strong>binis</strong></span> <span class='ocrx_word' id='word_1_11' title='bbox 1423 270 1481 308; x_wconf 81' lang='lat' dir='ltr'><strong>lo-</strong></span> 
     </span>
     <span class='ocr_line' id='line_1_3' title="bbox 147 320 1478 378; baseline 0.003 -16"><span class='ocrx_word' id='word_1_12' title='bbox 147 323 205 362; x_wconf 83' lang='lat' dir='ltr'><strong>cis</strong></span> <span class='ocrx_word' id='word_1_13' title='bbox 230 330 270 362; x_wconf 84' lang='lat' dir='ltr'><strong>et</strong></span> <span class='ocrx_word' id='word_1_14' title='bbox 294 320 446 375; x_wconf 83' lang='lat' dir='ltr'><strong>quidem</strong></span> <span class='ocrx_word' id='word_1_15' title='bbox 472 329 546 360; x_wconf 79' lang='lat' dir='ltr'><strong>tan!</strong></span> <span class='ocrx_word' id='word_1_16' title='bbox 574 322 767 361; x_wconf 84' lang='lat' dir='ltr'>intercisis</span> <span class='ocrx_word' id='word_1_17' title='bbox 794 330 1012 371; x_wconf 83' lang='lat' dir='ltr'><strong>nascantur,</strong></span> <span class='ocrx_word' id='word_1_18' title='bbox 1037 325 1138 363; x_wconf 86' lang='lat' dir='ltr'><strong>malo</strong></span> <span class='ocrx_word' id='word_1_19' title='bbox 1166 326 1347 377; x_wconf 87' lang='lat' dir='ltr'><strong>ignorare</strong></span> <span class='ocrx_word' id='word_1_20' title='bbox 1366 339 1478 378; x_wconf 80' lang='lat' dir='ltr'><strong>quam</strong></span> 
     </span>
     <span class='ocr_line' id='line_1_4' title="bbox 147 378 1478 436; baseline 0.002 -16"><span class='ocrx_word' id='word_1_21' title='bbox 147 379 315 420; x_wconf 77' lang='lat' dir='ltr'>discere.</span> <span class='ocrx_word' id='word_1_22' title='bbox 377 378 475 429; x_wconf 85' lang='lat' dir='ltr'>Quid</span> <span class='ocrx_word' id='word_1_23' title='bbox 501 381 600 419; x_wconf 93' lang='lat' dir='ltr'><strong>enim</strong></span> <span class='ocrx_word' id='word_1_24' title='bbox 632 381 733 420; x_wconf 87' lang='lat' dir='ltr'><strong>recti</strong></span> <span class='ocrx_word' id='word_1_25' title='bbox 758 380 919 429; x_wconf 89' lang='lat' dir='ltr'><strong>habent,</strong></span> <span class='ocrx_word' id='word_1_26' title='bbox 953 395 1049 434; x_wconf 88' lang='lat' dir='ltr'><strong>quae</strong></span> <span class='ocrx_word' id='word_1_27' title='bbox 1076 389 1151 422; x_wconf 88' lang='lat' dir='ltr'><strong>tam</strong></span> <span class='ocrx_word' id='word_1_28' title='bbox 1179 396 1360 435; x_wconf 88' lang='lat' dir='ltr'><strong>perverse</strong></span> <span class='ocrx_word' id='word_1_29' title='bbox 1389 398 1478 436; x_wconf 86' lang='lat' dir='ltr'><strong>pro-</strong></span> 
     </span>
     <span class='ocr_line' id='line_1_5' title="bbox 146 439 347 478; baseline -0.005 0"><span class='ocrx_word' id='word_1_30' title='bbox 146 439 347 478; x_wconf 84' lang='lat' dir='ltr'><strong>feruntur?</strong></span> 
     </span>
    </p>

    <p class='ocr_par' dir='ltr' id='par_1_3' title="bbox 144 495 1494 1181">
     <span class='ocr_line' id='line_1_6' title="bbox 262 495 1480 548; baseline 0.004 -14"><span class='ocrx_word' id='word_1_31' title='bbox 262 500 329 539; x_wconf 82' lang='lat'><strong>36.</strong></span> <span class='ocrx_word' id='word_1_32' title='bbox 379 495 530 544; x_wconf 85' lang='lat' dir='ltr'><strong>Quanto</strong></span> <span class='ocrx_word' id='word_1_33' title='bbox 558 496 756 543; x_wconf 81' lang='lat' dir='ltr'><strong>meliores,</strong></span> <span class='ocrx_word' id='word_1_34' title='bbox 797 498 858 548; x_wconf 93' lang='lat' dir='ltr'><strong>qui</strong></span> <span class='ocrx_word' id='word_1_35' title='bbox 886 504 1004 535; x_wconf 89' lang='lat' dir='ltr'><strong>totum</strong></span> <span class='ocrx_word' id='word_1_36' title='bbox 1031 498 1105 537; x_wconf 87' lang='lat' dir='ltr'><strong>hoc</strong></span> <span class='ocrx_word' id='word_1_37' title='bbox 1133 498 1298 538; x_wconf 87' lang='lat' dir='ltr'><strong>taedium</strong></span> <span class='ocrx_word' id='word_1_38' title='bbox 1325 499 1372 538; x_wconf 90' lang='lat' dir='ltr'><strong>de</strong></span> <span class='ocrx_word' id='word_1_39' title='bbox 1399 513 1480 539; x_wconf 88' lang='lat' dir='ltr'><strong>me-</strong></span> 
     </span>
     <span class='ocr_line' id='line_1_7' title="bbox 146 553 1480 609; baseline 0.003 -17"><span class='ocrx_word' id='word_1_40' title='bbox 146 553 211 593; x_wconf 92' lang='lat' dir='ltr'><strong>dio</strong></span> <span class='ocrx_word' id='word_1_41' title='bbox 236 554 403 601; x_wconf 87' lang='lat' dir='ltr'><strong>amoliti,</strong></span> <span class='ocrx_word' id='word_1_42' title='bbox 442 554 583 592; x_wconf 90' lang='lat' dir='ltr'><strong>nullum</strong></span> <span class='ocrx_word' id='word_1_43' title='bbox 613 553 790 593; x_wconf 86' lang='lat' dir='ltr'><strong>Aeonem</strong></span> <span class='ocrx_word' id='word_1_44' title='bbox 816 555 1038 603; x_wconf 87' lang='lat' dir='ltr'><strong>voluerunt,</strong></span> <span class='ocrx_word' id='word_1_45' title='bbox 1076 557 1191 594; x_wconf 90' lang='lat' dir='ltr'><strong>alium</strong></span> <span class='ocrx_word' id='word_1_46' title='bbox 1224 570 1274 596; x_wconf 83' lang='lat' dir='ltr'><strong>ex</strong></span> <span class='ocrx_word' id='word_1_47' title='bbox 1304 558 1381 596; x_wconf 89' lang='lat' dir='ltr'><strong>alio</strong></span> <span class='ocrx_word' id='word_1_48' title='bbox 1409 571 1480 609; x_wconf 88' lang='lat' dir='ltr'><strong>per</strong></span> 
     </span>
     <span class='ocr_line' id='line_1_8' title="bbox 145 610 1478 667; baseline 0.002 -18"><span class='ocrx_word' id='word_1_49' title='bbox 145 610 287 664; x_wconf 83' lang='lat' dir='ltr'><strong>gradus</strong></span> <span class='ocrx_word' id='word_1_50' title='bbox 313 624 452 650; x_wconf 88' lang='lat' dir='ltr'><strong>revera</strong></span> <span class='ocrx_word' id='word_1_51' title='bbox 479 610 689 651; x_wconf 89' lang='lat' dir='ltr'><strong>Gemonios</strong></span> <span class='ocrx_word' id='word_1_52' title='bbox 719 619 924 660; x_wconf 88' lang='lat' dir='ltr'><strong>structum,</strong></span> <span class='ocrx_word' id='word_1_53' title='bbox 957 612 1026 652; x_wconf 88' lang='lat' dir='ltr'><strong>sed</strong></span> <span class='ocrx_word' id='word_1_54' title='bbox 1051 627 1204 666; x_wconf 82' lang='lat' dir='ltr'>mappa,</span> <span class='ocrx_word' id='word_1_55' title='bbox 1232 613 1333 667; x_wconf 90' lang='lat' dir='ltr'><strong>quod</strong></span> <span class='ocrx_word' id='word_1_56' title='bbox 1360 615 1478 661; x_wconf 93' lang='lat' dir='ltr'><strong>aiunt,</strong></span> 
     </span>
     <span class='ocr_line' id='line_1_9' title="bbox 146 669 1480 721; baseline 0.002 -13"><span class='ocrx_word' id='word_1_57' title='bbox 146 671 258 708; x_wconf 89' lang='lat' dir='ltr'><strong>missa</strong></span> <span class='ocrx_word' id='word_1_58' title='bbox 285 669 403 708; x_wconf 85' lang='lat' dir='ltr'><strong>semel</strong></span> <span class='ocrx_word' id='word_1_59' title='bbox 429 670 650 721; x_wconf 86' lang='lat' dir='ltr'><strong>octoiugem</strong></span> <span class='ocrx_word' id='word_1_60' title='bbox 677 670 785 709; x_wconf 87' lang='lat' dir='ltr'><strong>istam</strong></span> <span class='ocrx_word' id='word_1_61' title='bbox 814 683 862 709; x_wconf 79' lang='lat' dir='ltr'><strong>ex</strong></span> <span class='ocrx_word' id='word_1_62' title='bbox 887 670 1002 710; x_wconf 87' lang='lat' dir='ltr'><strong>Patre</strong></span> <span class='ocrx_word' id='word_1_63' title='bbox 1034 679 1074 710; x_wconf 90' lang='lat' dir='ltr'><strong>et</strong></span> <span class='ocrx_word' id='word_1_64' title='bbox 1105 671 1265 711; x_wconf 88' lang='lat' dir='ltr'><strong>Ennoea</strong></span> <span class='ocrx_word' id='word_1_65' title='bbox 1297 674 1378 711; x_wconf 88' lang='lat' dir='ltr'><strong>eius</strong></span> <span class='ocrx_word' id='word_1_66' title='bbox 1411 685 1480 711; x_wconf 84' lang='lat' dir='ltr'><strong>ex-</strong></span> 
     </span>
     <span class='ocr_line' id='line_1_10' title="bbox 146 726 1477 781; baseline 0.002 -16"><span class='ocrx_word' id='word_1_67' title='bbox 146 727 303 766; x_wconf 88' lang='lat' dir='ltr'><strong>clusam.</strong></span> <span class='ocrx_word' id='word_1_68' title='bbox 348 727 408 765; x_wconf 79' lang='lat' dir='ltr'><strong>Ex</strong></span> <span class='ocrx_word' id='word_1_69' title='bbox 432 728 524 779; x_wconf 92' lang='lat' dir='ltr'><strong>ipso.</strong></span> <span class='ocrx_word' id='word_1_70' title='bbox 543 726 708 779; x_wconf 89' lang='lat' dir='ltr'><strong>denique</strong></span> <span class='ocrx_word' id='word_1_71' title='bbox 735 729 817 766; x_wconf 90' lang='lat' dir='ltr'><strong>eius</strong></span> <span class='ocrx_word' id='word_1_72' title='bbox 843 736 946 766; x_wconf 92' lang='lat' dir='ltr'><strong>motu</strong></span> <span class='ocrx_word' id='word_1_73' title='bbox 973 730 1124 767; x_wconf 91' lang='lat' dir='ltr'><strong>nomina</strong></span> <span class='ocrx_word' id='word_1_74' title='bbox 1151 736 1307 781; x_wconf 71' lang='lat' dir='ltr'><strong>gerunt.</strong></span> <span class='ocrx_word' id='word_1_75' title='bbox 1369 729 1477 775; x_wconf 88' lang='lat' dir='ltr'><strong>Cum,</strong></span> 
     </span>
     <span class='ocr_line' id='line_1_11' title="bbox 146 785 1478 837; baseline 0.002 -15"><span class='ocrx_word' id='word_1_76' title='bbox 146 785 339 837; x_wconf 89' lang='lat' dir='ltr'><strong>inquiunt,</strong></span> <span class='ocrx_word' id='word_1_77' title='bbox 379 785 566 835; x_wconf 82' lang='lat' dir='ltr'><strong>cogitavit</strong></span> <span class='ocrx_word' id='word_1_78' title='bbox 597 786 794 836; x_wconf 79' lang='lat' dir='ltr'><strong>proferre,</strong></span> <span class='ocrx_word' id='word_1_79' title='bbox 835 785 910 824; x_wconf 90' lang='lat' dir='ltr'><strong>hoc</strong></span> <span class='ocrx_word' id='word_1_80' title='bbox 942 785 1060 824; x_wconf 90' lang='lat' dir='ltr'><strong>Pater</strong></span> <span class='ocrx_word' id='word_1_81' title='bbox 1090 785 1217 824; x_wconf 90' lang='lat' dir='ltr'><strong>dictus</strong></span> <span class='ocrx_word' id='word_1_82' title='bbox 1247 793 1320 825; x_wconf 87' lang='lat' dir='ltr'><strong>est.</strong></span> <span class='ocrx_word' id='word_1_83' title='bbox 1384 786 1478 824; x_wconf 88' lang='lat' dir='ltr'><strong>Cum</strong></span> 
     </span>
     <span class='ocr_line' id='line_1_12' title="bbox 145 842 1494 895; baseline 0.001 -15"><span class='ocrx_word' id='word_1_84' title='bbox 145 842 318 894; x_wconf 89' lang='lat' dir='ltr'><strong>protulit,</strong></span> <span class='ocrx_word' id='word_1_85' title='bbox 345 843 432 893; x_wconf 90' lang='lat' dir='ltr'><strong>quia</strong></span> <span class='ocrx_word' id='word_1_86' title='bbox 457 854 550 880; x_wconf 88' lang='lat' dir='ltr'><strong>vera</strong></span> <span class='ocrx_word' id='word_1_87' title='bbox 576 843 748 893; x_wconf 90' lang='lat' dir='ltr'><strong>protulit,</strong></span> <span class='ocrx_word' id='word_1_88' title='bbox 775 843 838 880; x_wconf 90' lang='lat' dir='ltr'><strong>hic</strong></span> <span class='ocrx_word' id='word_1_89' title='bbox 863 842 1021 881; x_wconf 88' lang='lat' dir='ltr'><strong>Veritas</strong></span> <span class='ocrx_word' id='word_1_90' title='bbox 1046 844 1240 895; x_wconf 88' lang='lat' dir='ltr'><strong>appellata</strong></span> <span class='ocrx_word' id='word_1_91' title='bbox 1266 851 1338 882; x_wconf 90' lang='lat' dir='ltr'><strong>est.</strong></span> <span class='ocrx_word' id='word_1_92' title='bbox 1384 843 1494 882; x_wconf 59' lang='lat' dir='ltr'><strong>Cum&#39;</strong></span> 
     </span>
     <span class='ocr_line' id='line_1_13' title="bbox 144 899 1477 953; baseline 0.002 -15"><span class='ocrx_word' id='word_1_93' title='bbox 144 906 274 938; x_wconf 85' lang='lat' dir='ltr'><strong>semet·</strong></span> <span class='ocrx_word' id='word_1_94' title='bbox 303 900 423 952; x_wconf 91' lang='lat' dir='ltr'><strong>ipsum</strong></span> <span class='ocrx_word' id='word_1_95' title='bbox 456 900 578 938; x_wconf 90' lang='lat' dir='ltr'><strong>voluit</strong></span> <span class='ocrx_word' id='word_1_96' title='bbox 610 899 785 951; x_wconf 89' lang='lat' dir='ltr'><strong>probari,</strong></span> <span class='ocrx_word' id='word_1_97' title='bbox 825 900 899 938; x_wconf 90' lang='lat' dir='ltr'><strong>hoc</strong></span> <span class='ocrx_word' id='word_1_98' title='bbox 939 900 1060 938; x_wconf 88' lang='lat' dir='ltr'><strong>Homo</strong></span> <span class='ocrx_word' id='word_1_99' title='bbox 1098 902 1366 953; x_wconf 88' lang='lat' dir='ltr'><strong>pronuntiatus</strong></span> <span class='ocrx_word' id='word_1_100' title='bbox 1404 910 1477 940; x_wconf 87' lang='lat' dir='ltr'><strong>est.</strong></span> 
     </span>
     <span class='ocr_line' id='line_1_14' title="bbox 145 957 1478 1009; baseline 0 -13"><span class='ocrx_word' id='word_1_101' title='bbox 145 957 249 1006; x_wconf 85' lang='lat' dir='ltr'><strong>Quos</strong></span> <span class='ocrx_word' id='word_1_102' title='bbox 275 964 400 996; x_wconf 87' lang='lat' dir='ltr'><strong>autem</strong></span> <span class='ocrx_word' id='word_1_103' title='bbox 428 958 723 1009; x_wconf 73' lang='lat' dir='ltr'><strong>praecogitavit,</strong></span> <span class='ocrx_word' id='word_1_104' title='bbox 752 971 836 996; x_wconf 88' lang='lat' dir='ltr'><strong>eum</strong></span> <span class='ocrx_word' id='word_1_105' title='bbox 863 959 1034 1009; x_wconf 89' lang='lat' dir='ltr'><strong>protulit,</strong></span> <span class='ocrx_word' id='word_1_106' title='bbox 1063 966 1150 997; x_wconf 91' lang='lat' dir='ltr'><strong>tunc</strong></span> <span class='ocrx_word' id='word_1_107' title='bbox 1176 959 1356 999; x_wconf 82' lang='lat' dir='ltr'><strong>Ecclesia</strong></span> <span class='ocrx_word' id='word_1_108' title='bbox 1384 973 1478 997; x_wconf 91' lang='lat' dir='ltr'><strong>nun-</strong></span> 
     </span>
     <span class='ocr_line' id='line_1_15' title="bbox 145 1014 1477 1068; baseline 0.001 -14"><span class='ocrx_word' id='word_1_109' title='bbox 145 1022 285 1067; x_wconf 82' lang='lat' dir='ltr'><strong>cupata</strong></span> <span class='ocrx_word' id='word_1_110' title='bbox 310 1022 381 1054; x_wconf 84' lang='lat' dir='ltr'><strong>est.</strong></span> <span class='ocrx_word' id='word_1_111' title='bbox 445 1014 584 1054; x_wconf 81' lang='lat' dir='ltr'><strong>Sonuit</strong></span> <span class='ocrx_word' id='word_1_112' title='bbox 609 1015 732 1053; x_wconf 84' lang='lat' dir='ltr'><strong>Homo</strong></span> <span class='ocrx_word' id='word_1_113' title='bbox 760 1014 1005 1062; x_wconf 81' lang='lat' dir='ltr'><strong>Sermonem,</strong></span> <span class='ocrx_word' id='word_1_114' title='bbox 1045 1023 1084 1054; x_wconf 90' lang='lat' dir='ltr'><strong>et</strong></span> <span class='ocrx_word' id='word_1_115' title='bbox 1110 1017 1171 1054; x_wconf 87' lang='lat' dir='ltr'><strong>hic</strong></span> <span class='ocrx_word' id='word_1_116' title='bbox 1199 1024 1258 1055; x_wconf 92' lang='lat' dir='ltr'><strong>est</strong></span> <span class='ocrx_word' id='word_1_117' title='bbox 1283 1018 1477 1068; x_wconf 84' lang='lat' dir='ltr'><strong>primoge-</strong></span> 
     </span>
     <span class='ocr_line' id='line_1_16' title="bbox 144 1072 1478 1126; baseline 0 -15"><span class='ocrx_word' id='word_1_118' title='bbox 144 1074 245 1112; x_wconf 86' lang='lat' dir='ltr'><strong>nitus</strong></span> <span class='ocrx_word' id='word_1_119' title='bbox 272 1073 383 1119; x_wconf 82' lang='lat' dir='ltr'><strong>fitius,</strong></span> <span class='ocrx_word' id='word_1_120' title='bbox 411 1072 649 1111; x_wconf 30' lang='lat' dir='ltr'><strong>etrSermoni</strong></span> <span class='ocrx_word' id='word_1_121' title='bbox 676 1073 846 1111; x_wconf 87' lang='lat' dir='ltr'><strong>accessit</strong></span> <span class='ocrx_word' id='word_1_122' title='bbox 858 1072 962 1120; x_wconf 85' lang='lat' dir='ltr'><strong>Vita,</strong></span> <span class='ocrx_word' id='word_1_123' title='bbox 990 1080 1030 1111; x_wconf 89' lang='lat' dir='ltr'><strong>et</strong></span> <span class='ocrx_word' id='word_1_124' title='bbox 1055 1072 1211 1124; x_wconf 88' lang='lat' dir='ltr'>Ogdoas</span> <span class='ocrx_word' id='word_1_125' title='bbox 1237 1076 1355 1126; x_wconf 82' lang='lat' dir='ltr'><strong>prima</strong></span> <span class='ocrx_word' id='word_1_126' title='bbox 1385 1088 1478 1113; x_wconf 89' lang='lat' dir='ltr'><strong>con-</strong></span> 
     </span>
     <span class='ocr_line' id='line_1_17' title="bbox 147 1129 1104 1181; baseline -0.001 -12"><span class='ocrx_word' id='word_1_127' title='bbox 147 1132 252 1170; x_wconf 89' lang='lat' dir='ltr'><strong>clusa</strong></span> <span class='ocrx_word' id='word_1_128' title='bbox 279 1138 350 1169; x_wconf 88' lang='lat' dir='ltr'><strong>est.</strong></span> <span class='ocrx_word' id='word_1_129' title='bbox 415 1129 493 1168; x_wconf 89' lang='lat' dir='ltr'><strong>Sed</strong></span> <span class='ocrx_word' id='word_1_130' title='bbox 519 1131 595 1168; x_wconf 88' lang='lat' dir='ltr'><strong>hoc</strong></span> <span class='ocrx_word' id='word_1_131' title='bbox 621 1129 786 1168; x_wconf 85' lang='lat' dir='ltr'><strong>taedium</strong></span> <span class='ocrx_word' id='word_1_132' title='bbox 815 1144 889 1167; x_wconf 91' lang='lat' dir='ltr'><strong>non</strong></span> <span class='ocrx_word' id='word_1_133' title='bbox 917 1131 1104 1181; x_wconf 87' lang='lat' dir='ltr'><strong>pusillum.</strong></span> 
     </span>
    </p>

    <p class='ocr_par' dir='ltr' id='par_1_4' title="bbox 146 1187 1480 1926">
     <span class='ocr_line' id='line_1_18' title="bbox 260 1187 1477 1239; baseline 0 -12"><span class='ocrx_word' id='word_1_134' title='bbox 260 1191 330 1229; x_wconf 88' lang='lat'><strong>37.</strong></span> <span class='ocrx_word' id='word_1_135' title='bbox 379 1188 528 1239; x_wconf 85' lang='lat' dir='ltr'><strong>Accipe</strong></span> <span class='ocrx_word' id='word_1_136' title='bbox 567 1188 642 1224; x_wconf 84' lang='lat' dir='ltr'><strong>alia</strong></span> <span class='ocrx_word' id='word_1_137' title='bbox 681 1188 834 1237; x_wconf 87' lang='lat' dir='ltr'><strong>ingenia</strong></span> <span class='ocrx_word' id='word_1_138' title='bbox 874 1187 1223 1236; x_wconf 76' lang='lat' dir='ltr'><strong>Circurianianal)</strong></span> <span class='ocrx_word' id='word_1_139' title='bbox 1255 1189 1477 1239; x_wconf 80' lang='lat' dir='ltr'><strong>insignioris</strong></span> 
     </span>
     <span class='ocr_line' id='line_1_19' title="bbox 146 1243 1476 1297; baseline 0.001 -14"><span class='ocrx_word' id='word_1_140' title='bbox 146 1243 244 1297; x_wconf 87' lang='lat' dir='ltr'><strong>apud</strong></span> <span class='ocrx_word' id='word_1_141' title='bbox 273 1256 342 1283; x_wconf 65' lang='lat' dir='ltr'><strong>eo‘s</strong></span> <span class='ocrx_word' id='word_1_142' title='bbox 368 1245 552 1295; x_wconf 83' lang='lat' dir='ltr'><strong>magistri,</strong></span> <span class='ocrx_word' id='word_1_143' title='bbox 581 1245 643 1295; x_wconf 86' lang='lat' dir='ltr'><strong>qui</strong></span> <span class='ocrx_word' id='word_1_144' title='bbox 670 1251 709 1282; x_wconf 89' lang='lat' dir='ltr'><strong>et</strong></span> <span class='ocrx_word' id='word_1_145' title='bbox 735 1245 946 1295; x_wconf 82' lang='lat' dir='ltr'><strong>pontificali</strong></span> <span class='ocrx_word' id='word_1_146' title='bbox 972 1258 1038 1283; x_wconf 89' lang='lat' dir='ltr'><strong>sua</strong></span> <span class='ocrx_word' id='word_1_147' title='bbox 1065 1247 1297 1284; x_wconf 86' lang='lat' dir='ltr'><strong>auctoritate</strong></span> <span class='ocrx_word' id='word_1_148' title='bbox 1319 1248 1356 1284; x_wconf 90' lang='lat' dir='ltr'><strong>in</strong></span> <span class='ocrx_word' id='word_1_149' title='bbox 1378 1247 1476 1284; x_wconf 89' lang='lat' dir='ltr'><strong>hunc</strong></span> 
     </span>
     <span class='ocr_line' id='line_1_20' title="bbox 147 1301 1479 1353; baseline 0 -12"><span class='ocrx_word' id='word_1_150' title='bbox 147 1301 298 1341; x_wconf 89' lang='lat' dir='ltr'><strong>modum</strong></span> <span class='ocrx_word' id='word_1_151' title='bbox 326 1303 489 1340; x_wconf 88' lang='lat' dir='ltr'><strong>censuit.</strong></span> <span class='ocrx_word' id='word_1_152' title='bbox 551 1301 639 1348; x_wconf 87' lang='lat' dir='ltr'><strong>Est,</strong></span> <span class='ocrx_word' id='word_1_153' title='bbox 673 1303 812 1353; x_wconf 89' lang='lat' dir='ltr'><strong>inquit,</strong></span> <span class='ocrx_word' id='word_1_154' title='bbox 846 1309 934 1340; x_wconf 88' lang='lat' dir='ltr'><strong>ante</strong></span> <span class='ocrx_word' id='word_1_155' title='bbox 968 1303 1092 1341; x_wconf 90' lang='lat' dir='ltr'><strong>omnia</strong></span> <span class='ocrx_word' id='word_1_156' title='bbox 1119 1302 1335 1349; x_wconf 82' lang='lat' dir='ltr'><strong>Proarche,</strong></span> <span class='ocrx_word' id='word_1_157' title='bbox 1369 1305 1479 1342; x_wconf 85' lang='lat' dir='ltr'><strong>inex-</strong></span> 
     </span>
     <span class='ocr_line' id='line_1_21' title="bbox 147 1359 1478 1412; baseline 0 -13"><span class='ocrx_word' id='word_1_158' title='bbox 147 1360 358 1412; x_wconf 76' lang='lat' dir='ltr'><strong>cogitabile</strong></span> <span class='ocrx_word' id='word_1_159' title='bbox 403 1366 443 1398; x_wconf 92' lang='lat' dir='ltr'><strong>et</strong></span> <span class='ocrx_word' id='word_1_160' title='bbox 485 1359 743 1398; x_wconf 77' lang='lat' dir='ltr'><strong>inenarrabile</strong></span> <span class='ocrx_word' id='word_1_161' title='bbox 788 1367 828 1397; x_wconf 89' lang='lat' dir='ltr'><strong>et</strong></span> <span class='ocrx_word' id='word_1_162' title='bbox 872 1360 1163 1406; x_wconf 81' lang='lat' dir='ltr'><strong>innominabile,</strong></span> <span class='ocrx_word' id='word_1_163' title='bbox 1184 1362 1221 1406; x_wconf 82' lang='lat'><strong>2)</strong></span> <span class='ocrx_word' id='word_1_164' title='bbox 1262 1360 1364 1412; x_wconf 89' lang='lat' dir='ltr'><strong>quod</strong></span> <span class='ocrx_word' id='word_1_165' title='bbox 1402 1374 1478 1412; x_wconf 89' lang='lat' dir='ltr'><strong>ego</strong></span> 
     </span>
     <span class='ocr_line' id='line_1_22' title="bbox 147 1416 1480 1469; baseline -0.001 -13"><span class='ocrx_word' id='word_1_166' title='bbox 147 1419 300 1456; x_wconf 91' lang='lat' dir='ltr'><strong>nomino</strong></span> <span class='ocrx_word' id='word_1_167' title='bbox 338 1416 553 1455; x_wconf 84' lang='lat' dir='ltr'><strong>Monoteta.</strong></span> <span class='ocrx_word' id='word_1_168' title='bbox 627 1417 721 1455; x_wconf 91' lang='lat' dir='ltr'><strong>Cum</strong></span> <span class='ocrx_word' id='word_1_169' title='bbox 758 1417 830 1455; x_wconf 87' lang='lat' dir='ltr'><strong>hac</strong></span> <span class='ocrx_word' id='word_1_170' title='bbox 869 1424 955 1455; x_wconf 91' lang='lat' dir='ltr'><strong>erat</strong></span> <span class='ocrx_word' id='word_1_171' title='bbox 990 1418 1066 1455; x_wconf 89' lang='lat' dir='ltr'><strong>alia</strong></span> <span class='ocrx_word' id='word_1_172' title='bbox 1100 1418 1239 1463; x_wconf 88' lang='lat' dir='ltr'><strong>virtus,</strong></span> <span class='ocrx_word' id='word_1_173' title='bbox 1291 1430 1401 1469; x_wconf 87' lang='lat' dir='ltr'><strong>quam</strong></span> <span class='ocrx_word' id='word_1_174' title='bbox 1440 1426 1480 1457; x_wconf 88' lang='lat' dir='ltr'><strong>et</strong></span> 
     </span>
     <span class='ocr_line' id='line_1_23' title="bbox 146 1473 1479 1528; baseline -0.001 -13"><span class='ocrx_word' id='word_1_175' title='bbox 146 1477 266 1528; x_wconf 86' lang='lat' dir='ltr'><strong>ipsam</strong></span> <span class='ocrx_word' id='word_1_176' title='bbox 292 1474 446 1527; x_wconf 91' lang='lat' dir='ltr'><strong>appello</strong></span> <span class='ocrx_word' id='word_1_177' title='bbox 475 1473 680 1515; x_wconf 85' lang='lat' dir='ltr'><strong>Henoteta.</strong></span> <span class='ocrx_word' id='word_1_178' title='bbox 741 1473 922 1512; x_wconf 86' lang='lat' dir='ltr'><strong>Monotes</strong></span> <span class='ocrx_word' id='word_1_179' title='bbox 949 1481 988 1512; x_wconf 88' lang='lat' dir='ltr'><strong>et</strong></span> <span class='ocrx_word' id='word_1_180' title='bbox 1014 1473 1199 1521; x_wconf 86' lang='lat' dir='ltr'><strong>Henotes,</strong></span> <span class='ocrx_word' id='word_1_181' title='bbox 1227 1473 1264 1513; x_wconf 93' lang='lat' dir='ltr'><strong>id</strong></span> <span class='ocrx_word' id='word_1_182' title='bbox 1291 1482 1350 1514; x_wconf 91' lang='lat' dir='ltr'><strong>est</strong></span> <span class='ocrx_word' id='word_1_183' title='bbox 1377 1475 1479 1514; x_wconf 93' lang='lat' dir='ltr'><strong>Soli-</strong></span> 
     </span>
     <span class='ocr_line' id='line_1_24' title="bbox 147 1531 1479 1585; baseline -0.001 -13"><span class='ocrx_word' id='word_1_184' title='bbox 147 1541 205 1572; x_wconf 90' lang='lat' dir='ltr'><strong>tas</strong></span> <span class='ocrx_word' id='word_1_185' title='bbox 230 1539 270 1572; x_wconf 85' lang='lat' dir='ltr'><strong>et</strong></span> <span class='ocrx_word' id='word_1_186' title='bbox 296 1531 442 1578; x_wconf 88' lang='lat' dir='ltr'><strong>Unitas‚</strong></span> <span class='ocrx_word' id='word_1_187' title='bbox 471 1545 554 1570; x_wconf 91' lang='lat' dir='ltr'><strong>cum</strong></span> <span class='ocrx_word' id='word_1_188' title='bbox 582 1545 693 1570; x_wconf 91' lang='lat' dir='ltr'><strong>unum</strong></span> <span class='ocrx_word' id='word_1_189' title='bbox 721 1538 863 1578; x_wconf 83' lang='lat' dir='ltr'><strong>essent,</strong></span> <span class='ocrx_word' id='word_1_190' title='bbox 892 1532 1145 1584; x_wconf 85' lang='lat' dir='ltr'><strong>protulerunt,</strong></span> <span class='ocrx_word' id='word_1_191' title='bbox 1173 1546 1248 1570; x_wconf 92' lang='lat' dir='ltr'><strong>non</strong></span> <span class='ocrx_word' id='word_1_192' title='bbox 1276 1534 1479 1585; x_wconf 82' lang='lat' dir='ltr'><strong>proferen-</strong></span> 
     </span>
     <span class='ocr_line' id='line_1_25' title="bbox 146 1589 1478 1642; baseline -0.001 -12"><span class='ocrx_word' id='word_1_193' title='bbox 146 1598 205 1630; x_wconf 88' lang='lat' dir='ltr'><strong>tes</strong></span> <span class='ocrx_word' id='word_1_194' title='bbox 218 1591 366 1630; x_wconf 89' lang='lat' dir='ltr'><strong>initium</strong></span> <span class='ocrx_word' id='word_1_195' title='bbox 388 1590 552 1628; x_wconf 91' lang='lat' dir='ltr'><strong>omnium</strong></span> <span class='ocrx_word' id='word_1_196' title='bbox 573 1589 849 1636; x_wconf 89' lang='lat' dir='ltr'><strong>intellectuale,</strong></span> <span class='ocrx_word' id='word_1_197' title='bbox 877 1590 1117 1636; x_wconf 87' lang='lat' dir='ltr'><strong>innascibile,</strong></span> <span class='ocrx_word' id='word_1_198' title='bbox 1145 1591 1349 1637; x_wconf 81' lang='lat' dir='ltr'><strong>invisibile,</strong></span> <span class='ocrx_word' id='word_1_199' title='bbox 1378 1591 1478 1642; x_wconf 86' lang='lat' dir='ltr'><strong>quod</strong></span> 
     </span>
     <span class='ocr_line' id='line_1_26' title="bbox 146 1646 1477 1688; baseline -0.002 0"><span class='ocrx_word' id='word_1_200' title='bbox 146 1662 273 1688; x_wconf 85' lang='lat' dir='ltr'><strong>sermo</strong></span> <span class='ocrx_word' id='word_1_201' title='bbox 302 1646 470 1687; x_wconf 84' lang='lat' dir='ltr'><strong>Monada</strong></span> <span class='ocrx_word' id='word_1_202' title='bbox 507 1647 675 1685; x_wconf 77' lang='lat' dir='ltr'><strong>vocavit.</strong></span> <span class='ocrx_word' id='word_1_203' title='bbox 738 1646 835 1685; x_wconf 83' lang='lat' dir='ltr'><strong>lluic</strong></span> <span class='ocrx_word' id='word_1_204' title='bbox 868 1646 978 1685; x_wconf 89' lang='lat' dir='ltr'><strong>adest</strong></span> <span class='ocrx_word' id='word_1_205' title='bbox 1004 1647 1317 1685; x_wconf 71' lang='lat' dir='ltr'><strong>consubstantiva</strong></span> <span class='ocrx_word' id='word_1_206' title='bbox 1343 1650 1477 1686; x_wconf 69' lang='lat' dir='ltr'><strong>virtus.</strong></span> 
     </span>
     <span class='ocr_line' id='line_1_27' title="bbox 147 1703 1479 1758; baseline -0.002 -13"><span class='ocrx_word' id='word_1_207' title='bbox 147 1719 258 1758; x_wconf 89' lang='lat' dir='ltr'><strong>quam</strong></span> <span class='ocrx_word' id='word_1_208' title='bbox 284 1706 454 1757; x_wconf 89' lang='lat' dir='ltr'><strong>appellat</strong></span> <span class='ocrx_word' id='word_1_209' title='bbox 480 1703 592 1742; x_wconf 89' lang='lat' dir='ltr'><strong>Unio.</strong></span> <span class='ocrx_word' id='word_1_210' title='bbox 655 1703 737 1742; x_wconf 88' lang='lat' dir='ltr'><strong>Hae</strong></span> <span class='ocrx_word' id='word_1_211' title='bbox 764 1705 881 1754; x_wconf 86' lang='lat' dir='ltr'><strong>igitur</strong></span> <span class='ocrx_word' id='word_1_212' title='bbox 906 1705 1086 1751; x_wconf 85' lang='lat' dir='ltr'><strong>virtutes,</strong></span> <span class='ocrx_word' id='word_1_213' title='bbox 1114 1703 1270 1751; x_wconf 84' lang='lat' dir='ltr'><strong>Solitas,</strong></span> <span class='ocrx_word' id='word_1_214' title='bbox 1299 1704 1479 1755; x_wconf 88' lang='lat' dir='ltr'><strong>Singula-</strong></span> 
     </span>
     <span class='ocr_line' id='line_1_28' title="bbox 148 1760 1480 1814; baseline -0.002 -12"><span class='ocrx_word' id='word_1_215' title='bbox 148 1765 262 1809; x_wconf 88' lang='lat' dir='ltr'><strong>ritas,</strong></span> <span class='ocrx_word' id='word_1_216' title='bbox 301 1762 453 1806; x_wconf 78' lang='lat' dir='ltr'><strong>UnitaS,</strong></span> <span class='ocrx_word' id='word_1_217' title='bbox 493 1760 612 1806; x_wconf 84' lang='lat' dir='ltr'><strong>Unio,</strong></span> <span class='ocrx_word' id='word_1_218' title='bbox 645 1768 797 1799; x_wconf 86' lang='lat' dir='ltr'><strong>ceteras</strong></span> <span class='ocrx_word' id='word_1_219' title='bbox 823 1761 1062 1811; x_wconf 79' lang='lat' dir='ltr'><strong>prolationes</strong></span> <span class='ocrx_word' id='word_1_220' title='bbox 1086 1761 1261 1800; x_wconf 89' lang='lat' dir='ltr'><strong>Aeonum</strong></span> <span class='ocrx_word' id='word_1_221' title='bbox 1288 1775 1480 1814; x_wconf 83' lang='lat' dir='ltr'><strong>propaga-</strong></span> 
     </span>
     <span class='ocr_line' id='line_1_29' title="bbox 149 1816 1480 1870; baseline -0.001 -12"><span class='ocrx_word' id='word_1_222' title='bbox 149 1827 248 1859; x_wconf 85' lang='lat' dir='ltr'><strong>runt.</strong></span> <span class='ocrx_word' id='word_1_223' title='bbox 305 1818 335 1857; x_wconf 91' lang='grc' dir='ltr'><strong>Ο</strong></span> <span class='ocrx_word' id='word_1_224' title='bbox 363 1817 600 1856; x_wconf 79' lang='lat' dir='ltr'><strong>differentia!</strong></span> <span class='ocrx_word' id='word_1_225' title='bbox 662 1817 833 1855; x_wconf 85' lang='lat' dir='ltr'><strong>Mutetur</strong></span> <span class='ocrx_word' id='word_1_226' title='bbox 858 1817 956 1855; x_wconf 89' lang='lat' dir='ltr'><strong>Unio</strong></span> <span class='ocrx_word' id='word_1_227' title='bbox 983 1825 1024 1856; x_wconf 88' lang='lat' dir='ltr'><strong>et</strong></span> <span class='ocrx_word' id='word_1_228' title='bbox 1048 1816 1194 1866; x_wconf 88' lang='lat' dir='ltr'><strong>Unitas,</strong></span> <span class='ocrx_word' id='word_1_229' title='bbox 1223 1817 1480 1870; x_wconf 84' lang='lat' dir='ltr'><strong>Singularitas</strong></span> 
     </span>
     <span class='ocr_line' id='line_1_30' title="bbox 150 1874 1303 1926; baseline -0.002 -9"><span class='ocrx_word' id='word_1_230' title='bbox 150 1885 190 1917; x_wconf 88' lang='lat' dir='ltr'><strong>et.</strong></span> <span class='ocrx_word' id='word_1_231' title='bbox 213 1890 320 1916; x_wconf 88' lang='lat' dir='ltr'><strong>suum</strong></span> <span class='ocrx_word' id='word_1_232' title='bbox 348 1875 510 1921; x_wconf 88' lang='lat' dir='ltr'><strong>Solitas,</strong></span> <span class='ocrx_word' id='word_1_233' title='bbox 539 1887 761 1926; x_wconf 86' lang='lat' dir='ltr'><strong>quamquam</strong></span> <span class='ocrx_word' id='word_1_234' title='bbox 788 1874 1066 1926; x_wconf 87' lang='lat' dir='ltr'><strong>designaveris,</strong></span> <span class='ocrx_word' id='word_1_235' title='bbox 1093 1890 1205 1914; x_wconf 91' lang='lat' dir='ltr'><strong>unum</strong></span> <span class='ocrx_word' id='word_1_236' title='bbox 1232 1883 1303 1915; x_wconf 92' lang='lat' dir='ltr'><strong>est.</strong></span> 
     </span>
    </p>

    <p class='ocr_par' dir='ltr' id='par_1_5' title="bbox 150 1930 1480 2215">
     <span class='ocr_line' id='line_1_31' title="bbox 265 1930 1478 1986; baseline 0.001 -14"><span class='ocrx_word' id='word_1_237' title='bbox 265 1938 334 1976; x_wconf 88' lang='lat'><strong>38.</strong></span> <span class='ocrx_word' id='word_1_238' title='bbox 385 1933 595 1972; x_wconf 88' lang='lat' dir='ltr'><strong>Humanior</strong></span> <span class='ocrx_word' id='word_1_239' title='bbox 619 1932 693 1970; x_wconf 88' lang='lat' dir='ltr'><strong>iam</strong></span> <span class='ocrx_word' id='word_1_240' title='bbox 720 1930 939 1980; x_wconf 89' lang='lat' dir='ltr'><strong>Secundus,</strong></span> <span class='ocrx_word' id='word_1_241' title='bbox 981 1940 1022 1971; x_wconf 83' lang='lat' dir='ltr'><strong>ut</strong></span> <span class='ocrx_word' id='word_1_242' title='bbox 1052 1933 1225 1981; x_wconf 89' lang='lat' dir='ltr'><strong>brevior,</strong></span> <span class='ocrx_word' id='word_1_243' title='bbox 1266 1934 1478 1986; x_wconf 82' lang='lat' dir='ltr'><strong>Ogdoaden</strong></span> 
     </span>
     <span class='ocr_line' id='line_1_32' title="bbox 150 1988 1480 2039; baseline -0.002 -6"><span class='ocrx_word' id='word_1_244' title='bbox 150 1995 188 2032; x_wconf 93' lang='lat' dir='ltr'><strong>in</strong></span> <span class='ocrx_word' id='word_1_245' title='bbox 214 1991 309 2032; x_wconf 89' lang='lat' dir='ltr'><strong>duas</strong></span> <span class='ocrx_word' id='word_1_246' title='bbox 332 1989 520 2029; x_wconf 82' lang='lat' dir='ltr'><strong>Tetradas</strong></span> <span class='ocrx_word' id='word_1_247' title='bbox 547 1988 739 2037; x_wconf 84' lang='lat' dir='ltr'><strong>dividens,</strong></span> <span class='ocrx_word' id='word_1_248' title='bbox 767 1993 804 2028; x_wconf 91' lang='lat' dir='ltr'><strong>in</strong></span> <span class='ocrx_word' id='word_1_249' title='bbox 830 1989 1029 2029; x_wconf 82' lang='lat' dir='ltr'><strong>dexteram</strong></span> <span class='ocrx_word' id='word_1_250' title='bbox 1056 1999 1096 2030; x_wconf 88' lang='lat' dir='ltr'><strong>et</strong></span> <span class='ocrx_word' id='word_1_251' title='bbox 1119 1993 1332 2039; x_wconf 90' lang='lat' dir='ltr'><strong>sinistram,</strong></span> <span class='ocrx_word' id='word_1_252' title='bbox 1358 1993 1396 2031; x_wconf 92' lang='lat' dir='ltr'><strong>in</strong></span> <span class='ocrx_word' id='word_1_253' title='bbox 1422 1993 1480 2031; x_wconf 86' lang='lat' dir='ltr'><strong>lu-</strong></span> 
     </span>
     <span class='ocr_line' id='line_1_33' title="bbox 151 2047 1479 2100; baseline -0.001 -10"><span class='ocrx_word' id='word_1_254' title='bbox 151 2064 236 2090; x_wconf 89' lang='lat' dir='ltr'><strong>men</strong></span> <span class='ocrx_word' id='word_1_255' title='bbox 263 2056 303 2091; x_wconf 88' lang='lat' dir='ltr'><strong>et</strong></span> <span class='ocrx_word' id='word_1_256' title='bbox 328 2049 527 2095; x_wconf 68' lang='lat' dir='ltr'><strong>tenebras,</strong></span> <span class='ocrx_word' id='word_1_257' title='bbox 569 2055 710 2086; x_wconf 88' lang='lat' dir='ltr'><strong>tantum</strong></span> <span class='ocrx_word' id='word_1_258' title='bbox 742 2047 843 2100; x_wconf 87' lang='lat' dir='ltr'><strong>quod</strong></span> <span class='ocrx_word' id='word_1_259' title='bbox 876 2047 1122 2087; x_wconf 85' lang='lat' dir='ltr'><strong>desultricem</strong></span> <span class='ocrx_word' id='word_1_260' title='bbox 1155 2057 1195 2088; x_wconf 89' lang='lat' dir='ltr'><strong>et</strong></span> <span class='ocrx_word' id='word_1_261' title='bbox 1225 2049 1479 2089; x_wconf 83' lang='lat' dir='ltr'><strong>defectricem</strong></span> 
     </span>
     <span class='ocr_line' id='line_1_34' title="bbox 151 2105 1479 2158; baseline -0.002 -11"><span class='ocrx_word' id='word_1_262' title='bbox 151 2109 254 2147; x_wconf 88' lang='lat' dir='ltr'><strong>illam</strong></span> <span class='ocrx_word' id='word_1_263' title='bbox 281 2108 458 2146; x_wconf 88' lang='lat' dir='ltr'><strong>virtutem</strong></span> <span class='ocrx_word' id='word_1_264' title='bbox 486 2119 560 2143; x_wconf 92' lang='lat' dir='ltr'><strong>non</strong></span> <span class='ocrx_word' id='word_1_265' title='bbox 585 2106 666 2143; x_wconf 81' lang='lat' dir='ltr'><strong>vult</strong></span> <span class='ocrx_word' id='word_1_266' title='bbox 689 2105 736 2144; x_wconf 88' lang='lat' dir='ltr'><strong>ab</strong></span> <span class='ocrx_word' id='word_1_267' title='bbox 762 2106 890 2158; x_wconf 91' lang='lat' dir='ltr'><strong>aliquo</strong></span> <span class='ocrx_word' id='word_1_268' title='bbox 917 2105 1113 2146; x_wconf 87' lang='lat' dir='ltr'><strong>deducere</strong></span> <span class='ocrx_word' id='word_1_269' title='bbox 1128 2108 1164 2155; x_wconf 85' lang='lat'><strong>³)</strong></span> <span class='ocrx_word' id='word_1_270' title='bbox 1192 2107 1383 2154; x_wconf 90' lang='lat' dir='ltr'><strong>Aeonum,</strong></span> <span class='ocrx_word' id='word_1_271' title='bbox 1410 2107 1479 2146; x_wconf 88' lang='lat' dir='ltr'><strong>sed</strong></span> 
     </span>
     <span class='ocr_line' id='line_1_35' title="bbox 151 2163 946 2215; baseline -0.001 -11"><span class='ocrx_word' id='word_1_272' title='bbox 151 2179 174 2204; x_wconf 84' lang='lat' dir='ltr'><strong>a</strong></span> <span class='ocrx_word' id='word_1_273' title='bbox 199 2165 387 2204; x_wconf 79' lang='lat' dir='ltr'><strong>fructibus</strong></span> <span class='ocrx_word' id='word_1_274' title='bbox 412 2163 460 2202; x_wconf 89' lang='lat' dir='ltr'><strong>de</strong></span> <span class='ocrx_word' id='word_1_275' title='bbox 486 2163 696 2202; x_wconf 81' lang='lat' dir='ltr'><strong>substantia</strong></span> <span class='ocrx_word' id='word_1_276' title='bbox 720 2164 888 2203; x_wconf 85' lang='lat' dir='ltr'><strong>veniant.</strong></span> <span class='ocrx_word' id='word_1_277' title='bbox 906 2165 946 2215; x_wconf 73' lang='lat'><strong>4)</strong></span> 
     </span>
    </p>
   </div>
   <div class='ocr_carea' id='block_1_3' title="bbox 153 2302 1483 2619">
    <p class='ocr_par' dir='ltr' id='par_1_6' title="bbox 153 2302 1483 2619">
     <span class='ocr_line' id='line_1_36' title="bbox 247 2302 1479 2342; baseline 0 -8"><span class='ocrx_word' id='word_1_278' title='bbox 247 2303 281 2342; x_wconf 88' lang='lat'><strong>1)</strong></span> <span class='ocrx_word' id='word_1_279' title='bbox 307 2304 378 2334; x_wconf 83' lang='lat' dir='ltr'><strong>Hoc</strong></span> <span class='ocrx_word' id='word_1_280' title='bbox 398 2312 523 2333; x_wconf 82' lang='lat' dir='ltr'><strong>nomeu</strong></span> <span class='ocrx_word' id='word_1_281' title='bbox 537 2305 590 2332; x_wconf 76' lang='lat' dir='ltr'><strong>est</strong></span> <span class='ocrx_word' id='word_1_282' title='bbox 605 2302 640 2333; x_wconf 79' lang='lat' dir='ltr'><strong>in</strong></span> <span class='ocrx_word' id='word_1_283' title='bbox 655 2303 751 2334; x_wconf 84' lang='lat' dir='ltr'><strong>codd.</strong></span> <span class='ocrx_word' id='word_1_284' title='bbox 766 2303 957 2335; x_wconf 76' lang='lat' dir='ltr'><strong>Pamettus:</strong></span> <span class='ocrx_word' id='word_1_285' title='bbox 982 2303 1158 2334; x_wconf 81' lang='lat' dir='ltr'><strong>Cicuria</strong></span> <span class='ocrx_word' id='word_1_286' title='bbox 1178 2304 1382 2334; x_wconf 76' lang='lat' dir='ltr'><strong>Enniana.</strong></span> <span class='ocrx_word' id='word_1_287' title='bbox 1418 2304 1479 2334; x_wconf 85' lang='lat' dir='ltr'><strong>Ri-</strong></span> 
     </span>
     <span class='ocr_line' id='line_1_37' title="bbox 153 2348 1482 2392; baseline -0.002 -10"><span class='ocrx_word' id='word_1_288' title='bbox 153 2351 236 2391; x_wconf 85' lang='lat' dir='ltr'><strong>galt.</strong></span> <span class='ocrx_word' id='word_1_289' title='bbox 275 2351 493 2381; x_wconf 78' lang='lat' dir='ltr'><strong>Cui-rutae</strong></span> <span class='ocrx_word' id='word_1_290' title='bbox 531 2349 728 2381; x_wconf 71' lang='lat' dir='ltr'><strong>Enniani.</strong></span> <span class='ocrx_word' id='word_1_291' title='bbox 775 2350 846 2390; x_wconf 82' lang='lat' dir='ltr'><strong>(Cf.</strong></span> <span class='ocrx_word' id='word_1_292' title='bbox 870 2351 988 2381; x_wconf 81' lang='lat' dir='ltr'><strong>luven.</strong></span> <span class='ocrx_word' id='word_1_293' title='bbox 1012 2352 1078 2382; x_wconf 76' lang='lat' dir='ltr'><strong>sat.</strong></span> <span class='ocrx_word' id='word_1_294' title='bbox 1104 2353 1141 2388; x_wconf 83' lang='grc'><strong>6,</strong></span> <span class='ocrx_word' id='word_1_295' title='bbox 1169 2348 1266 2392; x_wconf 80' lang='grc'>276.)</span> <span class='ocrx_word' id='word_1_296' title='bbox 1315 2350 1482 2385; x_wconf 69' lang='lat' dir='ltr'><strong>Fortasse</strong></span> 
     </span>
     <span class='ocr_line' id='line_1_38' title="bbox 154 2394 1482 2435; baseline -0.002 -6"><span class='ocrx_word' id='word_1_297' title='bbox 154 2396 304 2430; x_wconf 79' lang='lat' dir='ltr'><strong>Tertull.</strong></span> <span class='ocrx_word' id='word_1_298' title='bbox 319 2396 438 2428; x_wconf 79' lang='lat' dir='ltr'><strong>iocans</strong></span> <span class='ocrx_word' id='word_1_299' title='bbox 450 2394 609 2433; x_wconf 77' lang='lat' dir='ltr'><strong>scripsit:</strong></span> <span class='ocrx_word' id='word_1_300' title='bbox 635 2395 926 2427; x_wconf 80' lang='lat' dir='ltr'><strong>cucurbitina.</strong></span> <span class='ocrx_word' id='word_1_301' title='bbox 971 2397 1022 2426; x_wconf 79' lang='lat' dir='ltr'><strong>Cf.</strong></span> <span class='ocrx_word' id='word_1_302' title='bbox 1042 2397 1131 2427; x_wconf 85' lang='lat' dir='ltr'><strong>lren.</strong></span> <span class='ocrx_word' id='word_1_303' title='bbox 1149 2397 1180 2432; x_wconf 90' lang='lat'><strong>1,</strong></span> <span class='ocrx_word' id='word_1_304' title='bbox 1197 2397 1251 2435; x_wconf 89' lang='lat'><strong>11,</strong></span> <span class='ocrx_word' id='word_1_305' title='bbox 1265 2397 1283 2426; x_wconf 88' lang='lat'>3</span> <span class='ocrx_word' id='word_1_306' title='bbox 1299 2405 1348 2434; x_wconf 75' lang='lat' dir='ltr'><strong>sq.</strong></span> <span class='ocrx_word' id='word_1_307' title='bbox 1443 2396 1482 2435; x_wconf 85' lang='lat'><strong>2)</strong></span> 
     </span>
     <span class='ocr_line' id='line_1_39' title="bbox 153 2441 1483 2479; baseline -0.002 -4"><span class='ocrx_word' id='word_1_308' title='bbox 153 2444 328 2475; x_wconf 72' lang='lat' dir='ltr'><strong>ttatocum</strong></span> <span class='ocrx_word' id='word_1_309' title='bbox 343 2441 476 2473; x_wconf 90' lang='lat' dir='ltr'><strong>emend.</strong></span> <span class='ocrx_word' id='word_1_310' title='bbox 491 2441 615 2479; x_wconf 81' lang='lat' dir='ltr'><strong>Rheu.3</strong></span> <span class='ocrx_word' id='word_1_311' title='bbox 635 2441 689 2474; x_wconf 83' lang='lat' dir='ltr'><strong>ed.</strong></span> <span class='ocrx_word' id='word_1_312' title='bbox 704 2443 728 2471; x_wconf 86' lang='grc' dir='ltr'><strong>Ι.</strong></span> <span class='ocrx_word' id='word_1_313' title='bbox 744 2443 785 2472; x_wconf 78' lang='lat' dir='ltr'><strong>et</strong></span> <span class='ocrx_word' id='word_1_314' title='bbox 809 2441 1134 2473; x_wconf 64' lang='lat' dir='ltr'><strong>inenarrabile.&gt;</strong></span> <span class='ocrx_word' id='word_1_315' title='bbox 1167 2441 1483 2479; x_wconf 70' lang='lat' dir='ltr'><strong>laenam-abite,</strong></span> 
     </span>
     <span class='ocr_line' id='line_1_40' title="bbox 155 2483 1480 2533; baseline -0.002 -12"><span class='ocrx_word' id='word_1_316' title='bbox 155 2489 263 2528; x_wconf 72' lang='lat' dir='ltr'><strong>quod</strong></span> <span class='ocrx_word' id='word_1_317' title='bbox 288 2491 355 2520; x_wconf 85' lang='lat' dir='ltr'><strong>etc.</strong></span> <span class='ocrx_word' id='word_1_318' title='bbox 404 2490 491 2519; x_wconf 77' lang='lat' dir='ltr'><strong>iren.</strong></span> <span class='ocrx_word' id='word_1_319' title='bbox 518 2488 540 2518; x_wconf 92' lang='lat' dir='ltr'><strong>l.</strong></span> <span class='ocrx_word' id='word_1_320' title='bbox 565 2487 589 2517; x_wconf 87' lang='lat' dir='ltr'><strong>l.</strong></span> <span class='ocrx_word' id='word_1_321' title='bbox 607 2483 761 2533; x_wconf 80' lang='grc' dir='ltr'><strong><em>ἀῤῥητός</em></strong></span> <span class='ocrx_word' id='word_1_322' title='bbox 778 2497 815 2518; x_wconf 76' lang='grc' dir='ltr'><strong>τε</strong></span> <span class='ocrx_word' id='word_1_323' title='bbox 833 2486 893 2518; x_wconf 81' lang='grc' dir='ltr'><strong>καὶ</strong></span> <span class='ocrx_word' id='word_1_324' title='bbox 908 2483 1161 2525; x_wconf 81' lang='grc' dir='ltr'><strong><em>ἆνονόμαστος.</em></strong></span> <span class='ocrx_word' id='word_1_325' title='bbox 1269 2490 1305 2528; x_wconf 83' lang='grc'><strong>3)</strong></span> <span class='ocrx_word' id='word_1_326' title='bbox 1330 2489 1424 2520; x_wconf 80' lang='lat' dir='ltr'><strong>Pam.</strong></span> <span class='ocrx_word' id='word_1_327' title='bbox 1446 2492 1480 2519; x_wconf 72' lang='lat' dir='ltr'><strong>et</strong></span> 
     </span>
     <span class='ocr_line' id='line_1_41' title="bbox 156 2530 1482 2579; baseline -0.001 -12"><span class='ocrx_word' id='word_1_328' title='bbox 156 2536 228 2576; x_wconf 75' lang='lat' dir='ltr'><strong>mg.</strong></span> <span class='ocrx_word' id='word_1_329' title='bbox 252 2535 470 2566; x_wconf 77' lang='lat' dir='ltr'><strong>addiderunt:</strong></span> <span class='ocrx_word' id='word_1_330' title='bbox 497 2533 700 2572; x_wconf 81' lang='lat' dir='ltr'><strong>triginta,</strong></span> <span class='ocrx_word' id='word_1_331' title='bbox 728 2543 770 2564; x_wconf 85' lang='lat' dir='ltr'><strong>ex</strong></span> <span class='ocrx_word' id='word_1_332' title='bbox 794 2535 882 2564; x_wconf 73' lang='lat' dir='ltr'><strong>[ren.</strong></span> <span class='ocrx_word' id='word_1_333' title='bbox 906 2535 936 2574; x_wconf 88' lang='lat'><strong>1,</strong></span> <span class='ocrx_word' id='word_1_334' title='bbox 964 2535 1019 2575; x_wconf 85' lang='lat'><strong>11,</strong></span> <span class='ocrx_word' id='word_1_335' title='bbox 1046 2536 1077 2564; x_wconf 89' lang='lat'><strong>2.</strong></span> <span class='ocrx_word' id='word_1_336' title='bbox 1099 2530 1174 2566; x_wconf 81' lang='grc' dir='ltr'><strong>ἀπὸ</strong></span> <span class='ocrx_word' id='word_1_337' title='bbox 1198 2532 1266 2565; x_wconf 78' lang='grc' dir='ltr'><strong>τῶν</strong></span> <span class='ocrx_word' id='word_1_338' title='bbox 1291 2531 1482 2579; x_wconf 76' lang='grc' dir='ltr'><em>τριάκοντα</em></span> 
     </span>
     <span class='ocr_line' id='line_1_42' title="bbox 155 2579 1481 2619; baseline 0 -7"><span class='ocrx_word' id='word_1_339' title='bbox 155 2579 310 2613; x_wconf 62' lang='lat' dir='ltr'><strong>Aluit-om.</strong></span> <span class='ocrx_word' id='word_1_340' title='bbox 405 2580 438 2619; x_wconf 79' lang='lat'><strong>4)</strong></span> <span class='ocrx_word' id='word_1_341' title='bbox 465 2579 568 2610; x_wconf 83' lang='lat' dir='ltr'><strong>Rhen.</strong></span> <span class='ocrx_word' id='word_1_342' title='bbox 584 2589 672 2611; x_wconf 81' lang='lat' dir='ltr'><strong>corr.</strong></span> <span class='ocrx_word' id='word_1_343' title='bbox 694 2580 985 2611; x_wconf 81' lang='lat' dir='ltr'><strong>venientibus.</strong></span> <span class='ocrx_word' id='word_1_344' title='bbox 1035 2580 1180 2612; x_wconf 72' lang='lat' dir='ltr'><strong>PameL:</strong></span> <span class='ocrx_word' id='word_1_345' title='bbox 1205 2580 1251 2611; x_wconf 87' lang='lat' dir='ltr'><strong>de</strong></span> <span class='ocrx_word' id='word_1_346' title='bbox 1277 2582 1481 2612; x_wconf 74' lang='lat' dir='ltr'><strong>substan-</strong></span> 
     </span>
    </p>
   </div>
  </div>
 </body>
</html>
