1566 2808
135 226 244 264 104
395 227 520 259 ADV.
557 225 916 258 MARCIONEM
951 226 1127 257 LIBER
1168 226 1208 256 Π.

253 323 322 363 25.
374 319 452 358 Iam
478 333 598 366 nunc,
631 325 673 357 ut
705 320 831 357 omnia
856 317 1043 358 eiusmodi
1069 317 1290 370 expediam,
1322 314 1372 355 ad
1398 327 1464 355 ce-

139 385 241 416 teras
267 377 496 429 pusillitates
523 383 562 415 et
586 376 827 415 infirmitates
852 383 892 415 et
921 376 1256 427 incongruentias,
1289 380 1332 412 ut
1355 379 1465 426 puta-

137 437 205 482 tis,
256 433 567 486 interpretandas
616 432 908 485 purgandasque
957 432 1196 485 pertendam.
1281 431 1467 470 Inclamat

138 492 250 531 deus:
288 490 431 539 Adam,
470 490 535 530 ubi
560 494 627 529 es?
651 491 802 529 scilicet
827 492 1008 542 ignorans
1031 490 1098 537 ubi
1124 497 1244 536 esset,
1271 495 1329 536 et,
1356 501 1467 526 caus-

138 557 222 589 sato
249 548 433 587 nuditatis
464 547 631 601 pudore,
670 562 717 586 an
744 547 791 586 de
823 548 964 586 arbore
991 554 1200 598 gustasset,
1237 547 1466 596 interrogat,

138 608 292 646 scilicet
316 608 499 645 incertus.
562 606 642 643 Imo
669 619 741 644 nec
774 606 944 644 incertus
976 603 1148 650 admissi,
1187 617 1259 643 nec
1285 604 1468 654 ignorans

138 665 232 702 loci.
266 664 471 702 Enimvero
499 663 707 715 oportebat
732 662 972 702 conscientia
997 662 1150 713 peccati
1176 660 1469 699 delitescentem

139 729 339 760 evocatum
366 721 524 772 prodire
551 722 589 758 in
616 728 864 772 conspectum
897 719 1058 766 domini,
1097 732 1172 756 non
1199 718 1282 756 sola
1306 717 1470 756 nominis

137 779 423 825 inclamatione,
451 777 519 816 se‘d
542 791 625 815 cum
652 778 778 829 aliqua
803 778 875 815 iam
900 784 986 814 tunc
1009 776 1162 816 admissi
1183 775 1468 826 suggillatione.

137 835 225 875 Nec
252 836 351 874 enim
378 835 541 887 simplici
567 833 701 881 modo,
735 833 774 872 id
801 841 859 872 est
884 834 1188 884 interrogatorio
1214 846 1309 871 sono
1337 832 1470 883 legen-

141 892 227 931 dum
255 899 333 931 est:
365 891 509 938 Adam,
547 891 612 929 ubi
639 890 800 930 estsed
826 892 1012 943 impresso
1040 897 1080 928 ct
1104 890 1257 928 incusso
1285 895 1325 927 et
1349 889 1470 941 impu-

138 951 281 988 tativo:
319 948 463 996 Adam,
491 949 555 987 ubi
582 951 649 987 es?
673 948 711 986 id
737 956 807 995 est,
835 950 873 986 in
899 947 1117 999 perditione
1144 960 1205 994 es,
1232 945 1272 985 id
1297 953 1368 993 est,
1396 947 1470 985 iam

139 1007 203 1045 hic
230 1020 306 1045 non
333 1020 393 1054 es,
420 1014 462 1044 ut
487 1013 526 1045 et
551 1005 777 1058 increpandi
803 1012 843 1044 ct
868 1004 1024 1044 dolendi
1051 1006 1175 1043 exitus
1200 1017 1276 1043 vox
1301 1004 1362 1042 sit.
1397 1003 1471 1042 Ce-

139 1071 264 1102 terum
303 1065 365 1115 qui
403 1071 522 1102 totum
562 1064 692 1101 orbem
733 1062 1026 1114 comprehendit
1062 1075 1174 1100 manu
1198 1062 1304 1100 velut
1328 1059 1470 1107 nidum,

143 1122 249 1159 cuius
288 1121 438 1158 coelum
475 1121 635 1158 thronus
672 1127 711 1158 et
748 1128 853 1158 terra
889 1120 1116 1166 scabellum,
1155 1119 1329 1157 nimirum
1361 1118 1472 1157 huius

144 1178 279 1216 oculos
305 1178 431 1229 aliqua
452 1176 620 1229 paradisi
639 1177 768 1228 portio
790 1183 978 1223 evaserat,
1007 1177 1205 1228 quominus
1231 1176 1286 1214 illi
1311 1175 1473 1215 ubieun-

144 1248 215 1287 que
240 1233 364 1272 Adam
391 1242 479 1273 ante
506 1235 774 1273 evocationem
809 1235 1000 1272 viseretur
1030 1241 1106 1272 tam
1138 1234 1261 1272 latens
1287 1246 1396 1285 quam
1424 1232 1472 1272 de

141 1291 354 1331 interdicta
388 1292 499 1342 fruge
538 1294 713 1330 sumens?
774 1290 1067 1344 Speculatorem
1103 1291 1239 1330 vineae
1276 1291 1338 1330 vel
1369 1291 1473 1330 horti

142 1351 198 1387 tui
225 1350 332 1400 lupus
358 1357 424 1387 aut
448 1350 670 1387 furunculus
696 1363 771 1387 non
797 1350 910 1397 latet3
949 1349 1059 1387 deum
1085 1355 1176 1400 puto
1204 1348 1252 1389 de
1277 1348 1474 1388 sublimio-

143 1406 248 1444 ribus
287 1407 540 1445 oculatiorem
578 1405 720 1457 aliquid
764 1407 928 1444 subiecti
970 1407 1186 1458 praeterire
1230 1419 1307 1444 non
1342 1418 1471 1457 posse.

146 1462 283 1509 Stulte,
314 1464 376 1514 qui
403 1469 547 1501 tantum
574 1470 837 1514 argumentum
864 1462 1014 1501 divinae
1041 1464 1252 1501 maiestatis
1278 1469 1317 1502 et
1342 1463 1473 1501 huma-

143 1533 216 1559 nae
249 1521 512 1559 instructionis
545 1533 638 1558 naso
670 1521 766 1571 agis.
829 1519 1101 1571 Interrogabat
1132 1519 1244 1565 deus,
1283 1521 1391 1572 quasi
1415 1521 1473 1558 in-

145 1585 292 1625 certus,
320 1585 362 1616 ut
387 1585 427 1616 et
451 1578 513 1616 hic
540 1578 653 1617 liberi
686 1578 836 1615 arbitrii
861 1577 1029 1629 probans
1054 1578 1246 1616 hominem
1272 1578 1310 1615 in
1337 1590 1474 1616 caussa

144 1642 211 1674 aut
235 1636 454 1686 negationis
479 1642 543 1674 aut
570 1635 824 1674 confessionis
857 1634 970 1674 daret
1001 1636 1037 1673 ei
1063 1635 1188 1674 locum
1215 1641 1353 1687 sponte
1379 1647 1474 1673 con-

144 1691 278 1731 fitendi
317 1692 498 1731 delictum
536 1699 576 1731 et
612 1693 686 1730 hoc
724 1693 876 1731 nomine
914 1691 1132 1740 relevandi,
1171 1692 1271 1731 sicut
1294 1690 1349 1731 de
1376 1692 1475 1731 Cain

144 1750 376 1796 sciscitatur,
403 1750 555 1788 ubinam
575 1750 697 1789 frater
716 1751 810 1796 eius,
839 1751 946 1801 quasi
971 1763 1047 1787 non
1073 1750 1146 1787 iam
1171 1749 1427 1789 vociferatum
1450 1762 1474 1814 a

143 1814 251 1847 terra
276 1808 499 1858 sanguinem
525 1805 661 1845 Abelis
686 1806 875 1852 audisset,
903 1805 971 1844 sed
996 1814 1037 1844 ut
1063 1813 1103 1845 et
1126 1806 1190 1845 illc
1216 1806 1380 1846 haberet
1403 1819 1474 1859 po-

143 1871 323 1903 testatem
361 1878 411 1903 ex
448 1863 583 1903 eadem
620 1864 770 1902 arbitrii
807 1870 1000 1916 potestate
1038 1862 1174 1916 sponte
1206 1856 1377 1915 negandi
1405 1863 1474 1903 de—

144 1921 228 1959 licti
254 1928 294 1959 et
318 1922 393 1959 hoc
426 1923 577 1959 nomine
611 1920 814 1972 gravandi,
853 1929 967 1973 atque
999 1922 1052 1968 ita
1077 1921 1187 1959 nobis
1213 1919 1475 1960 conderentur

145 1979 322 2030 exempla
354 1978 658 2017 confitendorum
690 1980 818 2030 potius
850 1978 1098 2026 delictorum,
1138 1991 1248 2030 quam
1273 1977 1474 2030 negando-

144 2049 247 2082 rum3
285 2042 327 2073 ut
358 2037 432 2073 iam
464 2043 553 2074 tunc
586 2037 805 2074 initiaretur
837 2037 1063 2087 evangelica
1095 2035 1290 2075 doctrina:
1329 2049 1378 2074 ex
1404 2048 1472 2074 ore

144 2100 210 2131 tuo
243 2092 514 2131 iustificaberis
546 2100 585 2131 et
622 2106 671 2131 ex
709 2107 776 2132 ore
815 2101 880 2132 tuo
913 2092 1213 2142 damnaberis1).
1274 2091 1374 2131 Nam
1399 2094 1474 2132 etsi

143 2148 269 2189 Adam
306 2157 468 2202 propter
499 2157 635 2188 statum
668 2151 766 2201 legis
798 2150 949 2189 deditus
974 2151 1087 2188 morti
1114 2155 1190 2196 est,
1219 2149 1298 2202 *sed
1323 2162 1411 2202 spes
1435 2151 1491 2196 ei,

139 2208 251 2248 salva
275 2215 352 2254 est,
393 2206 546 2246 dicente
574 2206 747 2245 domino:
787 2221 882 2246 ecce
907 2206 1031 2246 Adam
1057 2208 1183 2246 factus
1209 2213 1270 2246 est
1295 2214 1473 2260 tanquam

146 2279 240 2304 unus
266 2278 316 2304 ex
340 2265 450 2303 nobis
464 2266 516 2313 2),
545 2264 592 2303 de
618 2265 746 2303 futura
771 2265 921 2303 scilicet
947 2265 1153 2304 allectione
1174 2263 1338 2304 hominis
1356 2266 1395 2303 in
1415 2264 1473 2303 di-

144 2324 355 2361 vinitatem.
418 2321 591 2374 Denique
625 2321 714 2374 quid
746 2323 940 2374 sequitur?
999 2322 1051 2360 Et
1081 2335 1200 2369 nunc,
1239 2335 1287 2361 ne
1320 2320 1470 2374 quando

147 2379 330 2419 extendat
360 2393 509 2418 manum
542 2387 581 2418 et
613 2386 735 2418 sumat
767 2379 815 2418 de
847 2380 951 2431 ligno
987 2380 1089 2419 vitae
1121 2386 1162 2418 et
1196 2379 1300 2419 vivat
1334 2379 1374 2417 in
1405 2391 1472 2417 ae-

144 2450 243 2475 vum.
306 2437 558 2489 Interponens
585 2438 703 2475 enim:
731 2444 771 2475 et
795 2450 912 2485 nunc,
938 2437 1153 2488 praesentis
1180 2435 1361 2487 temporis
1384 2448 1473 2474 ver-

146 2494 247 2542 bum,
285 2495 537 2547 temporalem
564 2501 603 2534 et
634 2493 682 2533 ad
712 2507 898 2547 praesens
930 2493 1153 2547 dilationem
1189 2493 1291 2541 vitae
1329 2493 1470 2532 fecisse

243 2618 279 2662 1)
305 2611 566 2664 Matth.12‚37'.
662 2623 699 2661 2)
725 2623 809 2653 Gen.
824 2623 855 2665 ³,
871 2624 925 2655 22.
