1604 2800
653 169 726 201 DE
761 170 958 201 AN1MA.
1364 168 1467 211 229

153 262 231 301 bile
252 261 337 307 situ,
365 260 474 312 quale
496 267 583 299 ante
602 261 716 299 vitam
737 262 866 308 iacuit,
894 268 933 300 et
953 260 1062 312 quale
1082 266 1168 312 post
1185 260 1300 300 vitam
1314 261 1468 310 iacebit,

153 326 196 358 ut
227 318 467 357 testationem
504 318 688 369 plasticae
721 325 760 356 et
790 318 1006 369 sepulturae
1044 324 1272 370 exspectans
1308 319 1469 357 animam

154 377 260 427 quasi
286 373 450 413 nondum
477 375 654 413 collatam
680 381 720 413 et
745 376 849 426 quasi
880 376 953 413 iam
986 382 1168 426 ereptam.
1237 373 1315 413 Sed
1340 381 1381 413 et
1404 375 1470 414 illa

153 433 209 470 sic
233 433 387 484 patitur,
414 438 455 469 ut
479 431 569 469 alibi
595 445 712 482 agere
736 431 928 478 videatur,
963 430 1262 470 dissimulatione
1288 444 1470 483 praesen—

153 491 231 532 tiae
255 489 417 526 futuram
443 489 652 527 absentiam
678 488 865 527 ediscens.
903 488 953 527 Et
972 495 1096 526 tamen
1122 489 1273 526 interim
1293 489 1468 535 somniat,

154 559 226 584 nec
252 546 432 597 quiescit,
466 559 537 584 nec
563 546 776 596 ignavescit
801 546 972 592 omnino,
1010 558 1081 584 nec
1114 552 1284 583 naturam
1316 546 1470 584 immor-

152 603 311 641 talitatis
337 615 483 640 servam
509 604 639 653 sopori
665 602 820 640 addicit.
864 602 1008 641 Probat
1032 615 1071 640 se
1098 602 1274 640 mobilem
1299 614 1468 654 semper,

151 666 270 706 terra,
291 660 385 697 mari
405 660 684 710 peregrinatur,
711 660 941 710 negotiatur,
969 661 1147 710 agitatur,
1174 659 1335 706 laborat,
1361 658 1468 704 ludit,

152 715 270 762 dolet,
298 715 451 766 gaudet,
474 716 578 753 licita
598 724 710 767 atque
731 717 862 754 illicita
883 717 1135 767 persequitur,
1163 715 1341 761 ostendit,
1370 713 1470 766 quod

153 773 245 810 sine·
262 785 426 827 corpore
453 773 564 809 etiam
591 773 786 822 plurimum
819 773 956 822 possit,
990 770 1090 822 quod
1121 778 1161 809 et
1185 772 1261 808 suis
1286 771 1472 808 instructa

152 829 202 866 sit
221 828 410 873 membris,
437 826 503 865 sed
524 827 764 864 nihilominus
784 829 1052 864 necessitatem
1077 826 1217 864 habeat
1235 838 1364 863 rursus
1385 838 1472 863 cor-

150 885 256 936 poris
275 882 458 934 agitandi.
498 882 554 921 Ita
575 896 658 921 cum
679 883 918 934 evigilaverit
944 895 1095 934 corpus,
1122 881 1311 921 redditum
1338 881 1471 920 officiis

151 942 251 985 eius,
288 941 611 978 resurrectionem
649 947 881 978 mortuorum
918 939 986 977 tibi
1023 939 1192 977 affirmat.
1266 938 1372 977 Haec
1398 939 1473 976 erit

151 997 273 1036 somni
304 1004 343 1035 et
372 998 471 1035 ratio
508 997 691 1034 naturalis
723 1003 762 1034 et
791 1003 926 1034 natura
962 996 1171 1033 rationalis.
1243 994 1365 1032 Etiam
1402 1006 1474 1045 per

151 1054 354 1104 imaginem
379 1053 512 1090 mortis
538 1051 648 1090 fidem
675 1053 849 1097 initiaris,
876 1064 980 1102 spem
1006 1049 1212 1096 meditaris,
1240 1049 1355 1088 discis
1375 1050 1470 1087 mori

154 1116 194 1148 et
216 1110 360 1155 vivere,
387 1108 503 1146 discis
528 1109 701 1158 vigilare,
730 1107 814 1146 dum
841 1106 995 1145 dormis.

213 1180 218 1202 ;
266 1166 386 1214 44.1)
449 1165 626 1202 Ceterum
660 1163 707 1202 de
733 1163 980 1202 Hermotimo.
1042 1161 1198 1207 Anima,
1230 1169 1271 1200 ut
1300 1162 1470 1207 aiunt,2)

152 1223 191 1260 in
217 1228 348 1260 somno
375 1221 551 1268 carebat,
592 1222 697 1272 quasi
733 1234 803 1272 per
834 1221 1076 1258 occasionem
1106 1220 1279 1269 vagaturi
1310 1216 1472 1256 hominis

154 1276 424 1332 proficiscente
451 1277 497 1315 de
525 1290 701 1328 corpore.
752 1277 858 1314 Uxor
884 1277 955 1314 hoc
981 1275 1160 1327 prodidit.
1211 1274 1356 1313 Inimici
1382 1273 1474 1311 dor·

154 1336 333 1384 mientem
359 1331 462 1372 nacti
487 1348 557 1386 pro
585 1333 766 1372 defuncto
793 1339 1070 1371 cremaverunt.
1131 1331 1321 1381 Regressa
1348 1331 1473 1367 anima

154 1390 314 1438 tardius,
341 1390 472 1440 credo,
499 1390 741 1429 homicidium
768 1389 838 1427 sibi
863 1389 1072 1439 imputavit.
1111 1387 1224 1425 Cives
1238 1387 1474 1424 Clazomenii

139 1447 428 1486 -Her'motimuin
452 1448 593 1498 templo
621 1446 878 1484 consolantur.
916 1444 1056 1482 Mulier
1080 1456 1154 1480 non
1179 1442 1259 1480 adit
1279 1443 1326 1480 ob
1347 1449 1474 1480 notam

153 1505 314 1553 uxorisssj‘
337 1504 521 1551 Quorsum
542 1502 667 1541 istud?
690 1509 744 1548 ut,
772 1502 858 1553 quia
883 1513 958 1538 non
983 1500 1099 1538 facile
1125 1506 1184 1537 est
1206 1500 1320 1550 vulgo
1342 1498 1476 1537 existi-

154 1573 269 1599 mare.
290 1561 548 1599 secessionem
574 1560 723 1597 animae
749 1571 834 1596 esse
860 1557 1064 1606 somnium,
1096 1556 1170 1594 hoc
1203 1568 1351 1607 quoque
1378 1555 1475 1593 Her-

153 1617 299 1656 motimi
324 1623 548 1667 argumento
575 1614 782 1654 credulitas
807 1615 1048 1653 subornetur.
1090 1611 1217 1649 Genus
1242 1613 1368 1649 fuerat
1387 1624 1476 1661 gra-

152 1675 272 1712 vioris
304 1674 497 1723 aliquanto
529 1673 698 1722 soporis,
735 1678 777 1708 ut
808 1669 855 1707 de
886 1669 1076 1706 incubone
1113 1668 1370 1719 praesumptio
1402 1673 1473 1709 est,

153 1730 216 1767 vel
242 1728 290 1766 de
315 1741 361 1766 ea
385 1726 613 1765 valetudinis
638 1727 736 1771 labe,
751 1727 790 1772 3)
818 1737 926 1775 quam
953 1720 1122 1760 Soranus
1148 1724 1317 1773 opponit,
1344 1722 1476 1759 exclu-

158 1784 253 1822 dens
271 1783 513 1828 incubonem,
539 1789 604 1819 aut
626 1782 703 1819 tale
730 1779 817 1831 quid
843 1780 937 1825 vitii,
965 1778 1065 1830 quod
1085 1779 1198 1816 etiam
1214 1776 1476 1829 Epimenidem

143 1841 198 1879 >in
211 1840 375 1878 fabulam
390 1839 547 1889 impegit
561 1838 830 1888 quinquaginta
842 1848 965 1887 paene
985 1848 1106 1873 annos
1123 1835 1474 1881 somniculosum.⁴)

160 1895 239 1935 Sed
265 1903 306 1934 et
328 1894 523 1934 Neronem
550 1893 754 1932 Suetonius
767 1894 804 1942 ⁵)
837 1899 876 1931 et
898 1890 1183 1930 Thrasimedem
1208 1890 1479 1942 Theopompus·

159 1959 304 2004 negant
326 1964 488 2003 unquam
514 1951 734 1996 somniasse,
760 1950 830 1987 nisi
850 1950 913 1987 vix
931 1948 1126 1987 Neronem
1151 1948 1189 1985 in
1214 1948 1345 1985 ultimo
1372 1947 1478 1985 exitu

158 2016 248 2062 post
270 2021 433 2061 pavores
453 2020 551 2046 suos.
591 2005 702 2054 Quid,
728 2007 760 2044 si
780 2013 819 2044 et
833 2005 1087 2048 Hermotimus
1106 2005 1159 2042 ita
1184 2004 1266 2050 fnit,
1292 2011 1333 2042 ut
1358 2006 1478 2042 otium

159 2067 308 2105 animae
323 2065 414 2103 nihil
435 2064 628 2115 operantis
640 2064 678 2101 in
692 2064 831 2101 somnis
849 2062 1050 2100 divortium
1071 2060 1319 2100 crederetur?
1344 2059 1477 2098 Omnia

159 2127 282 2172 magis
311 2122 526 2166 coniectes,
560 2133 668 2171 quam
699 2121 808 2158 istam
840 2119 1031 2157 licentiam
1061 2118 1209 2156 animae
1241 2118 1322 2154 sine
1354 2124 1479 2154 morte

160 2179 357 2229 fugitivae,
384 2184 424 2216 et
449 2175 598 2228 quidem
623 2188 672 2214 ex
695 2176 816 2213 forma
843 2176 1070 2213 continuam.
1111 2173 1152 2211 Si
1173 2174 1270 2212 enim
1290 2173 1367 2210 tale
1388 2171 1478 2222 quid

162 2235 280 2273 semel
305 2233 483 2272 accidere
510 2231 670 2278 dicatur,
702 2238 744 2270 ut
768 2231 970 2282 deliquium
996 2231 1086 2269 solis
1111 2237 1175 2268 aut
1200 2230 1328 2273 lunae,
1360 2228 1413 2265 ita
1438 2234 1478 2265 et

165 2292 325 2338 animae,
351 2303 442 2329 sane
462 2288 717 2342 persuaderer
735 2287 912 2327 divinitus
931 2288 1090 2334 factum,
1124 2297 1336 2336 congruere
1363 2284 1475 2331 enim,

258 2435 294 2480 1)
315 2438 387 2469 Hoc
402 2447 474 2477 cap.
494 2437 527 2468 in
550 2437 622 2468 edd.
637 2437 742 2467 Rhen.
760 2436 804 2467 et.
820 2436 892 2467 Get.
910 2435 1123 2469 inscribitur:
1149 2434 1204 2463 De
1230 2432 1479 2463 Hermotimi

164 2484 311 2518 anima.
408 2482 445 2526 2)
465 2483 567 2513 Plinii
584 2484 662 2514 hist.
682 2484 752 2513 nat.
767 2483 798 2520 7,
814 2483 867 2512 52.
963 2479 1003 2523 3)
1015 2481 1087 2519 Rig.
1110 2479 1173 2508 vel
1194 2477 1479 2516 valetudinis,

165 2539 243 2568 qua
253 2539 284 2560 m
303 2531 367 2560 etc.
460 2527 493 2567 4)
507 2528 593 2560 Plin.
606 2528 686 2558 hist.
699 2530 770 2558 nat.
785 2528 816 2567 Ἰ,
832 2528 884 2558 52.
980 2527 1014 2565 5)
1030 2526 1123 2556 suet.
1138 2525 1217 2554 Ner.
1229 2524 1283 2554 46.
