1604 2800
156 176 259 214 210
675 174 980 206 DEANIMA.

157 270 297 310 mortui
335 281 384 307 ex
418 268 534 314 vivis,
572 264 721 305 idcirco
758 278 912 318 semper
949 279 999 305 ex
1033 266 1152 305 vivis?
1203 263 1284 305 Aut
1317 267 1416 306 enim
1448 268 1486 306 in

158 335 332 378 utraque.
355 332 464 378 parte
502 325 626 363 forma
664 324 763 362 initii
801 331 1107 376 perseverasset,
1151 330 1217 362 aut
1252 325 1486 377 inutraque

157 391 363 430 mutasset,
401 389 443 422 ut
472 383 504 421 si
534 383 642 420 vivos
674 394 724 421 ex
755 383 913 420 mortuis
951 387 1086 448 postea
1124 381 1209 420 fieri
1246 388 1506 434 oportuerak

157 440 317 494 perinde
356 447 558 492 oporteret
593 440 709 478 etiam
746 452 822 477 non
854 452 903 479 ex
933 440 1027 478 vivis
1065 438 1164 478 effici
1201 445 1384 478 mortuos.
1446 437 1490 478 Si

156 513 232 538 non
275 510 515 551 peraequare
558 496 722 536 deberet
771 495 864 536 fides
912 497 1180 544 iustitutionis,
1231 507 1308 536 non
1349 509 1490 550 usque·

157 569 306 609 quaque
334 556 531 595 contraria
556 568 606 594 ex
631 555 837 594 contrariis
861 555 1066 594 reformari
1091 555 1295 593 alternant.
1344 553 1396 593 Et
1419 567 1490 593 nos

156 616 257 653 enim
285 626 521 666 opponemus
548 613 847 652 contrarietates
873 613 951 651 nati
977 620 1016 651 et
1041 613 1173 660 innati,
1199 612 1427 651 visualitatis
1451 617 1492 650 et

156 673 378 718 caecitatis,
417 672 594 710 iuventae
620 677 662 709 et
683 677 887 717 senectae,
925 671 1137 722 sapientiae
1163 677 1203 709 et
1226 669 1489 722 insipienti-‘¹133

156 742 229 769 nec
255 736 382 767 tamen
408 727 496 766 ideo
523 730 689 766 innatum
711 726 758 766 de
781 734 869 766 nato
896 728 1114 780 provenire,
1142 728 1229 780 quia
1255 727 1491 766 contrarium

157 798 208 824 ex
232 786 429 824 contrario
459 786 535 831 liat,
563 798 635 823 nec
662 785 915 824 visualitatem
941 786 1078 824 iterum
1100 798 1150 824 ex
1170 785 1376 832 caecitate,
1402 784 1492 837 quia

156 841 206 881 de
242 843 459 880 visualitate
503 842 673 880 caecitas
717 841 890 887 accidat,
935 855 1007 881 nec
1045 844 1237 881 iuventam
1273 855 1404 881 rursus
1442 840 1491 880 de

157 906 318 939 senecta
342 900 590 945 reviviscere,
618 899 705 949 quia
730 910 780 936 ex
805 898 957 936 iuventa
982 906 1142 937 senecta
1161 905 1390 946 marcescat,
1416 910 1490 937 nec

158 957 414 1009 insipientiam
441 969 491 994 ex
514 956 705 1007 sapientia
730 954 856 994 denuo
883 955 1054 1003 obtendi,
1083 957 1170 1007 quia
1197 969 1248 995 ex
1272 956 1494 1008 insipientie

158 1015 348 1066 sapientia
384 1019 556 1052 acuatur.
637 1012 742 1051 Haec
780 1019 821 1051 et
856 1010 1017 1051 Albinus
1054 1012 1206 1050 Platoni
1241 1025 1311 1051 suo
1347 1013 1493 1052 veritus

158 1071 351 1110 subtiliter
383 1071 532 1122 quaerit
564 1070 881 1108 contrarietatum
914 1082 1060 1121 genera
1090 1068 1348 1121 distinguere,
1386 1070 1494 1122 quasi

158 1142 233 1166 non
265 1135 306 1167 et
335 1128 433 1166 haec
471 1135 546 1166 tam
583 1126 758 1165 absolute
796 1127 834 1164 in
865 1126 1204 1166 contrarietatibus
1239 1127 1367 1179 posita
1402 1128 1492 1174 sint,

158 1199 268 1238 quam
294 1192 334 1224 et
359 1185 437 1232 illa,
465 1197 561 1237 quae
587 1183 635 1223 ad
655 1185 886 1223 sententiam
905 1185 1078 1236 magistri
1098 1186 1155 1223 sui
1176 1186 1492 1237 interpretantur,

156 1244 273 1282 vitam
299 1242 387 1282 dico
414 1249 455 1281 et
479 1249 653 1281 mortem.
704 1241 789 1281 Nec
816 1248 943 1281 tamen
969 1255 1020 1282 ex
1043 1249 1166 1281 morte
1190 1242 1270 1282 vita
1293 1240 1492 1290 reddatur,

159 1301 246 1352 quia
273 1313 322 1338 ex
344 1301 423 1338 vita
448 1313 550 1338 mors
576 1298 788 1338 deteratur.
1477 1332 1480 1336 .

275 1360 343 1398 30.
385 1356 483 1403 Quid
504 1364 631 1395 autem
645 1355 694 1394 ad
715 1363 848 1395 cetera
869 1355 1209 1408 respondebimus?
1243 1356 1372 1396 Primo
1393 1356 1492 1396 enim

159 1414 192 1451 si
206 1426 256 1452 ex
269 1414 426 1451 mortuis
445 1414 535 1460 vivi,
562 1414 663 1451 sicut
682 1415 820 1451 mortui
841 1427 890 1452 ex
908 1416 1015 1460 vivis,
1046 1427 1140 1453 unus
1162 1416 1315 1453 omnino
1336 1421 1376 1453 et
1394 1412 1494 1452 idem

160 1483 338 1508 numerus
351 1482 503 1520 semper
517 1470 705 1508 haesisset
718 1471 882 1508 omnium
898 1471 1102 1518 hominum,
1118 1472 1182 1510 ille
1198 1472 1351 1511 scilieet
1363 1483 1494 1510 nume-

160 1540 237 1572 rus,
254 1527 315 1577 qui
331 1527 471 1578 primus
490 1527 606 1564 vitam
629 1527 838 1565 introisset.
877 1527 1032 1565 Priores
1053 1529 1152 1567 enim
1167 1542 1217 1567 ex
1231 1530 1392 1568 mortuis
1406 1529 1493 1575 vivi,

162 1582 301 1622 dehinc
323 1584 461 1621 mortui
475 1596 524 1622 ex
537 1584 645 1628 vivis,
669 1590 708 1621 et
728 1595 858 1621 rursus
878 1597 928 1622 ex
947 1585 1106 1622 mortuis
1127 1586 1215 1623 vivi.
1253 1586 1305 1623 Et
1317 1585 1404 1623 dum
1419 1585 1494 1623 hoe

151 1653 314 1692 -semper
334 1654 382 1679 ex
402 1639 548 1688 iisdem,
570 1642 624 1679 ita
640 1639 797 1679 totidem
811 1654 976 1692 semper,
998 1642 1060 1692 qui
1075 1654 1124 1680 ex
1138 1641 1286 1680 iisdem.
1313 1640 1411 1680 Nam
1426 1654 1495 1680 ne-

162 1710 234 1750 que
255 1699 384 1750 plures
403 1705 468 1736 aut
489 1699 693 1749 pauciores
713 1699 896 1745 exissent,
919 1711 1028 1750 quam
1050 1698 1235 1737 redirent.
1280 1698 1495 1738 invenimus

161 1762 288 1794 autem
325 1754 426 1807 apud
463 1755 758 1794 commentarios
796 1756 912 1793 etiam
949 1755 1195 1795 humanarum
1225 1756 1494 1808 antiquitatum

162 1813 342 1864 paulatim
374 1812 574 1851 humanum
607 1825 728 1863 genus
766 1813 1018 1860 exuberasse,
1057 1812 1144 1852 dum
1181 1813 1403 1865 aborigines
1434 1813 1496 1853 vel

162 1871 250 1921 vagi
280 1870 341 1908 vel
374 1877 552 1908 extorres
582 1870 643 1908 vel
674 1870 836 1921 gloriosi
870 1872 1007 1922 quique
1047 1878 1238 1922 occupant
1273 1878 1420 1918 terras,
1454 1876 1496 1910 ut

165 1926 335 1979 Scythae
344 1926 556 1974 Parthicas,
567 1929 603 1974 ¹)
620 1934 659 1964 ut
672 1926 905 1966 Temenidae
918 1928 958 1974 2)
984 1927 1303 1979 Peloponnesum,
1319 1935 1360 1966 ut
1372 1927 1495 1967 Athe-

165 1985 317 2023 nienses
343 1983 493 2031 Asiam,
527 1992 568 2022 ut
599 1984 772 2036 Phryges
799 1984 966 2032 Italiam,
999 1992 1040 2024 ut
1064 1984 1280 2024 Phoenices
1305 1985 1492 2032 Africam,

166 2040 249 2079 dum
264 2042 469 2080 sollemnes
482 2043 596 2080 etiam
613 2043 874 2093 migrationes,
903 2056 995 2095 quas
1013 2043 1208 2094 μετοικίας
1220 2043 1259 2093 ³)
1286 2042 1492 2094 appellant,

165 2100 327 2137 consilio
360 2099 631 2138 exonerandae
663 2100 949 2151 popularitatis,
983 2101 1020 2138 in
1057 2101 1155 2139 alios
1193 2099 1286 2138 fines
1318 2100 1494 2138 examina

166 2157 292 2206 gentis
317 2164 505 2195 eructant.
561 2156 659 2195 Nam
686 2164 726 2195 et
750 2157 971 2208 aborigines
983 2158 1021 2206 4)
1049 2170 1147 2196 nunc
1173 2157 1211 2195 in
1236 2158 1313 2195 suis
1338 2155 1494 2196 sedibus

166 2221 402 2263 permanent,
416 2221 457 2252 et
471 2214 562 2252 alibi
577 2214 736 2266 amplius
750 2215 1003 2265 gentilitatem
1025 2214 1335 2253 foeneraverunt.
1375 2213 1492 2253 Certe

168 2269 316 2320 quidem
343 2272 423 2323 ipse
450 2271 554 2310 orbis
579 2272 617 2309 in
643 2278 794 2322 promtu
819 2279 878 2310 est
897 2272 1038 2311 cultior
1056 2271 1105 2311 de
1126 2271 1188 2311 die
1209 2279 1249 2311 et
1267 2272 1493 2311 instructior

260 2384 295 2421 1)
310 2386 390 2415 Cod.
405 2386 509 2424 Agob.
526 2388 561 2416 et
574 2385 635 2416 edd
664 2394 799 2418 omnes:
819 2387 1063 2426 Parthicam
1084 2386 1158 2418 cod.
1170 2387 1245 2418 Urs.
1259 2385 1490 2426 Parthiam,

169 2428 305 2459 VVouw.
320 2431 569 2461 Parthicam.
642 2432 678 2465 2>
693 2433 743 2461 lta
758 2432 789 2462 h.
798 2433 819 2464 Ι.
835 2433 964 2464 emend.
981 2433 1098 2463 Iunius
1121 2435 1155 2463 et
1169 2432 1360 2463 Salmasius
1378 2430 1418 2466 ad
1433 2430 1489 2462 lib.

169 2472 210 2502 de
226 2473 374 2511 pallioc.
387 2478 433 2515 2.,
460 2477 539 2511 cod.
555 2477 630 2507 U.rs
647 2476 995 2517 etRig.Amyc1ae;
1016 2478 1260 2510 Gel.etPam.·
1287 2480 1331 2508 ut
1353 2475 1490 2507 Meni-

169 2517 242 2548 dae
268 2519 415 2571 Pelop.‚
447 2531 535 2560 quae
554 2523 622 2553 tria
644 2532 696 2552 ιν
722 2522 756 2552 in
782 2524 1256 2564 cod.Ag0b.de=iderantu1-.
1355 2520 1394 2565 8)
1415 2521 1487 2562 mg.

169 2559 342 2600 ἀποικίας.
437 2567 471 2607 4)
483 2568 625 2599 Praeter
638 2568 684 2597 Π
687 2577 775 2602 ouw.
788 2571 823 2600 et
839 2568 913 2610 Rig.
927 2570 999 2602 edd.
1019 2579 1154 2601 omnes:
1179 2568 1383 2609 origines.
