1604 2800
315 209 393 240 DE.
422 208 939 240 RESURRECTIONE
975 209 1206 240 CARNIS.
1319 208 1427 246 1„

93 302 247 350 stro‚¹)
275 301 398 353 qualis
421 301 498 340 ista
519 313 584 340 res
608 308 686 348 est,
725 313 824 352 quae
859 308 948 353 post
977 299 1043 340 dei
1073 300 1256 352 templum
1286 301 1363 340 iam
1385 309 1429 342 et

93 359 313 411 sepulcrum
337 358 481 398 Christi
506 365 637 411 potest
659 358 764 398 dici?
822 358 903 397 Cur
930 365 1058 398 autem
1088 358 1427 398 mortificationem

94 416 238 456 domini
264 417 570 456 circumferimus
594 417 633 455 in
659 419 853 468 corpore?
889 423 932 455 ut
955 424 996 455 et
1019 417 1122 463 vita,
1143 417 1278 469 inquit,
1305 418 1428 456 mani-

93 475 317 525 festetur.²)
376 473 476 513 Ubi?
504 475 543 513 in
570 487 750 527 corpore.
811 474 852 513 In
885 477 986 527 quo?
1019 475 1058 513 in
1089 474 1258 513 mortali.
1318 473 1428 526 Ergo

93 534 133 570 in
159 545 277 571 carne
302 532 417 584 plane
441 533 595 571 mortali
625 531 834 572 secundum
860 532 1032 584 culpam,
1067 531 1138 571 sed
1168 532 1340 573 ettvitali
1364 545 1428 571 se-

95 588 259 629 cundum
285 591 469 642 gratiam,
505 589 595 629 vide
621 598 818 642 quantam,
850 597 894 628 ut
916 591 957 628 in
981 590 1050 629 illa
1071 591 1152 628 vita
1177 589 1322 628 Christi
1346 603 1428 628 ma-

92 647 313 687 nifestetur.
373 647 418 686 ln
440 660 485 686 re
510 661 607 699 ergo
628 649 754 687 aliena
778 648 912 687 salutis
936 649 1021 694 ού)
1036 649 1076 686 ἰιι
1101 647 1315 686 substantia
1337 660 1428 700 per-

93 711 235 757 petuae
261 704 524 744 dissolutionis
548 706 857 744 manifestabitur
878 706 960 744 vita
984 704 1128 743 Christi
1152 710 1335 751 aeterna,
1370 705 1432 743 iu-

94 763 175 814 gis,
211 763 439 814 incorrupta
468 763 543 801 iam
576 762 712 802 et·dei
743 764 848 801 vita?
904 762 985 800 Aut
1009 763 1117 800 cuius
1142 762 1325 813 temporis
1348 762 1431 799 vita

93 819 239 859 domiui
274 819 584 858 manifestabitur
625 821 664 858 i'n
708 832 876 871 corpore
923 821 1086 857 nostro?
1142 818 1213 857 ma
1261 816 1429 870 quidem,

40 891 43 893 ·
94 889 171 930 qua
191 877 292 915 vixit
313 889 433 928 usque
458 877 498 914 in
522 877 754 928 passionem,
781 889 880 928 quae
906 889 984 914 uon
1008 874 1124 914 modo
1148 874 1249 928 apud
1264 874 1431 915 Iudaeos

92 935 134 973 in
169 933 374 973 manifesto
416 934 513 980 fuit,
561 947 694 972 verum
732 935 848 973 etiam
886 933 1062 972 omuibus
1105 947 1206 972 nunc
1250 933 1431 984 gentibus

95 990 251 1045 prodita
285 993 372 1030 est?
440 990 555 1030 Adeo
587 1005 672 1030 eam
703 991 917 1042 siguificat,
955 1004 1053 1042 quae
1084 998 1219 1042 portas
1248 990 1431 1029 adaman-

94 1051 204 1089 tinas
219 1050 358 1088 mortis
381 1055 423 1088 et
445 1061 589 1088 aeneas
614 1062 724 1087 seras
747 1049 959 1087 inferorum
982 1048 1209 1098 infregit,⁴)
1237 1061 1336 1100 quae
1361 1061 1432 1087 ex-

92 1106 184 1146 inde
220 1107 295 1145 iam
332 1113 469 1145 nostra
503 1113 576 1145 est.
635 1105 812 1157 Denique
843 1105 1153 1143 manifestabitur
1181 1106 1222 1143 in
1246 1117 1429 1156 corpore.

96 1162 286 1212 Quando?
308 1170 399 1214 post
421 1170 597 1202 mortem.
649 1161 877 1210 Quomodo?
900 1161 988 1200 dum
1013 1163 1250 1213 resurgimus
1274 1162 1313 1200 in
1339 1175 1432 1200 cor·

95 1227 205 1274 pore,
231 1221 334 1259 sieut
355 1227 397 1258 et
421 1219 613 1258 Christus.
674 1219 737 1258 Ne
762 1221 864 1276 enim
890 1220 973 1271 quis
997 1226 1304 1271 argumentetur,
1328 1232 1431 1258 uuuc

96 1278 244 1318 habere
268 1278 508 1316 manifestari
529 1278 646 1316 vitam
673 1277 796 1316 lesu
785 1291 824 1315 in
850 1290 1020 1329 corpore
1044 1284 1181 1315 nostro
1211 1289 1283 1329 per
1311 1275 1431 1315 disci-

94 1337 237 1389 pli-am
274 1335 492 1374 sanctitatis
527 1341 569 1373 et
604 1336 816 1386 patientiae
847 1342 888 1373 et
918 1335 1089 1373 iustitiae
1120 1342 1162 1373 ct
1196 1335 1431 1386 sapientiae,

97 1393 233 1446 quibus
257 1392 402 1432 domiui
425 1394 507 1431 vita
529 1393 724 1439 floruerit,
750 1391 1086 1444 providentissima
1110 1405 1203 1444 apos
1225 1392 1279 1430 oli
1303 1393 1432 1430 inten-

97 1453 154 1491 tio
182 1452 340 1502 ingerit.
401 1449 445 1488 Si
482 1451 582 1488 enim
619 1463 711 1496 nos,
747 1450 812 1502 qui
839 1450 1019 1495 vivimus,
1056 1450 1095 1487 in
1120 1456 1284 1488 mortem
1309 1447 1432 1487 tradi-

96 1522 186 1548 mur
217 1515 380 1561 propter
415 1507 560 1557 Iesum,
598 1514 640 1545 ut
671 1508 753 1545 vita
782 1507 867 1545 eius
895 1507 1163 1545 manifestetur
1192 1508 1231 1545 in
1262 1519 1431 1559 corpore

95 1573 231 1605 nostro
263 1565 434 1604 mortali.
448 1566 487 1614 ⁵)
548 1563 643 1603 Ideo
669 1564 862 1604 defunctis
886 1563 998 1603 nobis
1022 1564 1097 1603 hoc
1122 1566 1179 1603 ait
1201 1565 1369 1603 futurum
1392 1565 1432 1603 in

97 1636 265 1676 eon-pore
302 1629 453 1661 nostro.
514 1621 662 1670 Quodsi
698 1629 808 1669 tnnc,
858 1620 1051 1674 quomodo
1087 1623 1160 1660 nisi
1197 1622 1431 1661 resuscitato

97 1683 173 1720 eo?
230 1679 401 1720 Proinde
426 1687 469 1718 et
489 1680 529 1718 in
554 1680 746 1718 clausula:
772 1680 956 1725 scientes,
981 1679 1055 1724 ait,
1081 1677 1196 1730 quod,
1222 1680 1287 1730 qui
1311 1679 1432 1716 susci-

97 1739 196 1777 tavit
230 1737 377 1782 Iesum,
414 1743 456 1774 et
490 1749 563 1774 nos
591 1735 795 1774 suscitabit
824 1748 910 1773 cum
940 1734 1045 1786 ipso,
1084 1736 1172 1786 quia
1201 1736 1280 1773 iam
1302 1747 1435 1773 resur-

98 1794 250 1835 rexerit
271 1806 297 1832 a
319 1794 500 1838 mortuis,
513 1793 551 1840 6)
579 1793 652 1830 nisi
683 1793 772 1843 quia
803 1804 888 1829 cum
920 1793 1004 1843 ipso
1035 1792 1136 1830 sicut
1166 1793 1288 1843 ipsum
1318 1792 1431 1844 sapit,

98 1853 135 1892 si
155 1864 252 1892 vero
275 1851 379 1889 sicut
402 1850 537 1901 ipsum,
563 1862 641 1887 ιιοιι
665 1850 798 1900 utique
821 1850 905 1887 sine
931 1861 1065 1887 carne.

179 1929 183 1932 -
213 1911 288 1950 45.
336 1905 417 1946 Sed
441 1913 483 1945 et
506 1919 637 1945 rursus
661 1905 738 1944 alia
763 1907 956 1945 caecitate
981 1907 1019 1944 in
1045 1904 1143 1945 duos
1166 1906 1344 1945 homiues
1372 1907 1432 1945 in-

99 1968 288 2020 pinguat,
307 1966 347 2004 iu
371 1971 544 2003 veterem
567 1971 609 2002 et
632 1964 671 2002 in
694 1976 854 2010 novum,
878 1970 1059 2002 mouente
1083 1963 1285 2016 apostolo,
1311 1962 1434 2016 depo-

99 2036 199 2064 mre
224 2035 297 2062 uos
317 2029 492 2062 veterem
523 2022 736 2068 homiuem,
773 2022 837 2073 qui
869 2022 1129 2073 corrumpitur
1150 2034 1224 2073 per
1247 2022 1433 2074 eoncupi-

99 2081 291 2121 scentiam
321 2078 572 2125 seductionis,
605 2080 788 2118 renovari
808 2085 938 2118 autem
964 2080 1099 2131 spiritu
1123 2092 1279 2126 seusus,
1309 2086 1351 2118 et
1374 2081 1433 2118 in-

104 2137 396 2178 duere‘novum
426 2137 638 2183 hominem,
674 2137 738 2189 qui
773 2136 980 2175 secundum
1012 2135 1125 2176 deum
1156 2136 1334 2175 conditus
1357 2144 1431 2183 est,

100 2198 144 2235 -iu
179 2195 325 2234 iustitia
355 2201 397 2233 et
424 2195 615 2245 religione
644 2193 894 2246 veritatis,‘¹)
924 2201 969 2232 ut
996 2201 1039 2233 et
1060 2194 1124 2233 hic
1149 2193 1199 2232 ad
1224 2193 1318 2232 duas
1343 2193 1433 2232 suli-

105 2254 267 2292 stantias
291 2251 585 2303 distinguendo,
619 2258 851 2290 vetustatem
873 2251 925 2290 ad
948 2265 1122 2298 earnem,
1149 2252 1358 2289 novitatem
1381 2249 1433 2289 ad

105 2312 289 2356 animam,
326 2311 615 2361 corruptionem
650 2316 873 2361 perpennam
902 2310 1028 2348 veteri
1058 2307 1261 2354 defendat,
1295 2306 1336 2346 id
1371 2315 1433 2346 est

108 2369 230 2408 carni.
284 2366 415 2407 Porro
447 2368 479 2405 si
515 2366 724 2405 secundum
759 2366 1009 2414 substautias,-
1047 2379 1119 2404 nec
1157 2366 1282 2403 anima
1311 2378 1432 2404 novus

200 2516 236 2557 1)
261 2518 418 2556 zoor-4,
433 2519 487 2548 1⁰.
581 2517 621 2555 2)
643 2517 689 2549 ib.
707 2518 808 2548 v.11.
901 2517 939 2555 3)
963 2516 1071 2548 Rhea.
1095 2515 1132 2546 in
1156 2514 1209 2546 ed.
1234 2516 1261 2546 t.
1283 2515 1430 2553 saluti,

108 2564 198 2602 ⁸⁸:13
222 2564 361 2595 demde:
386 2563 566 2604 salutis,
590 2564 661 2594 sed
688 2567 755 2595 etc.
850 2563 888 2601 4)
912 2563 969 2593 Pe.
997 2563 1078 2603 tot,
1104 2563 1160 2592 16.
1256 2559 1294 2598 5)
1320 2563 1431 2594 2Cor.

109 2611 143 2649 4,
159 2611 213 2642 11.
307 2611 346 2650 6)
370 2611 414 2641 ib.
428 2619 460 2640 v.
475 2610 530 2640 14.
625 2608 663 2653 7)
690 2610 775 2653 Eph.
790 2611 823 2650 4,
838 2610 880 2639 22
894 2619 965 2648 sqq.
