1566 2808
351 217 876 252 Anv.1uAchoNEM
913 217 1088 248 lquR
1125 218 1164 246 n.
1317 214 1422 251 103

98 310 310 364 telligenda
328 325 440 358 nunc,
469 324 564 363 quae
587 324 636 350 ex
660 311 735 349 illis
760 311 868 349 malis
893 309 1105 348 iudiciariis
1131 307 1314 360 deputata
1340 321 1424 346 cum

98 369 192 421 ipsis
229 366 422 422 competat
458 368 588 407 iudici.
662 367 760 406 Nam
805 375 845 407 et
881 366 999 420 apud
1020 366 1194 405 Graecos
1233 364 1423 404 interdum

99 426 267 465 malitiae
292 440 362 479 pro
387 426 655 465 vexationibus
689 433 728 464 et
759 426 938 472 laesuiis,
979 438 1054 463 non
1080 437 1150 476 pro
1178 424 1426 474 malignitati-

98 483 168 522 bus
193 491 397 535 ponuntur,
424 485 524 522 sicut
549 491 588 522 et
613 485 651 522 in
678 484 750 521 isto
778 484 956 522 articulo.
1007 482 1135 533 Atque
1161 480 1260 520 adeo
1287 481 1319 519 si
1345 481 1427 519 cius

98 541 265 580 malitiae
291 542 482 594 poenituit
507 549 743 587 creatorem,
783 542 889 593 quasi
922 547 1124 579 creaturae
1157 537 1426 590 reprobandae

98 597 270 646 scilicet,
309 605 350 637 et
385 598 566 637 delictum
582 598 620 651 1)
650 598 926 646 vindicandam
965 598 1070 649 atqui
1106 609 1179 635 nec
1212 596 1274 634 hic
1312 596 1428 634 ullum

97 653 301 694 admissum
328 657 571 695 criminosum
592 656 834 708 reputabitur
855 656 1037 701 creatori,
1066 655 1128 705 qui
1155 653 1427 704 iniquissimam

98 713 293 751 civitatem
319 712 433 763 digne
460 715 674 764 meritoque
702 712 934 751 decreverat
958 709 1200 749 abolendam.
1241 709 1300 747 Ita
1326 708 1428 760 quod

96 769 196 808 iuste
221 768 483 808 destinaverat
514 783 590 808 non
615 771 713 808 male
741 770 956 815 destinans,
996 781 1046 806 ex
1070 767 1234 813 iustitia,
1274 779 1349 804 non
1378 780 1427 804 ex

97 826 260 873 malitia,
299 825 530 875 destinarat3
570 826 638 865 sed
669 839 832 879 poenam
865 827 985 878 ipsam
1012 826 1192 864 malitiam
1219 824 1430 862 nominavit

97 896 148 922 ex
171 885 272 923 malo
304 891 345 923 et
375 886 512 923 merito
546 885 733 938 passionis
765 885 895 936 ipsius.
958 883 1064 934 Ergo
1099 882 1224 929 dices,
1264 882 1296 919 si
1321 881 1429 919 mali-

96 941 188 980 tiam
213 941 384 981 iustitiae
415 943 567 981 nomine
600 955 781 989 excusas,
822 942 909 993 quia
942 942 1041 979 iuste
1075 941 1232 979 exitium
1260 938 1428 976 destina-

97 1005 158 1037 rat
194 999 232 1038 in
270 998 480 1046 Ninivitas,
520 1001 575 1038 sic
615 1013 764 1052 quoque
804 998 1014 1051 culpandus
1047 1005 1124 1047 est,
1165 996 1427 1048 quiliustitiac

97 1057 228 1108 utique
260 1069 336 1094 non
368 1056 627 1109 poenitendae
661 1058 935 1108 poenitentiam
971 1052 1120 1106 gessit(
1166 1055 1246 1092 Imo
1274 1067 1345 1091 nec
1372 1055 1429 1091 iu-

98 1114 242 1160 stitiae,
274 1115 438 1166 inquam,
465 1113 681 1166 poenitebit
701 1114 825 1160 deum,
853 1121 893 1152 et
913 1120 1090 1179 superest
1109 1113 1183 1150 iam
1198 1123 1427 1161 agnoscere,

101 1169 190 1222 quid
216 1172 267 1209 sit
290 1173 530 1223 poenitentia
556 1171 632 1210 dci.
695 1171 784 1209 Non
817 1172 915 1208 enim
947 1171 978 1208 si
1004 1170 1194 1207 hominem
1221 1181 1270 1205 cx
1295 1180 1430 1205 iecor-

99 1226 255 1266 datione
281 1229 480 1280 plurimum
507 1228 654 1274 delicti,
681 1227 870 1266 interdum
893 1234 932 1265 et
957 1240 1005 1265 ex
1031 1226 1192 1264 alicuius
1216 1224 1309 1262 boni
1336 1237 1429 1276 ope-

99 1286 153 1324 ris
178 1286 362 1336 ingratia,
390 1287 582 1338 poenitet,
616 1285 706 1324 idco
733 1293 773 1324 et
805 1284 914 1323 deum
940 1282 1117 1336 proinde.
1179 1282 1220 1319 In
1249 1288 1428 1333 quantum

98 1343 199 1381 enim
225 1342 318 1382 deus
344 1356 416 1382 nec
443 1344 579 1381 malum
605 1342 785 1388 admittit,
813 1355 885 1380 nec
911 1341 1051 1379 bonum
1078 1339 1251 1385 damnat,
1279 1339 1317 1375 in
1344 1346 1429 1376 tan-

97 1406 175 1438 tum
213 1413 285 1438 nec
318 1401 582 1452 poenitentiae
620 1400 711 1438 boni
749 1406 814 1437 aut
850 1399 939 1437 mali
976 1397 1076 1449 apud
1110 1410 1194 1435 eum
1221 1396 1328 1433 locus
1355 1403 1425 1433 cst.

96 1455 195 1495 Nam
221 1464 262 1495 et
285 1457 360 1496 hoc
393 1458 463 1495 tibi
501 1456 635 1496 eadem
668 1458 859 1508 scriptura
891 1455 1141 1501 determinat,
1175 1453 1329 1491 dicente
1357 1452 1428 1490 Sa-

95 1514 221 1553 muele
249 1513 376 1553 Sauli:
404 1514 559 1553 discidit
584 1514 759 1552 dominus
786 1527 945 1565 regnum
968 1513 1123 1552 Israelis
1150 1510 1198 1550 de
1224 1523 1335 1549 manu
1363 1518 1428 1549 tua

95 1570 213 1610 hodie
239 1579 279 1611 et
304 1571 410 1610 dabit
434 1569 527 1610 illud
552 1573 729 1624 proximo
761 1579 838 1618 tuo,
867 1572 1012 1623 optimo
1038 1582 1155 1622 super
1181 1576 1232 1615 te,
1261 1575 1300 1606 et
1325 1569 1427 1606 scin-

96 1627 210 1667 detur
234 1629 353 1668 lsrael
381 1629 539 1669 induas
564 1637 707 1682 partes,
737 1636 776 1668 et
802 1642 878 1667 non
906 1635 1156 1667 convertetur
1181 1638 1306 1677 neque
1333 1639 1427 1677 poe-

94 1687 292 1726 nitentiam
324 1694 427 1738 aget,
455 1688 542 1739 quia
569 1701 644 1725 non
671 1688 770 1725 sicut
788 1687 902 1724 honso
930 1693 989 1724 cst
1014 1685 1062 1724 ad
1088 1682 1425 1736 poenitendum‘z).

95 1741 202 1782 Haec
227 1745 356 1795 itaque
383 1744 554 1782 definitio
580 1744 818 1782 incmnibus
837 1744 948 1781 aliam
970 1744 1128 1780 formam
1151 1742 1304 1779 divinae
1332 1753 1426 1792 poe-

94 1801 282 1839 nitentiae
302 1801 448 1846 statuit,
476 1813 572 1851 quae
600 1812 723 1851 neque
749 1799 1118 1850 eit-improvidentia
1144 1811 1268 1850 neque
1295 1811 1345 1836 cx
1372 1798 1427 1836 le-

93 1858 215 1896 vitate
247 1870 371 1909 neque
405 1870 454 1896 ex
484 1857 562 1895 ulla
591 1856 683 1894 boni
715 1864 781 1895 aut
811 1857 900 1894 mali
932 1857 1061 1908 operis
1088 1855 1334 1895 damnatione
1362 1868 1424 1893 re-

93 1921 269 1967 putetur,
308 1916 408 1953 sicut
445 1915 622 1958 humana.
683 1913 775 1961 Quis
808 1927 903 1965 ergo
926 1915 1013 1959 *erit
1042 1927 1124 1952 mos
1156 1913 1423 1965 poenitentiae

94 1971 273 2011 divinae?
309 1971 387 2011 Iam
413 1973 582 2018 relucet,
610 1972 641 2010 si
667 1985 743 2009 non
775 1970 823 2009 ad
856 1972 1038 2010 humanas
1070 1971 1423 2009 conditiones-eam

92 2030 255 2069 referas.
317 2029 424 2068 Nihil
451 2030 550 2068 enim
578 2028 680 2067 aliud
706 2029 963 2080 intelligetur,
1003 2041 1112 2080 quam
1139 2030 1303 2081 simplex
1330 2042 1423 2066 con·

92 2089 222 2126 versio
261 2088 477 2126 sententiae
516 2087 674 2139 prioris,
714 2095 819 2138 quae·
849 2087 963 2125 etiam
996 2087 1078 2125 sine
1116 2087 1421 2138 reprehensione

94 2145 178 2183 eius
202 2144 517 2197 possit-admitti,
549 2145 666 2183 etiam
693 2145 731 2182 in
758 2145 929 2191 homine,
957 2143 1095 2182 nedum
1122 2145 1160 2182 in
1188 2143 1275 2191 deo,
1316 2145 1422 2182 cuius

95 2203 218 2240 omnis
241 2203 435 2241 sententia
458 2202 569 2241 'caret
594 2202 720 2254 eulpa.
778 2202 876 2240 Nam
903 2209 944 2240 et
967 2202 1005 2239 in
1032 2215 1178 2253 graeco
1205 2215 1300 2240 sono
1326 2214 1422 2252 poe—

93 2259 279 2299 nitentiae
311 2273 450 2298 nomen
483 2273 558 2298 non
591 2273 640 2298 ex
672 2259 805 2299 delicti
832 2260 1097 2306 confessione,
1137 2258 1204 2297 sed
1231 2272 1280 2297 ex
1306 2259 1420 2296 animi

93 2315 355 2356 demutatione
389 2319 639 2370 compositum
670 2325 747 2364 est,
787 2327 898 2369 quam
931 2316 1031 2369 apud
1057 2316 1167 2355 deum
1194 2330 1264 2368 pro
1292 2328 1420 2354 rerum

91 2375 319 2413 variantium
345 2387 431 2414 sese
458 2388 622 2414 occursu
646 2376 732 2427 regi
745 2373 992 2414 ‘ostendimus
1005 2376 1057 2426 ³).

185 2525 223 2566 1)
246 2525 309 2558 Ed.
322 2526 507 2558 Francken
523 2526 700 2559 deletui.
796 2524 835 2569 2)
862 2530 879 2558 1
895 2528 985 2559 Sam.
1006 2528 1060 2566 15,
1077 2527 1120 2557 28
1134 2535 1183 2564 sq.
1279 2522 1317 2568 3)
1337 2525 1418 2556 cod.

91 2570 181 2603 Pina.
201 2573 236 2603 et
253 2572 360 2604 Rhen.
382 2574 433 2604 ed.
448 2575 471 2604 1.
499 2582 682 2604 occursu
707 2572 773 2603 rei
798 2573 1078 2605 ostendimus.
1130 2572 1211 2605 cod.
1230 2571 1306 2603 Urs.
1331 2581 1418 2603 occ.

91 2617 198 2649 fieri
223 2620 300 2650 ost.
351 2619 424 2660 Rig.
446 2629 530 2651 occ.
556 2619 646 2659 regi
670 2621 746 2651 ost.
