1566 2808
354 241 480 274 nov.
515 242 881 274 mancionem
916 244 1091 276 ιιιιιιιι
1121 247 1178 280 ιιι.
1330 231 1432 283 iai

107 330 352 372 defendenda
371 339 444 380 est,
468 334 571 373 sicut
593 347 617 373 a
641 334 752 374 nobis
777 335 1028 388 repugnanda
1053 344 1127 385 est,
1157 340 1245 391 quia
1269 351 1343 379 nec
1361 353 1431 378 vos

104 389 275 442 probare
304 391 484 442 poteritis
520 392 679 431 alterius
717 392 781 431 dei
814 394 968 433 venisse
994 394 1200 442 Christum,
1239 396 1312 435 nisi
1343 409 1429 435 eum

106 447 224 500 longe
254 447 368 488 alium
401 447 760 489 demonstraveritis
785 464 809 488 a
834 450 990 490 Christo
1017 454 1228 500 creatoris,
1261 466 1354 492 nec
1351 467 1431 492 ιιο5

106 517 192 545 eum
218 505 422 544 creatoris
433 505 646 554 vindicare,
673 508 745 546 nisi
771 508 885 546 talem
912 522 996 547 eum
1018 509 1311 557 ostenderimus,
1338 524 1431 563 qua-

106 561 154 600 lis
178 559 426 611 constituitur
456 577 480 601 a
511 571 706 605 creatore.
757 564 813 603 De
840 567 1055 606 nominibus
1087 569 1161 606 iam
1188 567 1428 607 obduximus.

104 617 202 659 Mihi
226 618 382 659 vindico
409 620 614 668 Christum,
641 622 732 660 mibi
758 622 926 662 defendo
954 624 1091 662 Iesum.

223 679 291 718 17.
334 676 541 730 ‘Reliquum
574 679 750 718 ordinem
782 682 866 719 eius
898 694 982 719 cum
1014 683 1216 748 scripturis
1249 683 1429 721 confera-

103 746 199 773 mus.
249 733 512 787 Quodcunque
538 735 631 775 illud
657 738 924 788 corpusculum
951 739 1013 784 sit,
1042 740 1219 790 quoniam
1243 739 1428 785 habitum,

104 797 147 829 et
178 791 356 842 quoniam
385 800 637 844 'conspectum
667 794 757 839 suit,
790 795 823 832 si
854 795 1063 845 inglorius,
1095 797 1128 834 si
1161 796 1363 847 ignobilis,
1396 799 1430 835 si

102 845 402 906 inhonorabilis,
447 862 552 888 meus
595 851 671 889 erit
708 850 900 898 Christus,
945 851 1033 890 talis
1075 854 1176 891 enim
1213 853 1347 892 habitu
1390 860 1429 892 et

103 902 265 972 aspectu
295 904 605 946 adnuntiabatur.
660 906 785 946 Adest
816 922 947 947 rursus
979 907 1134 952 Esaias:
1171 910 1429 949 Adnuntiavi-

102 975 198 1009 mus,
235 963 381 1031 inquit,
414 977 544 1006 coram
582 966 686 1018 ipso.
723 966 829 1004 velut
864 968 1059 1018 puerulus,
1097 968 1204 1006 velut
1239 967 1354 1007 radix
1390 970 1429 1006 in

103 1026 210 1058 terra
234 1017 402 1068 sitienti,
428 1029 469 1060 et
493 1036 570 1060 non
596 1030 657 1061 est
680 1025 833 1075 species
859 1025 942 1062 eius
967 1038 1093 1076 neque
1120 1026 1268 1076 gloria,
1306 1033 1347 1064 et
1371 1027 1429 1063 vi-

104 1075 227 1116 «limus
252 1090 358 1125 eum,
397 1086 436 1117 et
467 1093 543 1118 non
568 1079 737 1119 habebat
768 1083 938 1132 speciem
957 1095 1089 1135 neque
1116 1082 1319 1129 decorem,
1360 1082 1429 1120 sed

149 1147 257 1174 ecies
281 1136 363 1174 eius
387 1136 638 1183 inhonorata,
672 1136 858 1176 deficiens
890 1140 988 1177 citra
1021 1152 1154 1177 omnes
1185 1140 1361 1178 hommes
1377 1141 1427 1183 ι)

104 1147 230 1246 sSpcutr
247 1198 289 1230 et
318 1206 433 1244 supra
464 1195 590 1244 patris·
610 1193 660 1232 ad
686 1195 802 1233 filium
827 1209 923 1232 sox:
963 1195 1282 1246 quemadmodum
1308 1209 1427 1247 expa-

103 1242 266 1288 vescent
296 1249 404 1288 multi
435 1263 552 1301 super
576 1258 633 1296 te,
667 1252 723 1289 sic
755 1252 837 1289 sine
870 1252 996 1302 gloria
1028 1253 1104 1290 erit
1135 1253 1183 1291 ab
1211 1253 1426 1291 hominibus

105 1305 229 1344 forma
264 1312 360 1344 tua
343 1308 395 1354 ².)
450 1306 551 1345 Nam
588 1300 660 1346 etsi
697 1310 944 1360 tempestivus
983 1308 1128 1347 decore
1165 1309 1267 1361 apud
1304 1309 1428 1348 David

105 1363 217 1403 citra,
236 1363 337 1402 lilios
366 1363 578 1410 hominum,
616 1362 687 1403 sed
723 1366 762 1403 iu
792 1366 1009 1416 allegonico
1041 1366 1110 1404 illo
1141 1373 1243 1404 statu
1275 1367 1427 1417 gratiae

104 1414 300 1472 spiritalis,
327 1434 413 1458 cum
438 1422 656 1472 accingitur
681 1434 773 1460 ense
797 1423 987 1460 sermonis
998 1423 1052 1470 3),
1079 1423 1141 1474 qni
1161 1436 1254 1461 vere
1275 1425 1428 1474 species

104 1483 147 1515 et
168 1475 291 1516 decor
315 1484 355 1515 et
379 1477 505 1528 gloria
531 1478 648 1529 ipsius
673 1485 744 1517 est.
796 1478 977 1518 Ceterum
998 1479 1128 1518 habitu
1148 1480 1428 1532 incorporabili

104 1520 206 1586 apud
231 1533 394 1573 eundem
420 1535 647 1586 prophetam
677 1537 819 1575 vermis
850 1533 966 1575 etiam
993 1544 1034 1576 et
1058 1550 1134 1575 ιιοιι
1159 1537 1289 1583 bomo,
1315 1539 1428 1588 igno-

105 1591 220 1641 minia
242 1581 409 1631 bominis
433 1599 475 1631 et
498 1592 757 1632 nullificamen
787 1594 920 1645 populi
932 1595 985 1643 ⁴)
1036 1593 1174 1646 Neque
1200 1596 1428 1633 interiorem

105 1639 327 1700 qualitatem
357 1649 441 1689 eius
472 1649 660 1689 eiusmodi
690 1650 906 1690 adnuntias.
956 1650 1002 1689 Si
1031 1652 1132 1690 enim
1164 1651 1362 1703 plenitudo
1389 1653 1429 1690 iu

106 1705 174 1750 illo
209 1707 366 1758 spiritus
392 1708 598 1764 constitit,
642 1721 819 1761 agnosco
856 1709 1005 1760 virgam
1048 1708 1097 1747 de
1134 1709 1268 1747 radice
1307 1709 1426 1746 Iesse.

106 1761 196 1801 Flos
231 1764 315 1801 eius
350 1776 468 1805 meus
487 1765 563 1802 erit
593 1764 785 1810 Christus,
818 1766 857 1803 in
889 1778 964 1816 quo
996 1766 1187 1816 requievit
1217 1764 1427 1803 secundum

106 1814 261 1858 Esaiam
285 1820 441 1871 spiritus
453 1821 679 1871 sapientiae
705 1828 746 1859 et
769 1822 1002 1868 intellectus,
1028 1823 1185 1873 spiritus
1211 1822 1363 1860 consilii
1390 1829 1430 1860 et

105 1877 265 1928 vigoris,
290 1877 450 1928 spiritus
471 1878 678 1928 agnitionis
703 1884 744 1916 et
765 1879 935 1929 pietatis,
961 1879 1117 1930 spiritns
1135 1880 1284 1917 timoris
1298 1878 1427 1925 de15).

107 1932 245 1986 Neque
282 1934 383 1973 enim
414 1934 482 1972 ulli
513 1934 706 1973 hominum
738 1933 940 1974 diversitas
965 1936 1193 1987 spiritalium
1219 1935 1428 1974 documen-

107 1991 232 2041 torum
258 1991 524 2044 competebat,
557 1992 628 2029 nisi
659 1993 699 2031 in
724 1991 935 2039 Christum,
969 1994 1056 2031 flori
1082 1992 1234 2045 quidem
1261 1989 1311 2031 ol)
1338 2005 1428 2045 gra-

107 2049 200 2089 tiam
225 2049 381 2101 spiritus
403 2047 670 2101 adaequatum,
695 2062 747 2089 ex
769 2051 889 2101 stirpe
914 2057 1042 2088 autem
1070 2050 1175 2089 Iesse
1190 2050 1427 2103 deputatum,

107 2106 364 2160 pei-‚Mariam
395 2105 486 2145 iude
513 2105 757 2146 censendum.
806 2106 1022 2162 Expostulo
1046 2115 1176 2147 autem
1209 2107 1257 2146 de
1283 2121 1429 2160 propo-

109 2158 198 2211 sito,
223 2165 258 2203 si
280 2163 350 2203 das
380 2165 418 2202 ei
450 2165 573 2202 omnis
597 2164 821 2210 humilitatis
853 2171 895 2203 et
926 2166 1138 2216 patientiae
1170 2172 1211 2203 et
1241 2165 1430 2216 tranquil-

110 2221 229 2266 litatis
258 2222 532 2268 intentionem,
558 2228 601 2260 et
630 2234 680 2261 ex
708 2221 769 2261 liis
799 2221 941 2260 Esaiae
973 2224 1051 2261 erit
1081 2222 1275 2268 Christus,
1314 2222 1429 2259 homo

110 2279 148 2316 in
179 2278 295 2330 plaga
325 2285 366 2316 et
395 2280 523 2318 sciens
554 2279 657 2318 ferre
688 2272 1013 2327 imbecillitatem,
1046 2281 1109 2331 qui
1141 2287 1319 2330 tanquam
1348 2278 1430 2315 ovis

70 2337 78 2342 ‘
109 2335 159 2374 ad
182 2336 374 2374 victimam
399 2335 588 2375 adductus
611 2343 690 2383 est,
727 2343 767 2375 et
795 2343 973 2389 tanquam
999 2349 1120 2388 agnus
1151 2343 1240 2375 ante
1266 2333 1431 2372 tondeu-
1456 2371 1472 2381 ,

109 2399 187 2431 tem
213 2405 289 2432 ιιοιι
314 2394 467 2445 aperuit
492 2406 535 2432 os
547 2394 607 2442 ⁶);
633 2394 696 2446 qui
722 2407 846 2446 neque
873 2393 1075 2433 contendit
1093 2405 1219 2445 neque
1239 2391 1431 2435 clamavit,

111 2463 185 2491 nec
211 2449 343 2490 audita
369 2457 429 2489 est
454 2451 560 2490 soris.
575 2464 651 2490 vox
675 2451 772 2497 eius,
805 2451 869 2503 qui
893 2450 1121 2490 arundinem
1147 2456 1368 2495 contusam,
1392 2446 1433 2486 id

206 2590 242 2629 1)
262 2590 326 2620 les.
340 2591 395 2628 53,
411 2590 430 2619 2
448 2599 496 2627 sq.
593 2590 629 2630 2)
650 2590 714 2620 len.
730 2589 783 2627 52,
797 2590 852 2620 14.
947 2591 982 2628 3)
1003 2590 1056 2620 1‘0.
1070 2590 1127 2631 45,
1141 2590 1161 2620 3
1176 2598 1229 2626 sq.
1320 2587 1358 2626 4)
1377 2586 1433 2631 Ps.

114 2635 168 2674 22,
183 2636 216 2666 ⁶1.
310 2632 346 2675 5)
370 2637 433 2666 les.
450 2637 502 2675 11,
519 2637 537 2666 1
552 2645 600 2674 sq.
694 2635 732 2675 ὃ)
759 2637 823 2667 les.
839 2637 892 2676 53,
910 2637 929 2666 2
944 2646 995 2675 sq.
1091 2678 1147 2722 9*
