1604 2800
138 186 215 224 90
508 181 580 213 DE
618 179 813 211 CARNE
850 179 1107 211 CHRISTI.

141 282 267 318 vinem
294 289 413 329 usque
441 273 674 314 describitur
699 272 871 311 inferens
897 271 1107 318 Christum,
1145 271 1222 309 imo
1254 272 1338 324 ipse
1364 271 1476 312 Chri-

140 310 221 376 ts³tus
247 333 424 388 proditur
450 332 496 372 de
522 332 698 383 virgine?
759 328 838 369 Sed
870 336 910 368 et
941 329 1099 376 Paulus,
1137 335 1272 381 utpote
1304 328 1476 396 eiusdem

142 394 336 445 evangelii
363 399 403 431 et
428 390 638 443 discipulus
664 395 705 428 et
735 389 923 439 magister
955 394 996 426 et
1026 387 1156 434 testis,
1196 399 1270 439 qua
1307 386 1478 454 eiusdem

143 452 286 491 Christi
313 450 531 503 apostolus,
571 447 774 487 confirmat
806 445 999 485 Christum
1025 458 1074 484 ex
1099 445 1243 484 semine
1269 443 1393 484 Dawd
1417 458 1480 513 se-

145 509 307 550 cundum
347 505 578 558 carnem‚1)
603 506 734 558 utique
767 504 900 557 ipsius.
964 503 1071 555 Ergo
1103 516 1154 542 ex
1184 503 1329 542 semine
1355 501 1480 570 Dayid

145 582 237 607 caro
278 567 435 606 Christi.
499 563 579 603 Sed
617 561 826 602 secundum
863 561 1013 601 Mariae
1055 574 1209 600 carnem
1248 574 1298 600 ex
1334 573 1482 600 semme

145 625 288 673 David,
327 638 423 676 crgo
451 636 501 662 ex
526 622 674 661 Mariae
702 634 820 660 carne
849 627 926 667 est,
954 619 1041 658 dum
1068 631 1118 658 ex
1142 619 1288 658 semine
1315 626 1376 658 est
1405 618 1483 658 Da-

144 683 221 721 vid.
285 683 522 733 Quocunque
550 679 762 720 detorseris
788 677 951 725 dictum,
989 684 1056 716 aut
1086 690 1136 716 ex
1168 689 1284 716 carne
1317 683 1377 744 est
1399 675 1484 716 Ma-

148 741 243 784 riae,
283 738 385 789 quod
411 751 461 775 ex
486 739 631 787 semine
658 744 718 776 est
742 735 885 783 David,
925 742 991 775 aut
1016 748 1064 774 ex
1090 734 1212 774 David
1239 747 1385 803 semine
1411 742 1483 802 est,

151 793 250 846 quod
278 806 328 832 ex
354 806 470 831 carne
497 800 557 830 est
580 793 743 831 Mariae.
805 794 942 831 Totam
968 793 1067 832 hanc
1096 799 1401 833 controversiam
1427 791 1486 832 (li-

150 852 254 889 rimit
278 849 379 888 idem
406 849 622 900 apostolus,
650 849 770 900 ipsum
798 847 986 886 definiens
1012 862 1097 886 esse
1123 851 1306 888 Abrahae
1333 863 1484 915 semem

152 921 236 947 cum
273 906 487 953 Abraham,
525 906 655 958 utique
693 905 811 943 multo
843 905 964 956 magis
996 903 1116 942 David
1151 906 1259 957 quasi
1289 913 1486 945 recentio-

151 967 217 1003 ris.
279 964 473 1002 Retexens
505 963 604 1000 enim
638 963 930 1013 promissionem
966 961 1253 1000 benedictionis
1290 964 1486 1002 nationum

151 1023 189 1058 in
215 1021 367 1058 nomine
393 1018 608 1055 Abraham:
642 1025 682 1054 et
713 1018 751 1054 in
782 1018 927 1054 semine
954 1023 1020 1054 tuo
1045 1017 1330 1057 benedicentur
1354 1032 1488 1059 omues

150 1078 339 1120 nationes,
367 1087 456 1120 non,
484 1074 618 1124 inquit,
646 1072 743 1110 dixit
767 1073 993 1120 seminibus,
1022 1080 1199 1126 tanquam
1226 1073 1274 1114 de
1299 1077 1486 1128 pluribus,

150 1130 218 1169 sed
257 1131 421 1177 semine,
459 1137 638 1182 tanquam
676 1129 724 1169 de
761 1143 856 1178 uno,
897 1129 997 1183 quod
1030 1138 1090 1171 est
1115 1131 1302 1172 Christus.
1319 1136 1354 1186 2)
1415 1134 1489 1184 Qui

151 1188 247 1226 haec
275 1189 435 1239 legimus
461 1195 502 1227 et
528 1187 732 1235 credimus,
760 1202 870 1240 quam
892 1188 1075 1228 debemus
1095 1197 1135 1229 et
1153 1203 1353 1243 possumus
1366 1205 1489 1245 agno-

151 1259 262 1284 scere
289 1247 326 1284 in
354 1245 508 1284 Christo
537 1247 665 1284 carnis
691 1247 939 1298 qualitatem?
962 1248 1093 1300 utique
1121 1261 1196 1287 non
1222 1250 1349 1298 aliam,
1377 1264 1488 1303 quam

151 1303 366 1350 Abraham,
406 1302 593 1355 siquidem
625 1317 756 1343 semen
787 1303 983 1343 Abraham
1017 1305 1210 1355 Christus3
1250 1321 1322 1347 nec
1360 1309 1487 1357 aliam,

154 1372 263 1406 quam
302 1359 426 1406 Iesse,
466 1361 654 1412 siquidem
692 1375 742 1401 ex
772 1361 906 1406 radice
939 1362 1044 1402 Iesse
1077 1364 1148 1403 flos
1182 1364 1375 1415 Christus3
1414 1379 1488 1407 nec

155 1413 280 1457 aliam,
308 1427 418 1462 quam
444 1415 580 1462 David,
607 1418 793 1468 siquidem
819 1421 967 1459 fructus
993 1434 1042 1460 ex
1067 1421 1203 1462 lumbis
1228 1422 1351 1463 David
1377 1423 1489 1464 Chri-

157 1472 254 1511 stus3
282 1479 354 1504 nec
381 1469 507 1515 aliam,
536 1484 645 1520 quam
672 1486 721 1510 ex
745 1475 883 1520 Maria,
911 1478 1097 1527 siquidem
1125 1493 1175 1518 ex
1198 1480 1348 1521 Mariae
1373 1489 1488 1522 utero

158 1520 351 1569 Christus3
391 1531 430 1561 et
455 1524 579 1564 adhuc
605 1529 779 1578 superius
805 1542 878 1567 nec
904 1531 1036 1578 aliam,
1065 1547 1174 1584 quam
1199 1536 1344 1590 Adam,
1371 1540 1489 1591 siqui-

157 1577 242 1617 dem
265 1579 455 1619 secundus
491 1581 614 1621 Adam
655 1584 840 1624 Christus.
910 1587 1159 1641 Consequens
1196 1605 1292 1643 ergo
1330 1601 1409 1642 est,
1446 1603 1489 1635 ut

155 1643 221 1674 aut
245 1637 331 1674 illos
356 1639 566 1689 spiritalem
594 1653 748 1679 carnem
773 1643 952 1682 habuisse
979 1647 1228 1694 contendant,
1256 1662 1330 1700 quo
1351 1650 1487 1691 eadem

155 1691 359 1731 condititio
386 1695 621 1734 substantiae
649 1696 863 1736 deducatur
886 1701 926 1737 in
958 1699 1134 1751 Christo,
1171 1711 1238 1743 aut
1269 1701 1488 1749 concedant
1551 1742 1555 1749 ,

154 1761 309 1786 carnem
337 1750 478 1789 Christi
505 1753 715 1804 spiritalem
741 1767 818 1793 non
843 1755 981 1805 fuisse,
1021 1771 1118 1811 quae
1144 1774 1221 1800 non
1247 1761 1296 1803 de
1322 1765 1486 1818 spiritaii

153 1805 272 1858 stirpe
299 1814 492 1847 censetur.
1162 1849 1164 1851 v

267 1866 335 1905 23.
387 1863 467 1904 Sed
504 1868 748 1919 agnoscimus
791 1869 994 1924 adimpleri
1037 1876 1302 1928 propheticam
1347 1880 1484 1922 vocem

154 1918 345 1959 Simeonis
383 1936 499 1976 super
534 1924 660 1965 adhuc
698 1936 897 1968 recentem
935 1931 1119 1972 infantem
1157 1933 1350 1977 dominum
1391 1940 1484 1992 pro:

153 1978 382 2018 nuntiatam:
421 1994 517 2021 ecce
543 1983 606 2023 hic
632 1986 780 2036 positus
805 1993 866 2025 est
889 1987 927 2025 in
954 1990 1101 2029 ruinam
1128 1999 1169 2031 et
1192 1996 1482 2037 suscitationem

152 2035 353 2075 multorum
393 2039 430 2076 in
462 2039 601 2088 Israel,
640 2049 680 2081 et
715 2044 753 2081 in
789 2045 957 2096 signum,
996 2048 1098 2100 quod
1130 2051 1480 2104 contradicetur.³)

154 2090 311 2143 Signum
339 2097 436 2134 enim
464 2100 672 2139 nativitatis
698 2100 841 2141 Christi
866 2105 1075 2145 secundum
1101 2106 1274 2162 Esaiam:
1300 2119 1482 2164 propter-

151 2162 197 2188 ea
223 2149 329 2190 dabit
353 2154 462 2193 vobis
488 2155 663 2196 dominus
688 2159 771 2211 ipse
803 2161 971 2212 signum:
1011 2176 1106 2204 ecce
1136 2167 1249 2218 virgo
1283 2171 1482 2223 concipiet

150 2208 188 2245 in
213 2216 338 2257 utero,
366 2219 405 2250 et
429 2214 555 2264 pariet
580 2214 756 2266 fllium-4)
816 2217 1076 2270 Agnoscimus
1101 2236 1197 2274 ergo
1218 2225 1365 2277 signum
1387 2241 1480 2267 con-

150 2265 388 2316 tradicibile,
427 2279 655 2324 conceptum
683 2281 722 2313 et
746 2283 894 2327 partum
925 2280 1086 2331 virginis
1116 2281 1284 2331 Mariae,
1316 2283 1371 2324 'de
1404 2282 1478 2338 quo

149 2320 374 2365 Academici
400 2328 482 2367 isti:
519 2319 703 2382 peperit,⁹
727 2340 768 2371 et
793 2347 868 2372 non
894 2339 1057 2388 peperit,
1085 2340 1208 2391 virgo,
1235 2348 1276 2380 et
1299 2355 1376 2381 non
1401 2344 1478 2382 vir-

151 2391 220 2428 gog
254 2384 359 2433 quasi
385 2398 479 2434 non,
513 2389 586 2426 etsi
612 2389 664 2427 ita
691 2389 895 2431 dicendum
922 2403 1043 2444 essct,
1070 2410 1093 2435 a
1117 2398 1228 2437 uobis
1253 2401 1374 2451 magis
1400 2399 1477 2439 dici

243 2520 277 2558 1)
305 2521 401 2553 Rom.
422 2526 453 2560 1,
476 2526 506 2555 3.
556 2527 575 2556 2
590 2527 676 2560 Tim.
692 2531 724 2570 2,
746 2531 776 2560 8.
872 2533 909 2573 2)
932 2533 1005 2566 Gal.
1024 2535 1056 2574 3,
1077 2536 1108 2568 8.
1130 2537 1185 2566 16.
1284 2538 1318 2574 3)
1343 2538 1426 2570 Luc.
1442 2540 1474 2581 2,

150 2561 202 2592 34.
296 2566 333 2604 4)
359 2568 421 2598 les.
437 2570 467 2611 7,
483 2572 536 2602 14.
