1604 2800
462 172 588 203 Anv.
624 170 1062 203 HERMOGENEM.
1157 150 1160 154 ⁷
1372 171 1434 208 ιθ

104 264 333 318 principium
364 275 435 317 pro
467 264 684 316 principatu
715 271 755 303 et
785 270 979 316 potestate
1011 269 1192 303 sumetur.
1254 262 1297 318 In
1330 265 1435 316 prin-

106 323 235 375 cipatu
261 321 361 360 enim
387 328 428 360 et
451 322 488 359 in
515 328 708 373 potestate
741 321 835 360 deus
860 322 956 361 fecit
980 322 1128 360 eoelum
1156 328 1195 360 et
1222 328 1375 361 terram.

221 382 290 422 20.
341 377 420 417 Sed
451 385 494 417 ut
523 379 616 417 nihil
648 378 751 418 aliud
783 379 978 430 significet
1009 391 1152 430 graeca
1188 391 1282 425 vox,
1324 392 1434 431 quam

106 437 353 491 principium,
391 443 432 475 et
461 437 690 488 principium
715 436 807 476 nihil
834 434 936 475 aliud
964 437 1110 488 capiat,
1137 450 1247 489 quam
1273 437 1434 484 initium,

106 494 290 534 habemus
315 494 430 533 etiam
456 493 558 532 illam
590 495 736 533 initium
762 507 998 546 agnoscere,
1038 507 1134 546 quae
1161 493 1274 541 dicit:
1314 492 1436 533 domi-

107 565 177 591 nus
209 550 384 603 condidit
413 564 472 590 me
488 553 526 601 ¹)
553 551 590 589 in
623 565 742 604 opera
773 553 899 598 sua.²)
951 550 993 590 Si
1026 553 1124 590 enim
1157 565 1228 604 per
1263 552 1436 604 sophiam

107 607 171 651 «lei
197 610 324 648 omnia
347 609 452 648 facta
477 615 575 655 sunt,
602 616 642 648 et
667 610 816 649 coelum
837 622 932 661 ergo
953 616 992 648 et
1013 615 1154 648 terram
1175 607 1269 648 deus
1288 610 1437 648 faciens

109 668 147 706 in
173 667 377 723 principio,
404 665 443 704 id
468 673 528 705 est
551 667 681 711 initio,
720 668 758 705 in
784 667 919 719 sophia
943 680 1010 705 sua
1036 667 1143 705 fecit.
1205 666 1379 719 Denique
1405 668 1437 706 si

109 725 338 777 principium
369 724 566 769 materiam
599 724 855 775 significaret,
895 737 971 762 non
1002 725 1055 761 ita
1080 724 1271 775 scriptura
1297 724 1438 762 instru-

105 782 251 820 xisset:
289 782 328 820 in
352 781 544 832 principio
571 779 666 819 deus
690 781 797 827 feeit,
824 779 893 819 sed
919 793 968 819 ex
994 781 1202 832 principio;
1235 793 1309 819 non
1337 782 1436 819 enim

108 839 147 877 in
172 838 347 884 materia,
380 835 448 876 sed
474 850 524 876 ex
548 838 709 876 materia
734 838 907 877 fecisset.
969 837 1027 876 De
1053 838 1188 890 sophia
1214 845 1340 877 autem
1366 852 1438 890 po-

109 896 182 935 tuit
205 894 284 934 diei
309 896 347 934 in
372 895 579 947 principio.
639 894 682 934 In
707 895 843 947 sophia
874 895 974 934 enim
1000 896 1122 947 primo
1148 896 1262 942 fecit,
1301 897 1338 934 in
1366 909 1439 948 qua

108 951 317 1003 cogitando
343 959 383 991 et
407 951 646 1004 disponendo
673 953 746 991 iam
773 953 941 1000 fecerat3
969 954 1159 1004 quoniam,
1187 954 1260 992 etsi
1286 966 1335 991 ex
1359 967 1439 992 ma-

110 1011 208 1050 teria
232 1011 404 1050 facturus
428 1010 576 1057 fuisset,
603 1017 691 1049 ante
718 1011 756 1048 in
770 1011 905 1062 sophia
920 1009 1130 1061 cogitando
1145 1017 1184 1049 et
1197 1009 1438 1062 disponendo

109 1069 183 1107 iam
209 1068 378 1115 fecerat3
418 1068 615 1120 quoniam,
643 1068 716 1106 etsi
742 1074 827 1106 erat
851 1069 997 1107 initium
1022 1068 1187 1114 viarum,
1216 1069 1303 1119 quia
1329 1069 1439 1118 cogi-

109 1126 204 1164 tatio
236 1132 277 1164 et
307 1124 509 1177 dispositio
541 1126 662 1176 prima
688 1125 847 1176 sophiae
875 1125 917 1162 fit
948 1125 1144 1175 operatio,
1185 1123 1232 1163 de
1265 1126 1437 1176 cogitatu

109 1183 208 1222 viam
241 1182 422 1234 operibus
453 1182 673 1228 instituens,
712 1181 810 1220 hanc
849 1188 890 1220 et
918 1180 1007 1220 inde
1040 1182 1310 1220 auctoritatem
1342 1183 1440 1221 scri-

111 1245 246 1291 pturae
277 1239 368 1277 mihi
403 1237 583 1285 vindico,
623 1237 722 1290 quod
757 1246 796 1277 et
826 1237 921 1277 deus
953 1239 1014 1290 qui
1047 1240 1165 1286 fecit,
1204 1246 1244 1278 et
1269 1252 1313 1278 ea
1342 1252 1439 1291 quae

110 1297 207 1336 fecit
231 1295 462 1342 ostendens,
500 1295 600 1334 unde
634 1296 775 1335 fecerit
806 1310 882 1334 non
914 1295 1076 1348 proinde
1103 1303 1278 1335 testatur.
1340 1296 1439 1335 Nam

112 1366 195 1393 eum
222 1355 261 1392 in
288 1354 390 1392 omni
415 1355 642 1405 operatione
670 1354 743 1392 tria
768 1354 845 1392 sint
874 1354 1120 1406 principalia,
1161 1354 1223 1405 qui
1249 1355 1362 1400 facit,
1401 1361 1441 1393 et

111 1409 214 1465 quod
239 1411 294 1458 fit,
321 1417 360 1449 et
384 1423 433 1449 ex
459 1424 532 1462 quo
561 1411 620 1457 fit,
648 1411 724 1449 tria
749 1411 903 1449 nomina
928 1418 1015 1449 sunt
1040 1410 1191 1450 edenda
1211 1412 1247 1449 in
1269 1412 1441 1462 legitima

111 1469 241 1521 operis
266 1469 531 1514 enarratione,
570 1481 737 1519 persona
762 1469 942 1515 factoris,
982 1470 1134 1521 species
1165 1469 1278 1516 facti,
1317 1469 1442 1507 forma

110 1526 310 1566 materiae.
373 1523 414 1564 Si
441 1527 602 1564 materia
627 1539 703 1564 non
729 1524 886 1573 edetur,
925 1525 990 1564 ubi
1015 1533 1056 1565 et
1086 1539 1206 1578 opera
1232 1533 1271 1565 et
1297 1539 1441 1579 operae

111 1590 296 1637 operator
326 1581 507 1630 eduntur,
541 1590 703 1635 apparet
734 1597 783 1622 ex
813 1583 932 1622 nihilo
959 1596 1044 1622 eum
1071 1590 1283 1635 operatum.
1346 1584 1442 1623 Pro-

112 1640 200 1680 inde
232 1641 332 1679 enim
364 1639 548 1679 ederetur
579 1653 627 1678 ex
660 1654 753 1693 quo,
791 1642 822 1679 si
854 1653 903 1679 ex
928 1641 1055 1692 aliquo
1082 1642 1219 1679 fuisset
1244 1648 1440 1693 operatus.

115 1697 286 1750 Denique
324 1698 564 1748 evangelium
603 1704 644 1734 ut
679 1698 982 1749 supplementum
1021 1698 1262 1736 instrumenti
1297 1699 1442 1736 veteris

113 1753 325 1800 adhibebo,
363 1754 401 1791 in
441 1767 514 1805 quo
550 1754 612 1791 vel
650 1766 697 1791 eo
731 1755 850 1804 magis
876 1753 1063 1792 debuerat
1089 1754 1240 1792 ostendi
1267 1753 1361 1793 deus
1393 1768 1442 1794 ex

113 1812 240 1864 aliqua
265 1811 427 1849 materia
450 1811 628 1848 universa
654 1810 814 1856 fecisse,
853 1823 926 1861 quo
952 1811 1032 1848 illic
1058 1812 1192 1857 etiam,
1230 1823 1301 1862 per
1331 1825 1441 1864 quem

114 1870 240 1908 omnia
266 1868 424 1914 fecerit,
451 1867 658 1905 revelatur.
720 1866 762 1905 In
787 1867 977 1919 principio
1004 1875 1088 1906 erat
1113 1876 1259 1915 serm03
1288 1870 1341 1916 (in
1368 1883 1442 1921 quo

115 1926 306 1979 principio
333 1925 486 1964 scilieet
510 1923 605 1963 deus
629 1924 724 1962 feeit
749 1925 899 1963 eoelum
925 1932 965 1964 et
989 1930 1168 1973 terram3)
1185 1927 1221 1973 ³)
1250 1933 1290 1964 et
1315 1940 1442 1965 sermo

114 1990 200 2023 erat
224 1981 325 2036 apud
350 1981 475 2029 deum,
502 1989 542 2020 et
566 1980 659 2020 deus
684 1988 769 2020 erat
792 1995 937 2029 sermo,
965 1984 1090 2021 omnia
1115 1996 1187 2035 per
1210 1983 1313 2022 inum
1338 1984 1443 2023 facta

115 2048 219 2087 sunt,
258 2047 299 2079 et
334 2041 416 2078 sine
454 2039 520 2077 ino
554 2039 694 2077 factum
726 2045 786 2078 est
821 2039 974 2089 nihil-⁴)
1037 2040 1130 2079 Cum
1161 2041 1281 2092 igitur
1310 2048 1350 2080 et
1379 2042 1442 2081 hie

115 2098 383 2137 manifestetur
407 2104 447 2136 et
471 2097 615 2142 faetor,
654 2094 693 2134 id
718 2103 778 2135 est
801 2095 913 2143 deus,
941 2104 981 2136 et
1004 2098 1127 2144 facta,
1153 2097 1193 2137 id
1218 2105 1277 2137 est
1303 2100 1442 2146 omnia,

116 2162 158 2194 et
191 2167 263 2207 per
299 2167 429 2206 quem,
468 2153 506 2192 id
544 2161 604 2191 est
634 2166 779 2192 sermo:
817 2167 944 2193 nonne
977 2162 1016 2193 et
1047 2155 1147 2193 unde
1181 2157 1306 2194 omnia
1339 2157 1443 2195 facta

117 2219 247 2251 essent
271 2224 292 2249 a
320 2210 407 2258 deo,
435 2224 505 2262 per
530 2223 758 2257 sermonem,
785 2213 981 2263 exegisset
1006 2211 1101 2251 ordo
1126 2213 1315 2264 profiteri,
1343 2214 1374 2251 si
1395 2225 1445 2251 ex

117 2270 246 2321 aliquo
272 2269 376 2307 facta
402 2270 555 2307 essent?
579 2267 636 2306 lta
662 2267 763 2320 quod
788 2282 864 2307 non
889 2270 972 2315 fuit,
1000 2283 1074 2307 non
1101 2270 1227 2321 potuit
1251 2271 1444 2321 scriptura

118 2327 312 2380 profiteri,
352 2332 393 2364 et
417 2339 492 2363 non
518 2324 735 2377 profitendo
760 2327 853 2365 satis
878 2326 1056 2379 probavit
1082 2340 1158 2365 non
1183 2327 1321 2374 fuisse,
1355 2327 1444 2380 quia

118 2385 379 2436 profiteretur,
405 2383 437 2421 si
462 2383 611 2421 fuisset.

213 2522 250 2562 1)
275 2522 341 2555 Ed.
367 2522 469 2552 Fran.
494 2523 529 2552 et
556 2521 629 2561 mg.
655 2521 727 2552 add.
755 2520 930 2552 initium
955 2521 1121 2552 viarum
1146 2530 1327 2554 suarum.
1404 2521 1443 2566 2)

120 2569 220 2600 prov.
235 2569 267 2608 8,
283 2569 338 2599 22.
436 2566 470 2607 3)
495 2567 580 2604 Gen,
606 2570 636 2609 1,
662 2568 693 2597 1.
788 2568 826 2607 4)
852 2568 1039 2609 10.1‚1.3.

180 2626 378 2657 Tamum„
405 2626 462 2658 1V.
1130 2616 1156 2655 2
