1624 2826
329 253 454 285 ADV.
488 252 855 284 MARCIONEM
890 252 1065 283 LIBER
1095 252 1150 283 w.
1304 250 1400 286 ΒΗ

79 347 344 399 superiorein,
379 345 472 383 satis
502 342 784 396 impudentibus
814 351 855 382 et
887 344 1100 382 temerariis
1131 343 1253 381 oculis
1278 343 1402 394 suspi-

80 405 188 443 ciens
217 402 268 442 ad
297 402 447 442 coelum
479 408 686 447 creatoris,
724 414 748 439 a
780 414 853 452 quo
886 408 960 439 tam
992 414 1131 452 aspero
1156 407 1197 439 et
1221 413 1338 438 saevo
1363 405 1404 438 et

80 459 269 513 grandine
300 466 345 499 et
379 459 534 498 fulmine
572 459 760 510 potuisset
797 457 914 504 elidi,
952 459 1051 496 sicut
1086 465 1127 496 et
1163 457 1402 495 Hierusalem

79 517 205 570 suffigi
234 517 283 556 ab
310 529 363 556 eo
392 517 534 568 potuit:
578 528 784 567 aggressus
814 528 900 554 eum
931 528 980 553 ex
1010 514 1207 566 discipulis
1238 513 1402 566 quidam,

27 590 30 591 ⁷
80 574 247 620 domine,
272 574 412 626 inquit,
444 572 543 612 doce
568 586 639 611 nos
665 586 792 618 orare,
818 574 919 615 sicut
943 580 982 611 et
1007 572 1170 611 Ioannes
1195 570 1404 623 discipulos

81 645 172 672 suos
194 630 351 676 docuit,
371 632 408 676 ¹)
447 631 598 668 scilicet
628 632 716 681 quia
746 631 860 668 alium
891 629 1003 668 deum
1028 631 1143 668 aliter
1167 630 1405 668 existimaret

81 687 279 728 orandum.
340 687 425 726 Hoc
451 688 514 739 qui
539 694 866 739 praesumpserat,
894 689 997 738 prius
1022 693 1099 732 est,
1126 686 1272 737 probet·
1289 686 1403 723 alium

81 744 367 791 deumgeditum
398 758 422 782 a
452 744 619 786 Christo.
681 743 805 782 Nemo
836 744 937 781 enim
966 750 1055 781 ante
1079 742 1265 788 voluisset
1289 754 1404 779 orare

79 815 220 849 nosse,
257 796 608 853 quam'didicis'seh
647 813 756 851 quem
782 806 925 838 oraret.
986 799 1107 849 Igitur
1136 800 1169 837 si
1201 797 1403 844 didicerat,

54 859 216 914 -prlnbm
277 857 320 897 Si
357 871 537 910 nusquam
574 870 692 909 usque
730 855 854 895 adhuc
892 856 1057 908 probas,
1096 857 1194 894 scito
1231 855 1334 894 illum
1367 856 1403 893 in

80 913 300 970 creatorem
324 915 485 954 formam
510 916 696 953 orationis
721 914 953 966 postulasse,
986 915 1026 952 in
1057 927 1168 965 quem
1200 914 1313 958 etiam
1346 912 1404 951 di-

79 974 218 1027 ·eipuli
231 973 384 1012 loannis
410 973 584 1011 orabant.
623 971 701 1010 Sed
727 973 814 1024 quia
839 978 879 1010 et
893 967 1054 1010 loannes
1079 984 1215 1008 novum
1241 971 1405 1021 aliquem

81 1030 258 1072 udinem
288 1023 478 1070 orationis
505 1029 726 1075 induxerat,
764 1028 853 1067 ideo
884 1029 959 1066 hoc
991 1035 1031 1067 et
1060 1042 1084 1066 a
1110 1028 1262 1066 Christo
1289 1026 1405 1066 disci-

82 1089 193 1142 pulus
216 1089 300 1128 eius
323 1085 641 1139 expostulandum
672 1100 749 1124 non
780 1086 968 1124 immerito
995 1082 1327 1137 praesumpserat,
1362 1089 1407 1122 'ut

83 1152 126 1185 et
146 1146 203 1185 illi
227 1145 277 1184 d'e
301 1145 459 1197 proprio
486 1144 657 1195 magistri
677 1144 734 1181 sui
755 1144 942 1189 instituto,
970 1156 1044 1180 non
1058 1143 1186 1188 alium,
1212 1141 1280 1180 sed
1293 1142 1407 1179 aliter

84 1202 197 1242 deum
226 1208 399 1240 orarent.
462 1199 629 1239 Proinde
661 1213 734 1238 nee
764 1198 940 1238 Christus
974 1206 1063 1237 ante
1096 1199 1281 1236 orationis
1306 1198 1407 1239 noti-

84 1261 176 1298 tiam
200 1257 388 1310 discipulo
415 1258 658 1303 contulisset,
696 1269 805 1308 quam
837 1255 900 1294 dei
924 1257 1054 1307 ipsius.
1114 1254 1173 1293 Ita
1198 1262 1237 1294 et
1261 1255 1342 1306 ipse
1369 1255 1407 1292 in

84 1330 171 1356 eum
196 1315 330 1355 docuit
353 1316 579 1360 orationem,
606 1326 716 1366 quem
741 1312 949 1364 discipulus
963 1325 1080 1364 usque
1094 1311 1218 1350 adhuc
1233 1318 1405 1350 noverat.

85 1373 261 1426 Denique
285 1385 420 1412 sensus
444 1372 631 1410 orationis
656 1383 766 1422 quem
799 1369 910 1408 deum
941 1371 1109 1421 sapiant,
1147 1381 1404 1420 recognosce.

85 1431 159 1470 Cui
188 1430 333 1471 dicam:
372 1431 506 1480 pater?
552 1429 612 1474 ei,
651 1429 715 1479 qui
752 1440 811 1465 me
843 1427 996 1464 omnino
1028 1439 1104 1464 non
1129 1426 1247 1470 fecit,
1284 1438 1307 1464 a
1333 1438 1407 1476 quo

85 1489 273 1539 originem
298 1499 376 1525 non
401 1485 534 1531 traho,
574 1498 623 1542 an
648 1486 698 1531 ei,
737 1485 801 1535 qui
826 1497 886 1522 me
911 1481 1093 1521 faciundo
1119 1490 1159 1521 et
1182 1480 1406 1520 instruendo

84 1545 310 1597 generavit?
331 1542 369 1581 A
393 1556 467 1594 quo
493 1542 665 1593 spiritum
690 1548 861 1579 sanctum
887 1540 1100 1591 postulem?
1116 1542 1155 1589 2)
1186 1553 1208 1577 a
1234 1552 1309 1591 quo
1335 1551 1407 1577 nec

75 1601 288 1642 ‘mundialis
311 1601 465 1652 spiritus
496 1605 731 1651 praestatur,
770 1611 819 1636 an
849 1610 872 1635 a
904 1611 977 1648 quo
1009 1597 1103 1635 fiunt
1134 1597 1248 1635 etiam
1279 1596 1408 1647 angeli

85 1660 260 1712 spiritus,
303 1658 411 1696 cuius
442 1664 483 1695 et
512 1657 550 1694 in
581 1654 792 1708 primordio
823 1655 980 1706 spiritus
1011 1667 1127 1706 super
1155 1667 1273 1705 aquas
1303 1653 1409 1691 fere-

85 1716 223 1756 bam?
268 1714 362 1753 Eius
386 1713 712 1764 regnumoptabo
742 1713 895 1758 venire,
929 1725 1037 1763 quem
1065 1724 1252 1762 nunquam
1277 1722 1408 1760 regem

88 1772 239 1824 gloriae
264 1769 410 1815 andivi,
447 1783 496 1807 an
521 1771 563 1807 in‘
585 1771 692 1808 cuius
716 1782 827 1806 mauu
852 1770 967 1806 etiam
992 1767 1112 1806 corda
1136 1774 1222 1805 sunt
1246 1768 1411 1817 regum?

89 1827 313 1877 Qnisdabit
337 1827 427 1864 mihi
451 1838 587 1876 panem
613 1824 941 1876 quotidianum?³)
968 1825 1030 1874 qui
1055 1836 1127 1862 nee
1154 1824 1293 1861 milium
1319 1822 1410 1861 mihi

89 1884 236 1931 condit,
262 1897 311 1923 au
336 1884 399 1935 qui
423 1883 538 1928 etiam
553 1880 601 1919 de
622 1881 736 1919 coelo
755 1893 891 1931 panem
910 1877 1133 1931 angelorum
1148 1878 1408 1931 quotidianum

89 1939 240 1995 populo‘
256 1955 326 1980 suo
351 1940 566 1992 praestitit?
597 1938 688 1986 Quis
713 1938 802 1976 mihi
828 1936 972 1976 delicta
996 1936 1236 1986 dimittettss)
1275 1937 1337 1988 qui
1363 1949 1410 1975 ea

86 1996 399 2051 nonindicando
425 2010 502 2034 non
533 1996 700 2042 retinet,
737 2007 783 2033 an
810 1995 898 2046 qui,
941 1995 974 2033 si
998 2008 1074 2033 non
1100 1993 1311 2040 dimiserit,
1348 2006 1410 2032 re-

88 2056 253 2103 nictit,
291 2062 333 2094 ut
362 2052 532 2093 iudicet?
579 2053 671 2100 Quis
701 2065 776 2090 non
807 2052 908 2090 sinet
942 2065 1013 2090 nos
1044 2050 1183 2090 deduci
1213 2052 1252 2090 in
1285 2058 1409 2090 tenta—

91 2114 311 2162 tionem'H)
361 2124 471 2163 quem
509 2110 654 2161 poterit
688 2115 856 2148 tentator
891 2122 967 2147 non
988 2110 1164 2155 ‚timei-e,
1201 2122 1250 2147 an
1286 2109 1350 2160 qui
1387 2121 1411 2146 a

92 2169 303 2224 primordio
335 2175 566 2208 tentatorem
597 2166 774 2217 angelum
798 2165 1116 2218 praedamnavit?
1164 2165 1247 2204 Hoc
1274 2165 1410 2203 ordine

93 2229 156 2280 qui
181 2228 248 2267 alii
273 2226 347 2265 deo
372 2225 562 2276 supplicat
591 2231 631 2262 et
655 2236 731 2261 non
756 2224 944 2270 creatori,
982 2237 1059 2261 non
1084 2230 1170 2261 orat
1194 2223 1316 2265 illum,
1343 2221 1412 2260 sed

92 2285 264 2324 infamat.
324 2281 492 2322 Proinde
519 2295 540 2319 a
566 2294 640 2332 quo
665 2287 810 2332 petam,
847 2287 889 2319 ut
918 2282 1132 2332 accipiam?
1169 2278 1269 2331 apud
1301 2291 1411 2330 quem

93 2355 299 2396 quaeram,
336 2347 378 2378 ut
413 2339 627 2377 inveniam?
671 2337 720 2376 ad
762 2351 871 2389 quem
908 2338 1092 2390 pulsabo,
1140 2343 1183 2374 ut
1217 2337 1414 2387 aperiatur

93 2399 258 2448 mihi‘25)
295 2399 377 2449 quis
409 2396 524 2434 habet
553 2396 700 2447 petenti
731 2393 844 2442 dare,
881 2396 953 2433 nisi
984 2396 1091 2434 euius
1123 2394 1267 2439 omnia,
1307 2393 1412 2431 cuius

94 2466 176 2496 snm
201 2457 316 2495 etiam
342 2456 437 2507 ipse,
470 2453 532 2504 qui
558 2454 674 2505 peto?
721 2451 819 2500 Quid
849 2459 974 2491 autem
999 2450 1150 2504 perdidi
1176 2448 1275 2503 apud
1302 2449 1412 2497 deum

186 2596 223 2636 ι)
248 2597 332 2627 nne.
348 2596 401 2634 ιι,
416 2595 446 2623 1.
552 2588 587 2631 2)
611 2592 695 2623 Luc.
710 2592 764 2631 ιι,
779 2591 809 2620 2.
917 2589 956 2634 a)
980 2593 1062 2622 Luc.
1080 2591 1177 2632 11,3.
1279 2588 1317 2632 4)
1342 2590 1414 2620 nuc

97 2643 200 2682 11,ss
292 2641 329 2679 5)
355 2641 436 2679 nuc.
452 2640 505 2678 11,
522 2641 553 2670 9.

1046 2681 1128 2724 14*
