1604 2800
506 250 628 281 Αυν.
664 250 955 283 PRAXEAN.
1287 250 1395 288 28⁹

78 338 204 378 dalum
233 338 399 378 auditori
430 348 642 389 everteret3
675 355 897 394 quamquam
929 355 1012 380 cum
1038 340 1135 381 duae
1161 342 1398 383 substantiae

78 403 309 441 censeantur
330 397 368 435 in
384 397 536 436 Christo
556 397 654 444 Iesu,
682 398 807 436 divina
832 405 872 437 et
896 399 1069 446 humana,
1096 406 1248 438 constet
1271 407 1400 438 autem

76 453 328 492 immortalem
353 467 438 493 esse
464 454 641 501 divinam,
668 457 766 493 sicut
790 455 1000 502 mortalem,
1028 469 1124 508 quae
1149 456 1311 495 humana
1336 458 1398 503 sit,

77 517 256 561 apparet,
288 518 472 562 quatenus
498 524 581 550 eum
607 519 792 550 mortuum
818 511 941 558 dicat,
973 511 1012 550 id
1037 520 1113 560 est,
1146 526 1218 565 qua
1244 526 1398 552 carnem

78 573 118 604 et
135 567 323 606 hominem
344 575 383 606 et
402 569 517 606 filium
538 569 711 614 hominis,
738 582 812 606 non
839 582 911 621 qua
936 570 1106 620 spiritum
1126 577 1167 608 et
1184 583 1401 609 sermonem

77 630 118 662 et
141 621 205 662 dei
232 624 359 663 lilium.
421 625 594 664 Dicendo
632 625 816 677 denique:
855 625 1026 664 Christus
1052 634 1220 665 mortuus
1245 634 1322 672 est,
1359 625 1402 664 id

78 686 138 718 est
160 687 315 727 unctus,
354 681 393 720 id
418 681 519 734 quod
543 690 696 721 unctum
722 689 798 729 est,
836 689 1024 720 mortuum
1053 683 1239 730 ostendit,
1277 682 1315 721 id
1341 689 1403 721 est

79 749 247 776 earnem.
306 737 426 789 Ergo,
459 739 601 790 inquis,
633 746 673 777 et
697 752 766 777 nos
791 738 926 777 eadem
950 741 1100 778 ratione
1126 747 1273 791 patrem
1298 753 1401 778 mor-

78 799 181 831 tuum
206 793 399 841 dicentes,
432 808 503 846 qua
528 808 597 833 vos
624 796 757 841 filium,
788 809 864 833 non
887 795 1190 847 blasphemamus
1214 797 1253 833 in
1279 795 1401 834 domi-

77 863 165 888 num
189 849 320 898 deum3
351 864 427 888 non
452 852 551 889 enim
577 864 627 889 ex
651 851 790 896 divina,
821 850 890 889 sed
920 864 970 889 ex
1001 852 1160 890 humana
1190 852 1404 889 substantia

77 913 265 945 mortuum
296 905 470 945 dicimus.
534 906 678 958 Atquin
708 907 998 957 blasphematis,
1037 921 1111 945 non
1143 914 1286 946 tantum
1314 903 1403 959 quia

77 969 265 1001 mortuum
281 962 410 1000 dicitis
423 969 583 1014 patrem,
610 962 678 1001 sed
698 970 738 1001 et
751 964 839 1014 quia
853 963 1088 1001 crucifixum.
1124 963 1401 1002 Maledictione

77 1020 178 1058 enim
203 1019 391 1065 crucifixi,
423 1032 519 1070 quae
545 1032 594 1058 ex
618 1020 704 1070 lege
730 1020 768 1056 in
794 1020 909 1057 filium
936 1022 1131 1071 competit,
1160 1021 1263 1072 (quia
1289 1020 1401 1058 Chri-

77 1082 158 1122 stus
175 1088 247 1127 pro
267 1075 377 1113 nobis
395 1075 616 1113 maledictio
640 1077 765 1113 factus
790 1082 861 1121 est,
876 1073 916 1124 ¹)
940 1088 1015 1112 non
1042 1077 1182 1126 pater,)
1209 1076 1401 1114 Christum

78 1132 118 1170 in
136 1138 284 1183 patrem
304 1138 587 1177 convertentes,
614 1132 652 1169 in
677 1138 825 1182 patrem
850 1131 1133 1182 blasphematis.
1171 1131 1254 1170 Nos
1273 1139 1401 1170 autem

79 1187 255 1226 dicentes
281 1187 471 1226 Christum
504 1188 746 1234 crucifixum,
778 1201 855 1226 non
886 1187 1146 1225 maledicimus
1176 1189 1298 1234 illum,
1331 1187 1403 1226 sed

78 1243 320 1283 maledictum
346 1245 443 1295 legis
455 1246 493 1291 2)
521 1245 733 1291 referimus,
760 1245 848 1295 quia
866 1256 938 1282 nec
958 1245 1152 1296 apostolus
1171 1245 1245 1283 hoc
1267 1244 1400 1282 dicens

78 1297 367 1353 blasphemavit.
434 1299 543 1339 Sicut
574 1308 721 1347 autem,
751 1299 799 1339 de
831 1314 903 1352 quo
936 1300 1024 1352 quid
1057 1302 1161 1352 capit
1190 1300 1286 1347 dici,
1318 1302 1400 1338 sine

78 1357 312 1410 blasphemia
337 1356 495 1403 dicitur,
533 1358 587 1395 ita
611 1357 712 1409 quod
738 1371 813 1395 non
838 1358 959 1410 capit,
995 1357 1229 1408 blasphemia
1256 1364 1335 1406 est,
1367 1358 1402 1395 si

80 1413 246 1453 dicatur.
314 1414 421 1465 Ergo
452 1427 525 1452 nec
558 1427 776 1466 compassus
808 1420 867 1452 est
896 1421 1006 1465 pater
1037 1414 1132 1452 filio.
1203 1413 1269 1452 Sic
1297 1414 1402 1452 'enim

79 1470 267 1510 directam
296 1471 569 1522 blasphemiam
599 1472 639 1509 in
667 1478 815 1522 patrem
845 1471 979 1516 veriti,
1017 1469 1174 1508 diminui
1211 1483 1294 1508 cam
1324 1470 1402 1508 hoc

79 1527 194 1566 modo
218 1534 388 1580 sperant,
420 1526 680 1566 concedentes
703 1528 778 1565 iam
802 1534 950 1578 patrem
975 1533 1016 1564 et
1040 1526 1156 1564 fllium
1181 1525 1276 1564 duos
1302 1538 1402 1571 esse,

78 1586 113 1624 si
137 1585 237 1624 filius
266 1583 417 1636 quidem
453 1585 613 1635 patitur,
650 1590 762 1635 pater
789 1595 884 1621 vero
916 1585 1160 1635 compatitur.
1221 1581 1337 1621 Stulti
1363 1589 1404 1620 et

79 1642 119 1680 in
137 1641 225 1680 hoc.
263 1640 363 1688 Quid
388 1647 448 1679 est
472 1642 571 1679 enim
597 1641 776 1691 compati,
804 1653 912 1690 quam
940 1653 1022 1678 cum
1048 1640 1124 1677 alio
1143 1640 1249 1689 pati?
1277 1638 1401 1676 Porro

78 1699 112 1736 si
135 1698 377 1749 impassibilis
401 1704 524 1747 pater,
556 1697 686 1746 utique
712 1703 752 1733 et
775 1695 1111 1745 incompassibilis3
1150 1700 1216 1730 aut
1239 1695 1271 1731 si
1296 1706 1402 1731 com-

78 1753 290 1805 passibilis,
320 1751 684 1802 utique'passibilis.
744 1749 850 1787 Nihil
875 1751 911 1787 ei
935 1750 996 1787 vel
1020 1750 1095 1787 hoc
1120 1750 1257 1787 timore
1282 1756 1347 1786 tuo
1360 1749 1400 1797 3)

79 1815 268 1862 praestas.
329 1808 457 1845 Times
482 1806 614 1845 dicere
639 1805 876 1857 passibilem,
914 1817 1023 1855 quem
1060 1803 1156 1843 dicis
1193 1805 1403 1856 compassi-

79 1866 208 1904 bilem.
255 1863 348 1902 Tam
372 1869 498 1912 autem
523 1861 838 1913 incompassibilis
863 1868 974 1912 pater
997 1867 1068 1908 est,
1095 1874 1204 1912 quam
1229 1861 1401 1913 impassi-

81 1922 169 1961 bilis
193 1921 308 1960 etiam
333 1919 431 1957 filius
457 1931 506 1956 cx
530 1931 577 1956 ea
602 1916 837 1963 conditione,
865 1930 938 1968 qua
962 1916 1056 1956 deus
1081 1924 1152 1956 est.
1203 1916 1281 1956 Sed
1307 1930 1401 1969 quo·

81 1976 195 2017 modo
221 1977 319 2015 filius
343 1988 474 2028 passus
499 1981 576 2020 est,
613 1975 646 2012 si
669 1987 745 2012 non
770 1987 988 2025 compassus
1013 1980 1073 2012 est
1096 1981 1136 2012 et
1158 1976 1294 2025 pater?
1329 1972 1401 2012 Se-

82 2034 288 2087 paratur4)
315 2045 338 2071 a
363 2031 455 2078 filio,
481 2044 558 2068 non
576 2043 599 2068 a
618 2029 707 2068 deo.
754 2029 852 2069 Nam
878 2037 918 2068 et
940 2031 1087 2076 fluvius,
1113 2031 1146 2068 si
1169 2031 1297 2082 aliqua
1320 2037 1402 2068 tur-

82 2091 252 2130 bulentia
266 2089 556 2133 contaminatur,
582 2099 803 2138 quamquam
825 2100 896 2124 una
922 2087 1132 2131 substantia
1151 2085 1198 2125 de
1213 2087 1319 2125 fonte
1334 2085 1401 2125 de-

81 2154 216 2186 currat
238 2159 311 2184 nec
337 2151 562 2184 secernatur
585 2156 609 2181 a
632 2143 752 2190 fonte,
778 2151 904 2181 tamen
928 2144 1031 2182 fluvii
1055 2144 1193 2181 iniuria
1218 2157 1292 2181 non
1312 2156 1402 2194 per-

82 2203 220 2243 tinebit
242 2201 292 2241 ad
316 2202 479 2248 fontem3
511 2207 552 2239 et
574 2200 666 2238 licet
690 2213 788 2251 aqua
811 2200 927 2238 fontis
952 2201 1018 2246 sit,
1051 2212 1147 2250 quae
1171 2200 1339 2250 patiatur
1362 2200 1401 2236 in

84 2261 219 2306 fluvio,
255 2258 342 2297 dum
373 2271 449 2295 non
474 2257 512 2294 in
535 2257 642 2294 fonte
672 2257 832 2307 patitur,
869 2255 938 2294 sed
968 2257 1007 2294 in
1037 2256 1169 2300 fluvio,
1207 2267 1283 2292 non
1313 2255 1401 2292 fons

85 2317 247 2369 patitur,
284 2313 353 2353 sed
376 2314 529 2359 fluvius,
561 2314 624 2364 qui
649 2325 699 2350 ex
721 2312 828 2350 sonte
852 2319 922 2352 est.
982 2312 1040 2350 Ita
1064 2312 1136 2350 etsi
1160 2311 1312 2361 spiritus
1337 2309 1401 2348 dei

184 2474 221 2514 1)
240 2473 314 2505 Gal.
335 2473 366 2514 3,
387 2472 441 2503 13.
513 2469 551 2514 2)
571 2472 671 2502 Deut.
692 2471 747 2509 21,
766 2472 820 2500 23.
892 2468 930 2512 3)
949 2471 1005 2501 Sic
1025 2469 1097 2501 cod.
1112 2469 1248 2500 u'ouw.
1262 2470 1296 2499 et
1310 2469 1399 2509 Rig.;

88 2521 196 2552 Rhen-
219 2520 258 2550 ei
282 2517 419 2549 veluti
442 2520 625 2554 mortuo,
651 2516 701 2546 ed.
725 2516 827 2547 Fran.
852 2517 889 2546 ei
913 2515 1049 2546 veluti
1073 2515 1292 2545 morituro.
1362 2515 1399 2553 4)

90 2566 172 2598 cod.
196 2564 389 2596 Wouweri:
419 2562 498 2594 sesi
521 2561 684 2600 quaudo
709 2561 834 2592 filiun
856 2578 902 2585 -
927 2563 1064 2599 pater,
1089 2562 1401 2598 neparaturetc.

89 2612 181 2651 Εἰς-τ
212 2610 515 2649 separabatur.

149 2669 344 2699 Taurum..
368 2666 413 2696 lv
980 2646 987 2653 ⁴
1063 2652 1115 2690 19
