1604 2800
152 146 254 184 282
594 143 720 176 ADV.
757 143 1048 177 PRAXEAN.

153 236 344 292 quomodo
375 224 487 289 pater
518 243 621 277 esset
651 238 690 276 in
721 237 822 286 filio,
859 246 900 278 et
935 239 1034 278 filius
1071 239 1110 278 in
1141 245 1266 291 patre.
1342 238 1483 290 Verba,

153 297 292 348 inquit,
327 308 423 347 quae
450 308 524 346 ego
552 295 690 348 loquor
713 295 844 344 vobis,
875 310 952 335 non
983 303 1070 336 sunt
1101 309 1204 345 mea,
1236 298 1366 350 utique
1397 300 1487 352 quia

150 354 291 407 patris3
329 360 442 405 pater
480 360 607 392 autem
644 366 802 393 manens
832 355 870 392 in
900 368 981 402 me,
1025 355 1119 393 facit
1151 368 1286 408 opera.
1303 353 1339 407 l)
1411 354 1487 396 Per

153 424 272 464 opera
297 423 392 462 ergo
418 412 597 450 virtutum
617 418 657 451 et
674 411 794 451 verba
813 410 1015 452 doctrinae
1040 425 1196 452 manens
1209 414 1248 453 in
1262 413 1342 452 filio
1361 420 1486 466 pater,

150 482 223 522 per
247 482 293 508 ea
317 467 482 516 videtur,
508 482 582 521 per
606 482 703 521 quae
729 477 869 519 manet,
896 477 936 509 et
961 483 1031 523 per
1055 483 1153 519 eum,
1180 472 1219 510 in
1245 484 1320 524 quo
1344 477 1486 520 manet,

152 540 202 566 ex
226 526 301 565 hoc
327 526 410 579 ipso
437 534 647 579 apparente
674 528 914 580 proprietate
940 530 1137 581 utriusque
1163 542 1367 582 personae,
1401 527 1488 568 dum

153 583 264 623 dicit:
305 597 379 636 ego
412 598 492 623 sum
525 586 563 624 in
594 592 717 637 patre,
756 593 796 624 et
819 593 932 638 pater
955 587 994 624 in
1020 599 1095 626 me.
1112 588 1150 635 ²)
1223 585 1352 639 Atque
1389 585 1513 626 adeo‘

153 641 301 682 credite
328 643 449 693 ait.³)
507 642 631 690 Quid?
661 656 720 682 me
746 650 893 695 patrem
920 647 1030 683 esse?
1070 643 1160 683 Non
1186 651 1278 696 puto
1304 645 1490 698 scriptum

153 712 258 747 esse3
286 698 373 738 sed:
402 701 489 751 quia
515 713 589 751 ego
616 701 654 739 in
680 708 803 752 patre,
831 708 871 741 et
895 709 1006 754 pater
1030 702 1069 740 in
1094 715 1174 750 me3
1201 702 1234 741 si
1259 715 1334 755 quo
1353 703 1489 750 minus,

152 757 214 795 vel
251 764 411 808 propter
448 770 564 809 opera
606 757 828 809 credite,⁴)
867 772 915 798 ea
946 760 1076 812 utique
1109 773 1247 813 opera,
1284 772 1357 814 per
1392 760 1489 813 quae

154 820 267 865 pater
292 814 330 850 in
356 813 448 859 filio,
477 827 552 851 non
577 815 672 861 visu,
699 814 767 854 sed
792 827 907 855 sensu
930 816 1146 856 videbatur.

271 873 339 912 25.
401 869 493 908 Post
518 870 729 922 Philippum
757 878 796 910 et
822 879 940 910 totam
972 874 1221 912 substantiam
1255 875 1490 927 quaestionis

154 934 275 974 istlus,
303 940 399 979 quae
422 929 459 965 in
481 927 592 966 finem
614 929 807 980 evangelii
828 938 1053 981 perseverat
1066 932 1104 981 5)
1131 931 1169 969 in
1191 930 1328 970 eodem
1345 944 1490 983 genere

155 985 355 1031 sermonis,
383 998 456 1036 quo
478 992 590 1036 pater
608 992 648 1023 et
668 986 767 1024 filius
787 987 824 1024 in
845 1000 912 1025 sua
932 989 1172 1039 proprietate
1193 987 1490 1039 distinguuntur,

155 1042 392 1094 paracletum
414 1055 565 1094 quoque
585 1055 606 1080 a
627 1050 738 1094 patre
758 1056 800 1082 se
820 1044 1112 1096 postulaturum,
1140 1058 1225 1084 eum
1251 1044 1493 1086 ascendisset

154 1098 203 1137 ad
235 1106 402 1151 patrem,
442 1106 482 1137 et
512 1101 711 1139 missurum
748 1102 1000 1153 repromittit,
1039 1109 1080 1141 et
1116 1101 1268 1154 quidem
1305 1104 1432 1143 alium.
1452 1103 1490 1151 ⁶)

156 1155 235 1195 Sed
261 1157 334 1195 iam
360 1158 643 1209 praemisimus,
683 1158 874 1210 quomodo
907 1159 1034 1198 alium.
1098 1159 1299 1209 Ceterum,
1331 1160 1380 1201 de
1405 1174 1492 1200 meo

156 1215 348 1262 sumet,'‘)
388 1215 529 1267 inquit,
562 1216 662 1254 sicut
687 1217 769 1268 ipse
796 1215 844 1256 de
870 1218 1005 1270 patris.
1066 1217 1124 1257 Ita
1149 1231 1347 1258 connexus
1371 1219 1493 1272 patris
1531 1256 1534 1257 γ

156 1273 195 1311 in
221 1271 300 1310 filio
327 1279 368 1311 et
392 1271 460 1311 filii
486 1273 523 1310 in
550 1274 751 1326 paracleto
779 1281 859 1314 tres
884 1274 1002 1314 efficit
1027 1275 1297 1324 cohaerentes,
1329 1277 1493 1317 alterum

157 1342 207 1368 ex
231 1329 368 1368 altere.
426 1329 497 1378 Qui
524 1337 603 1370 tres
629 1344 742 1370 unum
768 1339 866 1379 sunt,
894 1346 969 1371 non
995 1347 1102 1381 unuS,
1131 1332 1322 1386 quomodo
1349 1333 1493 1374 dictum

157 1393 235 1424 est:
274 1399 348 1437 ego
375 1394 415 1424 et
440 1394 552 1438 pater
577 1401 689 1427 unum
714 1389 914 1442 sumus,⁸)
946 1390 992 1429 ad
1025 1390 1262 1431 substantiae
1294 1392 1492 1439 unitatem,

158 1455 234 1480 non
260 1441 308 1480 ad
335 1445 482 1481 numeri
507 1445 826 1494 singularitatem.
865 1446 1055 1487 Percurre
1082 1448 1221 1496 adhuc,
1248 1455 1288 1488 et
1307 1449 1492 1496 invenies,

159 1511 270 1550 quem
291 1505 438 1550 patrem
461 1499 600 1547 credis,
627 1502 713 1540 vice
728 1503 847 1553 patris
862 1502 1023 1552 dictum3
1051 1513 1091 1543 et
1103 1513 1251 1557 patrem
1266 1507 1492 1558 agricolam,

158 1557 213 1594 uti
241 1569 351 1607 quem
365 1554 405 1608 9)
431 1557 469 1594 in
497 1564 601 1596 terra
626 1565 665 1596 tu
696 1565 806 1610 putas
836 1559 973 1607 fuisse,
1013 1561 1113 1600 hunc
1150 1575 1281 1600 rursus
1306 1564 1345 1600 in
1372 1565 1494 1603 coelis

158 1626 182 1652 a
207 1612 286 1650 filio
312 1614 491 1664 agnosci,
531 1628 615 1653 cum
652 1615 742 1654 illuc
781 1618 994 1668 respiciens
1033 1617 1241 1671 discipulos
1273 1633 1362 1658 suos
1392 1622 1495 1672 patri

158 1668 287 1709 tradit.
363 1668 439 1709 Sed
480 1672 552 1710 etsi
583 1673 621 1710 in
653 1672 728 1710 isto
766 1674 969 1724 evangelio
1008 1688 1085 1713 non
1121 1682 1226 1714 esset
1261 1677 1492 1717 revelatum:

158 1726 252 1766 deus
278 1739 402 1775 meus,
440 1727 489 1767 ad
516 1728 604 1780 quid
631 1742 691 1768 me
718 1727 1063 1783 dereliquisti?¹⁰)
1096 1739 1156 1771 et:
1194 1740 1323 1785 pater,
1354 1735 1394 1773 in
1419 1735 1495 1774 tuis

158 1785 330 1823 manibus
350 1784 504 1837 depono
525 1787 697 1838 spiritum
717 1789 944 1840 meum311)
971 1796 1098 1829 tamen
1123 1797 1212 1843 post
1235 1793 1494 1831 resurrectio-

158 1855 244 1881 nem
270 1850 311 1881 et
336 1841 511 1883 devictae
539 1845 702 1896 gloriam
728 1847 874 1893 mortis,
907 1849 1085 1899 exposita
1110 1853 1344 1888 necessitate
1372 1851 1494 1889 omnis

158 1900 399 1948 humilitatis,
439 1915 522 1941 curn
555 1902 628 1941 iam
655 1910 802 1955 patrem
829 1917 871 1943 se
896 1912 1031 1956 posset
1053 1905 1260 1959 ostendere
1286 1913 1362 1946 tam
1391 1905 1494 1948 fideli

159 1958 324 1996 feminae
351 1971 401 1996 ex
425 1957 656 2008 dilectione,
695 1974 771 1999 non
809 1974 859 2000 ex
895 1963 1141 2010 curiositate,
1179 1977 1253 2003 nec
1285 1977 1335 2003 ex
1365 1965 1494 2004 incre-

159 2013 318 2053 dulitate
343 2015 533 2064 Thomae,
566 2025 727 2070 tangere
755 2031 839 2058 eum
866 2033 1094 2072 aggressae:
1128 2033 1195 2068 ne,
1226 2022 1366 2073 inquit,
1399 2028 1493 2060 con-'

159 2072 295 2123 tigeris
321 2086 399 2121 me,
438 2074 603 2115 nondum
629 2075 788 2115 ascendi
813 2075 863 2115 ad
887 2084 1035 2129 patrem
1060 2091 1203 2126 meum,
1240 2078 1340 2118 vade
1365 2085 1491 2118 autem

159 2129 208 2168 ad
234 2130 374 2169 fratres
405 2145 530 2180 meos,
569 2135 683 2185 (quin
709 2141 749 2172 et
774 2134 811 2172 in
837 2135 912 2174 hoc
944 2148 987 2174 se
1017 2136 1134 2175 filium
1166 2135 1353 2183 ostendit,
1393 2136 1492 2176 filios

160 2188 259 2226 enim
280 2189 514 2240 appellasset
533 2191 631 2238 illos,
659 2192 691 2230 si
711 2199 824 2243 pater
838 2193 1001 2241 fuisset,)
1029 2201 1069 2232 et
1090 2192 1198 2233 dices
1220 2195 1295 2232 cis:
1321 2193 1491 2234 ascendo

159 2243 207 2281 ad
234 2253 379 2296 patrem
411 2259 534 2286 meum
561 2256 600 2287 et
625 2256 773 2301 patrem
802 2257 989 2299 vestrum,
1022 2250 1132 2290 deum
1167 2264 1288 2291 meum
1315 2258 1356 2290 et
1380 2250 1491 2291 deum

254 2402 353 2446 1)10.
369 2408 423 2448 14,
442 2409 494 2439 ιο.
580 2406 618 2451 2)
633 2409 711 2440 ibid.
784 2408 822 2453 3)
838 2412 880 2443 ib.
897 2423 925 2444 v.
941 2414 995 2445 11.
1068 2413 1105 2454 4)
1120 2412 1199 2447 ibid.
1274 2412 1310 2454 5)
1330 2414 1382 2444 lta
1401 2420 1490 2450 ,em-r.

160 2449 329 2480 Latinius.
363 2453 495 2487 ceteri:
519 2459 812 2493 perseverant.
885 2460 906 2488 6
939 2460 1127 2502 lo.14‚16.
1200 2456 1239 2501 7)
1253 2460 1299 2490 lo.
1315 2459 1488 2497 16‚14=‹1-

162 2495 199 2524 8)
226 2496 270 2526 Io.
292 2498 345 2533 10,
368 2499 419 2528 30.
528 2500 565 2540 9)
590 2500 676 2531 Edd.
701 2510 836 2535 omnes:
870 2513 892 2535 u
920 2505 1028 2543 ique.
1125 2502 1188 2547 1⁰)
1212 2504 1332 2535 Matth.
1357 2504 1411 2546 27,
1435 2501 1489 2534 46.

163 2537 224 2582 11)
250 2541 330 2573 Luc.
359 2544 411 2583 23,
439 2545 493 2577 46,
