1604 2800
178 156 253 195 96
399 154 472 186 DE
507 152 1021 186 RESURRECTIONE
1059 154 1286 188 CARNIS.

179 263 273 301 ergo
312 254 352 286 et
388 247 579 286 sententia
616 244 787 285 Platonis
830 247 990 286 alicuius
1034 247 1334 299 pronuntiantis:
1385 250 1507 289 omnis

178 308 303 346 anima
334 304 631 352 immortalis31)
665 310 752 342 utar
781 311 821 343 et
852 304 1094 343 conscientia
1123 305 1255 357 populi
1287 310 1511 346 comestam

180 366 226 403 tis
265 362 376 403 deum
413 361 592 410 de'orum3
631 368 719 400 utar
755 368 795 400 et
830 362 988 414 reliquis
1021 362 1283 401 communibus
1319 363 1506 412 sensibus,

179 423 242 474 qui
268 420 380 461 deum
405 419 571 459 iudicem
598 418 845 471 praedicant:
873 418 967 458 deus
991 418 1116 467 videt,
1149 426 1189 458 et
1213 419 1288 459 deo
1315 433 1510 462 commen-

179 478 292 531 do.²)
351 477 406 517 At
432 491 516 516 cum
542 478 667 516 aiunt:
695 483 903 524 mortuum,
937 475 1040 530 quod
1066 484 1276 526 mortuum3
1314 485 1372 517 et:
1410 480 1508 527 vive,

182 536 268 576 dum
282 536 443 586 vivis33)
460 542 519 574 et:
546 541 634 587 post
658 542 819 573 mortem
847 536 974 574 omnia
1001 535 1195 583 finiuntur,
1223 536 1339 575 etiam
1359 537 1510 589 ipsa:⁴)

181 603 270 634 tunc
297 594 508 633 meminero
535 599 575 632 et
601 605 670 631 cor
694 593 798 644 vulgi
825 593 995 632 cinerem
1021 607 1043 632 a
1070 592 1143 633 deo
1171 592 1393 646 deputatum
1407 595 1447 646 ⁵)
1471 601 1512 634 ct

180 655 300 705 ipsam
338 652 565 703 sapientiam
604 651 726 689 seculi
763 651 961 689 stultitiam
999 651 1343 703 pronuntiatam.⁶)
1403 651 1510 692 Tune

180 711 212 748 si
250 710 470 748 haereticus
501 708 550 747 ad
580 708 685 760 vulgi
715 709 809 746 vitia
839 709 900 747 vel
932 709 1053 748 seculi
1085 710 1240 761 ingenia
1277 710 1511 763 confugerit,

181 765 361 813 discede,
401 764 545 813 dicam,
583 765 631 803 ab
670 765 847 812 ethnice,
888 766 1106 815 haeretice3
1153 768 1226 806 etsi
1263 780 1376 807 unum
1419 769 1512 808 estis

182 837 332 871 omnes,
360 824 423 875 qui
449 821 561 861 deum
588 822 742 873 fingitis,
770 821 856 860 dum
883 823 957 862 hoc
986 831 1110 863 tamen
1137 825 1175 862 in
1191 824 1334 864 Christi
1359 826 1512 865 nomine

181 882 298 929 facis,
326 880 412 919 dum
440 880 679 919 Christianus
705 879 776 918 tibi
802 879 962 927 videris,
991 882 1087 919 alius
1113 881 1160 919 ab
1188 881 1364 930 ethnico3
1391 881 1513 922 redde

181 939 237 978 illi
263 952 351 978 snos
377 951 522 985 sensus,
550 938 638 989 quia
663 950 735 975 nee
761 937 826 975 ille
853 936 901 976 de
928 939 1001 976 tuis
1027 939 1236 977 instruitur.
1271 938 1370 986 Quid
1392 952 1513 979 caeco

182 996 271 1035 duci
297 997 491 1042 inniteris,
525 996 557 1033 si
581 994 713 1033 vides?
773 994 871 1041 Quid
895 996 1048 1034 vestiris
1074 1009 1095 1033 a
1122 994 1236 1043 nud0‚
1263 997 1295 1034 si
1322 995 1514 1036 Christum

182 1053 363 1092 induisti?
423 1051 522 1100 Quid
548 1052 676 1090 alieno
703 1051 822 1090 uteris
850 1052 1009 1104 clypeo,
1049 1053 1082 1091 si
1112 1051 1159 1091 ab
1186 1053 1362 1105 apostolo
1389 1067 1514 1094 arma-

183 1119 242 1150 tus
275 1112 342 1150 es?
402 1109 470 1148 Ille
498 1110 625 1162 potius
651 1122 674 1148 a
701 1116 737 1147 te
765 1108 888 1148 discat
914 1110 1042 1148 carnis
1068 1111 1394 1162 resurrectionem
1421 1125 1515 1151 con·
1545 1152 1551 1157 ,

185 1169 305 1215 fiteri,
334 1181 443 1220 quam
470 1174 509 1206 tu
535 1167 583 1206 ab
610 1167 676 1206 illo
703 1165 875 1215 diffiteri,
909 1169 996 1220 quia
1021 1169 1053 1207 si
1079 1175 1118 1207 et
1143 1182 1165 1207 a
1193 1167 1421 1208 Christianis
1446 1182 1515 1209 ne-

185 1227 269 1278 gari
295 1239 378 1265 eam
406 1232 626 1278 oporteret,
661 1224 854 1263 sufficeret
880 1226 955 1264 illis
981 1224 1029 1265 de
1054 1239 1122 1265 sua
1148 1227 1330 1274 scientia,
1363 1239 1439 1265 non
1465 1225 1514 1266 de

184 1285 288 1335 vulgi
319 1284 539 1334 ignorantia
577 1283 726 1322 instrui.
787 1281 900 1321 Adeo
933 1297 1008 1322 non
1046 1285 1121 1322 erit
1153 1284 1412 1332 Christianus,
1451 1285 1515 1336 qui

185 1354 270 1379 eam
296 1341 472 1390 negabit,
513 1355 623 1392 quam
649 1340 883 1379 confitentur
909 1341 1134 1389 Christiani,
1162 1349 1202 1381 et
1226 1342 1284 1381 his
1309 1354 1515 1394 argumen-

187 1398 235 1435 tis
261 1397 431 1447 negabit,
460 1398 595 1448 quibus
627 1399 746 1436 utitur
770 1412 846 1436 non
874 1398 1127 1438 Christianus.
1190 1398 1316 1439 Aufer
1348 1398 1514 1452 denique

187 1454 408 1500 haereticis,
437 1467 532 1506 quae
561 1468 643 1493 cum
671 1455 834 1493 ethnicis
860 1458 1028 1507 sapiunt,
1055 1464 1097 1495 ut
1122 1456 1170 1496 de
1196 1458 1397 1511 scripturis
1422 1457 1515 1496 solis

187 1511 434 1563 quaestiones
466 1524 553 1549 suas
584 1512 739 1557 sistant,
778 1518 818 1548 et
848 1519 951 1551 stare
978 1527 1053 1551 nou
1080 1521 1274 1564 poterunt.
1337 1514 1515 1554 Commu·

188 1582 256 1608 nes
288 1569 387 1607 enim
418 1581 552 1607 sensus
583 1568 807 1620 simplicitas
839 1569 921 1620 ipsa
953 1569 1196 1609 commendat
1226 1577 1267 1609 et
1298 1565 1514 1624 compassio

187 1627 464 1666 sententiarum
503 1633 542 1664 et
577 1626 817 1664 familiaritas
856 1627 1095 1678 opinionum,
1147 1640 1272 1679 eoque
1316 1627 1515 1668 fideliores

188 1685 470 1730 existimantur,
510 1684 597 1735 quia
633 1681 733 1721 nuda
770 1690 810 1721 ct
846 1690 980 1735 aperta
1018 1690 1058 1723 et
1088 1684 1261 1724 omnibus
1292 1692 1385 1724 nota
1419 1684 1516 1725 defi-

187 1743 307 1780 niunt.
369 1741 482 1779 Ratio
509 1748 635 1779 autem
662 1740 790 1778 divina
815 1741 853 1778 in
879 1739 1045 1780 medulla
1071 1748 1149 1790 est,
1189 1755 1265 1781 non
1290 1742 1329 1781 in
1353 1743 1516 1796 superfi-

189 1801 262 1846 cie,
290 1806 330 1838 et
354 1799 578 1851 plerumque
605 1798 755 1837 aemula
780 1798 1008 1837 manifestis.

303 1860 342 1897 4.
394 1856 526 1908 Itaque
564 1856 754 1895 haeretici
791 1854 879 1894 inde
918 1857 1043 1894 statim
1086 1857 1293 1909 incipiunt,
1343 1865 1384 1897 et
1424 1858 1515 1898 inde

187 1920 451 1966 praestruunt,
492 1912 631 1952 dehine
669 1914 939 1961 interstruunt,
978 1913 1078 1953 unde
1111 1915 1238 1953 sciunt
1273 1914 1390 1955 facile
1428 1917 1514 1969 capi

187 1978 359 2017 mentes,
409 1970 457 2009 de
496 1971 762 2009 communione
800 1971 1003 2010 favorabili
1045 1985 1234 2011 sensuum.
1311 1971 1373 2012 An
1411 1972 1515 2012 aliud

187 2030 292 2081 prius
317 2027 377 2066 vel
404 2029 524 2078 magis
550 2027 683 2066 audias
709 2035 785 2066 tam
810 2029 857 2067 ab
885 2029 1084 2068 haeretico
1111 2042 1221 2082 quam
1252 2028 1300 2068 ab
1333 2029 1516 2074 ethnico?

188 2092 228 2125 et
253 2086 329 2124 non
354 2086 527 2137 protinus
553 2092 592 2124 et
617 2099 693 2124 non
724 2085 863 2138 ubique
896 2088 1110 2126 convicium
1142 2087 1286 2134 carnis,
1323 2087 1363 2126 in
1395 2088 1516 2140 origi-

187 2156 292 2190 nem,
330 2143 370 2181 in
395 2144 611 2190 materiam,
650 2143 687 2180 in
715 2156 860 2191 casum,
899 2145 937 2182 in
963 2156 1112 2183 omnem
1137 2145 1281 2183 exitum
1307 2145 1408 2193 eius,
1445 2146 1515 2185 im·

188 2199 350 2239 mundae
376 2213 398 2239 a
423 2199 634 2252 primordio
661 2213 710 2239 ex
731 2201 903 2240 faecibus
930 2209 1078 2249 terrae,
1117 2200 1380 2241 immundioris
1405 2201 1515 2242 dein-

189 2270 281 2310 ceps
318 2271 367 2297 ex
397 2259 551 2296 seminis
582 2259 640 2296 sui
670 2258 781 2306 lim0‚
820 2260 1000 2306 frivolae,
1039 2259 1230 2306 infirmae,
1270 2260 1512 2306 criminosae,

189 2328 398 2362 onerosae,
425 2315 629 2363 molestae,
657 2322 696 2354 et
720 2322 807 2368 post
832 2324 950 2356 totum
977 2317 1230 2369 ignobilitatis
1255 2317 1422 2369 elogium
1448 2329 1513 2356 ca-

282 2465 318 2503 1)
342 2466 429 2498 Plat.
445 2467 587 2498 phaedr.
601 2476 630 2497 c.
643 2467 696 2499 24.
711 2477 742 2507 p.
758 2468 834 2500 245.
930 2469 966 2508 2)
994 2470 1045 2502 Cf.
1064 2469 1121 2500 lib.
1142 2468 1183 2499 de
1197 2467 1274 2500 test.
1288 2465 1424 2498 animae
1437 2475 1466 2498 c.
1481 2467 1512 2499 2.

192 2509 227 2546 3)
253 2511 271 2539 1
285 2511 360 2542 Cor.
382 2514 435 2551 15,
457 2514 512 2544 32.
562 2514 626 2544 les.
647 2514 701 2554 22,
723 2515 776 2545 13.
871 2512 909 2557 4)
936 2516 986 2547 Cf.
1007 2525 1035 2546 c.
1056 2517 1087 2549 1.
1109 2516 1144 2546 et
1155 2514 1213 2545 lib.
1233 2513 1275 2544 de
1289 2512 1404 2544 anima
1417 2513 1511 2544 can.

193 2551 228 2594 5)
256 2556 387 2597 1es.44‚
404 2559 457 2590 20.
554 2560 590 2599 e)
618 2561 635 2589 1
652 2560 728 2590 cnr.
744 2561 774 2598 1,
792 2561 844 2589 20.
871 2561 970 2601 3,19.
