1604 2800
146 157 257 194 eoo
663 138 972 188 οΕἈΝιΜΑ.

146 257 300 296 nostro,
333 249 395 300 qui
427 245 567 286 exinde
594 247 670 286 illis
694 249 955 300 peccatricem
983 247 1286 287 circumfinxerit
1311 261 1479 290 carnem.

144 307 318 347 Examen
342 305 539 344 Valentini
565 317 696 344 semen
722 303 892 358 Sophiae
918 306 1063 344 infulsit
1089 306 1252 354 animae,
1284 319 1355 359 per
1379 307 1482 360 quod

145 364 328 403 historias
359 370 474 416 atque
500 363 670 402 milesias
694 376 858 402 aeonum
884 377 1038 402 suorum
1064 376 1114 402 ex
1138 364 1367 415 imaginibus
1391 366 1483 405 visi-

144 422 277 460 bilium
302 427 604 472 recognoscunt.
665 419 791 460 Doleo
822 421 926 460 bona
957 420 1052 469 fide,
1086 420 1286 461 Platonem
1318 423 1483 462 omnium

145 479 433 519 haereticorum
460 477 805 518 condimentarium
831 480 987 518 factum.
1037 478 1143 518 Illius
1169 486 1229 518 est
1254 480 1354 519 enim
1381 487 1422 519 et
1445 481 1484 519 in

145 535 421 584 Phaedone,1)
463 535 564 588 quod
602 538 751 576 animae
788 537 877 576 hinc
911 543 1047 576 euntes
1078 538 1156 575 sint
1186 537 1296 585 illuc,
1330 544 1371 576 et
1394 537 1484 577 inde

145 594 244 642 huc;
279 595 370 634 item
402 595 440 632 in
465 594 639 642 Timaeo,
653 596 691 645 2)
726 594 826 647 quod
859 596 1033 646 germina
1046 595 1084 643 ³)
1118 593 1181 634 dei
1207 593 1387 647 delegata
1412 595 1485 635 sibi

145 652 361 691 mortalium
389 653 585 704 genitura,
618 660 784 705 accepto
811 653 920 691 initio
948 653 1098 692 animae
1124 653 1348 699 immortali,
1382 667 1486 692 mor-

146 710 224 748 tale
263 710 299 749 ei
338 711 702 761 circumgelaverint
746 724 906 763 corpus3
959 718 1035 749 tum
1080 710 1183 763 quod
1225 709 1385 750 mundus
1422 711 1486 750 hic

151 768 282 818 imago
308 768 358 805 sit
382 768 541 806 alterius
567 769 741 814 alicuius,
770 781 866 820 quae
893 770 1019 807 omnia
1044 775 1086 807 ut
1111 767 1201 807 fidei
1228 767 1486 816 commendet,

148 830 189 862 et
219 825 380 862 animam
414 831 521 862 retro
554 826 590 862 in
623 826 886 876 superioribus
925 840 1008 864 cum
1042 825 1116 865 deo
1149 827 1277 877 egisse
1309 827 1348 864 in
1381 840 1487 866 com-

147 882 294 920 mercio
321 880 506 928 idearum,
541 889 580 920 et
604 881 693 920 inde
720 882 793 921 huc
820 884 1073 929 transvenire,
1101 890 1141 921 et
1165 883 1228 921 hic
1255 896 1352 935 quae
1378 890 1486 922 retro

148 939 253 977 norit
277 937 325 977 de
352 939 636 991 exemplaribus
675 952 904 987 recensere,
943 953 1081 979 novum
1119 940 1335 979 elaboravit
1371 954 1488 992 argu·-

146 1003 334 1044 mentum,
367 993 562 1048 μαθήσεις
591 992 891 1049 ἀναμνήσεις,4)
930 997 969 1035 id
1001 1004 1061 1036 est
1092 996 1301 1036 discentias
1331 999 1490 1037 remini-

149 1054 318 1092 scentias
357 1066 463 1101 esse3
507 1055 708 1093 venientes
752 1055 852 1093 enim
889 1054 963 1093 huc
1001 1053 1091 1092 inde
1130 1055 1275 1093 animas
1313 1054 1490 1094 oblivisci

149 1123 296 1158 eorum,
323 1112 362 1149 in
388 1111 523 1163 quibus
548 1112 655 1164 prius
681 1112 837 1158 fuerint,
865 1110 1004 1150 dehinc
1031 1124 1081 1150 ex
1106 1112 1164 1150 his
1188 1111 1400 1151 visibilibus
1425 1125 1505 1161 re—‚

151 1167 306 1207 cordari
338 1167 514 1208 edoctas.
577 1168 671 1208 Cum
702 1170 821 1221 igitur
846 1168 1061 1208 huiusmodi
1086 1176 1314 1221 argumento
1339 1170 1406 1209 illa
1430 1171 1490 1209 in-

149 1226 350 1265 sinuentur
374 1239 397 1264 a
421 1226 597 1274 Platone,
624 1239 721 1280 quae
747 1227 937 1266 haeretici
963 1234 1200 1275 mutuantur,
1232 1228 1326 1267 satis
1350 1227 1490 1267 haere-

151 1284 251 1322 ticos
276 1285 548 1335 repercutiam,
576 1286 608 1323 si
633 1291 898 1337 argumentum
923 1284 1095 1323 Platonis
1121 1284 1274 1325 elidam.

266 1342 383 1390 24-5)
445 1341 573 1380 Primo
601 1342 753 1394 quidem
781 1342 985 1381 oblivionis
1012 1356 1196 1395 capacem
1223 1343 1385 1382 animam
1411 1356 1488 1382 non

155 1396 303 1443 cedam,
337 1398 423 1448 quia
450 1405 594 1436 tantam
621 1400 677 1437 illi
704 1401 899 1439 concessit
925 1400 1176 1448 divinitatem,
1203 1408 1246 1439 ut
1271 1399 1344 1440 deo
1371 1399 1491 1440 adae-

153 1461 302 1505 quetur.
342 1453 514 1492 Innatam
535 1468 619 1493 eam
644 1456 752 1502 facit,
780 1456 880 1508 quod
903 1464 944 1495 et
963 1459 1084 1496 solum
1111 1471 1261 1498 armare
1281 1459 1491 1510 potuissem

153 1509 203 1549 ad
228 1511 487 1549 testimonium
518 1512 657 1563 plenae
689 1511 917 1561 divinitatis3
951 1514 1091 1552 adiicit
1122 1516 1394 1563 immortalem,
1432 1517 1491 1554 in-

155 1568 459 1619 corruptibilem,
487 1569 786 1621 incorporalem,
814 1571 901 1622 quia
926 1570 1001 1608 hoc
1029 1578 1068 1609 et
1094 1570 1205 1609 deum
1227 1571 1405 1618 eredidit,
1432 1574 1491 1610 in-

152 1625 356 1672 visibilem,
378 1624 675 1677 ineffigiabilem,
697 1627 939 1674 uniformem,
960 1628 1226 1679 principalem,
1247 1629 1489 1676 rationalem,

154 1683 468 1721 intellectualem.
532 1683 631 1731 Quid
656 1684 817 1736 amplius
842 1685 1110 1736 proscriberet
1134 1686 1317 1732 animam,
1347 1687 1379 1724 si
1405 1699 1490 1724 eam

156 1738 267 1778 deum
294 1743 558 1793 nuncuparet?
615 1740 699 1780 Nos
731 1749 877 1788 autem,
911 1743 974 1794 qui
1004 1742 1097 1780 nihil
1125 1741 1199 1781 deo
1226 1742 1490 1795 appendimus,

153 1797 229 1835 hoe
250 1798 333 1849 ipso
354 1799 516 1836 animam
543 1799 659 1851 longe
685 1800 786 1838 infra
812 1798 924 1838 deum
950 1799 1213 1852 expendimus,
1237 1800 1341 1852 quod
1363 1808 1491 1839 natam

154 1868 238 1893 eam
265 1857 527 1906 agnoscimus,
560 1870 606 1896 ac
637 1870 709 1909 per
733 1857 808 1896 hoc
835 1856 1025 1896 dilutioris
1051 1857 1278 1905 divinitatis,
1318 1859 1491 1897 exilioris

153 1913 365 1959 felicitatis,
394 1920 434 1951 ut
458 1914 600 1962 flatum,
628 1928 704 1953 non
730 1922 772 1953 ut
795 1915 989 1967 spiritum3
1023 1923 1063 1954 et
1086 1916 1118 1954 si
1143 1915 1417 1963 immortalem,
1450 1923 1492 1954 ut

155 1970 229 2008 hoc
256 1971 305 2008 sit
330 1970 559 2019 divinitatis,
591 1979 720 2011 tamen
751 1972 990 2025 passibilem,
1024 1980 1066 2011 ut
1090 1972 1165 2011 hoe
1191 1974 1241 2011 sit
1266 1974 1489 2020 nativitatis,

155 2026 320 2079 ideoque
360 2035 399 2067 et
429 2042 452 2066 a
481 2029 693 2080 primordio
737 2030 1033 2069 exorbitationis
1071 2043 1278 2082 capacem,
1323 2038 1363 2069 et
1399 2030 1489 2069 inde

156 2085 271 2122 etiam
310 2085 514 2124 oblivionis
552 2086 712 2127 affinem.
786 2086 890 2126 Satis
921 2087 969 2126 de
1001 2088 1074 2126 isto
1114 2101 1197 2126 cum
1230 2087 1489 2139 Hermogene.

157 2141 338 2180 Ceterum
377 2156 493 2195 quae,
531 2151 573 2182 ut
603 2145 739 2183 haberi
775 2146 915 2184 merito
953 2146 1154 2197 possit.ex
1185 2146 1489 2198 peraequatione

158 2200 320 2238 omnium
347 2201 624 2252 proprietatum
652 2201 758 2250 deus,
785 2203 878 2242 nulli
897 2203 1068 2254 passioni
1088 2202 1316 2250 subiacebit,
1342 2204 1396 2241 ita
1415 2215 1488 2242 nec

159 2255 360 2305 oblivioni,
394 2271 505 2310 quum
531 2265 636 2297 tanta
663 2260 712 2298 sit
736 2260 876 2299 iniuria
907 2259 1068 2308 oblivio,
1103 2267 1243 2312 quanta
1273 2267 1333 2299 est
1362 2260 1490 2312 gloria

251 2372 284 2410 1)
297 2371 382 2402 Plat.
398 2373 526 2407 Phaed.
540 2383 572 2414 p.
586 2375 628 2404 ‘10
641 2375 676 2404 C.
773 2375 910 2416 2)1>1at.
925 2375 1011 2407 Tim.
1025 2385 1057 2415 p.
1074 2376 1116 2406 43
1129 2385 1199 2415 sqq.
1215 2385 1247 2416 p.
1262 2377 1304 2407 29
1316 2385 1365 2415 sq.
1449 2375 1486 2415 3)

161 2414 230 2452 Rig.
245 2417 429 2454 genimin
441 2428 472 2450 a.
568 2420 709 2459 4)P1at.
721 2420 846 2452 Phaed.
861 2431 893 2460 p.
907 2423 949 2453 73
965 2422 1000 2452 B.
1097 2422 1132 2461 5)
1146 2423 1220 2453 Hoc
1241 2431 1315 2461 cap.
1330 2422 1366 2452 in
1379 2420 1486 2451 Rhen-

161 2461 193 2488 et
218 2460 291 2491 Get.
319 2463 392 2494 edd.
419 2464 636 2496 inscribitur:
683 2467 897 2498 Adversus
933 2468 1129 2499 Platoni·
1173 2477 1274 2508 argu
1286 2469 1486 2506 mentum,

162 2506 266 2540 quod
303 2508 544 2542 discentias
583 2512 939 2544 reminiscentias
971 2513 1098 2545 dicat.
1219 2512 1256 2557 6)
1283 2512 1355 2544 Gel·
1378 2514 1412 2543 et
1434 2512 1486 2544 ed·

162 2549 377 2589 Fran-quae
402 2557 446 2585 ut
471 2556 571 2587 deus
586 2558 650 2588 etc.
