1604 2800
521 149 650 184 Anv.
686 149 963 184 lunassos.
1302 149 1413 189 808

92 241 337 296 adimpletum
360 241 549 282 videmus.
599 242 670 282 Cni
695 244 793 282 enim
820 242 1016 283 dexteram
1042 248 1149 283 tenet
1171 250 1284 296 pater
1305 242 1413 292 deus,

92 300 167 339 nisi
192 299 367 348 Christo,
398 299 478 339 filio
502 301 597 338 sno?
631 314 741 352 quem
767 300 1020 340 exaudierunt
1044 314 1176 340 omnes
1200 307 1350 352 gentes,
1374 301 1414 340 id

92 364 172 404 est,
209 358 272 396 cui
302 369 434 396 omnes
463 364 601 408 gentes
626 357 891 405 crediderunt,
929 359 1036 397 cuius
1060 365 1101 397 et
1123 357 1414 410 praedicatores

92 413 259 467 apostoli
283 416 322 453 in
346 414 501 466 psalmis
525 413 646 453 David
673 414 941 454 ostenduntur:
979 416 1017 454 in
1046 415 1243 462 universa,
1280 415 1414 467 inquit,

92 477 200 510 terra
224 472 321 511 exiit
343 484 460 510 sonus
484 484 629 518 eornm,
655 479 695 510 et
719 485 837 524 usqne
862 471 912 511 ad
936 473 1119 511 terminos
1145 479 1272 511 terrae
1298 471 1416 510 verba

92 529 293 577 eorum.¹)
358 527 402 566 In
434 541 545 580 quem
575 529 674 567 enim
706 530 819 568 alium
850 531 1051 568 universae
1076 536 1213 580 gentes
1238 527 1414 568 credide·

92 591 195 632 runt,
220 585 291 627 uisi
311 585 351 623 in
366 585 569 631 Christum,
596 586 658 637 qui
678 587 750 624 iam
768 588 899 624 venit?
923 586 994 624 Cui
1019 587 1118 624 enim
1144 593 1185 624 et
1202 586 1302 624 aliae
1322 597 1417 636 gen·-

92 648 154 680 tes
178 639 445 688 crediderunt,
476 641 626 688 Parthi,
658 642 782 688 Medi,
809 643 1015 689 Elamitae,
1053 649 1094 681 et
1117 644 1181 694 qui
1205 642 1418 681 inhabitant

91 697 424 750 Mesopotamiam,
443 697 677 745 Armeniam,
699 699 918 751 Phrygiam,
933 698 1230 751 Cappadociam,
1257 706 1297 738 et
1308 700 1419 737 inco-

93 754 219 794 lentes
243 754 404 794 Pontum
430 762 471 794 et
493 754 624 793 Asiam
649 763 690 793 et
714 755 985 807 Pamphyliam,
1017 757 1262 794 immorantes
1284 755 1419 806 Aegy-

92 817 212 864 ptum,
238 818 280 850 et
301 813 501 862 regionem
521 810 693 857 Africae,
721 825 817 862 quae
844 819 904 849 est
927 819 1032 850 trans
1052 812 1245 862 Cyrenen,
1270 811 1420 848 inhabi-

92 874 234 914 tantes,
259 866 423 906 Romani
447 874 487 905 et
510 867 662 905 incolae
688 874 798 913 tunc,
830 874 870 905 et
893 868 933 905 in
958 867 1196 907 Hierusalem
1221 866 1366 913 Iudaei,
1379 866 1419 918 ²)

93 930 136 964 et
154 930 312 963 ceterae
337 930 487 975 gentes,
513 925 628 962 etiam
649 922 871 962 Getulorum
896 925 1116 970 varietates,
1143 931 1182 963 et
1200 924 1420 962 Maurorum

93 970 203 1020 multi
233 979 347 1028 lines,
384 979 651 1032 Hispaniarum
689 981 820 1018 omnes
856 982 1027 1026 termini,
1066 987 1106 1018 et
1131 980 1338 1018 Galliarum
1363 978 1421 1016 di-

93 1048 232 1076 versae
267 1037 462 1082 nationes,
500 1043 540 1074 et
569 1036 838 1074 Britannorum
875 1037 1074 1075 inaccessa
1103 1036 1283 1074 Romanis
1319 1035 1420 1080 loca,

97 1093 252 1132 Christo
284 1105 377 1131 vero
409 1091 578 1138 subdita,
611 1099 652 1130 et
682 1091 939 1131 Sarmatarum
971 1100 1011 1131 et
1035 1092 1227 1131 Dacorum
1258 1099 1298 1130 et
1324 1090 1421 1131 Ger-

96 1162 293 1189 manorum
319 1155 360 1188 et
384 1147 614 1201 Scytharum
646 1156 686 1187 et
715 1148 928 1187 abditarum
959 1150 1157 1188 multarum
1189 1149 1357 1200 gentium
1382 1154 1423 1187 et

96 1207 380 1260 provinciarum
394 1213 434 1244 et
453 1206 656 1244 insularum
678 1206 875 1244 multarum
894 1206 1005 1244 nobis
1022 1207 1250 1257 ignotarum,
1272 1212 1312 1244 et
1325 1216 1421 1257 quae

99 1275 326 1303 enumerare
352 1263 472 1301 minus
497 1265 719 1314 possumus?
754 1262 795 1300 ln
821 1263 955 1314 quibus
975 1263 1146 1301 omnihus
1165 1263 1260 1301 locis
1281 1262 1422 1300 Christi

98 1333 258 1367 nomen,
295 1321 358 1371 qui
383 1320 458 1357 iam
483 1320 606 1365 venit,
644 1326 800 1370 regnat,
838 1326 972 1371 utpote
1003 1327 1091 1358 ante
1123 1332 1232 1371 quem
1258 1319 1422 1357 omnium

100 1377 296 1416 civitatum
326 1367 462 1428 portae
493 1383 582 1413 sunt
610 1383 787 1427 apertae,
819 1382 860 1414 et
890 1377 951 1414 cui
982 1376 1107 1414 nullae
1139 1382 1226 1414 sunt
1256 1376 1422 1421 clausae,

99 1440 189 1472 ante
209 1446 319 1485 quem
343 1445 455 1472 serae
480 1432 633 1470 ferreae
659 1440 745 1470 sunt
768 1433 1035 1479 comminutae,
1062 1439 1102 1471 et
1124 1433 1257 1470 valvae
1283 1444 1423 1470 aereae

99 1497 274 1543 apertae.
287 1488 328 1542 ³)
389 1489 620 1540 Quamquam
645 1495 686 1526 et
708 1490 781 1527 ista
806 1490 1033 1555 spiritaliter
1055 1490 1131 1527 sint
1160 1487 1422 1539 intelligenda,

100 1559 199 1601 quae
221 1545 452 1599 praecordia
482 1545 716 1596 singulorum
747 1547 863 1584 variis
893 1544 1015 1584 modis
1039 1559 1062 1584 a
1087 1545 1242 1584 diabolo
1268 1546 1425 1583 obsessa

100 1602 177 1643 fide
196 1603 339 1643 Christi
357 1604 432 1642 sint
457 1610 650 1648 reserata3
676 1609 842 1640 attamen
869 1604 1069 1653 perspicue
1094 1608 1181 1639 sunt
1204 1600 1423 1651 adimpleta,

100 1667 235 1712 utpote
266 1660 307 1699 in
337 1659 472 1710 quibus
504 1658 676 1696 omnibus
707 1659 803 1695 locis
827 1658 987 1708 populus
1012 1658 1173 1695 nominis
1200 1656 1376 1695 Christi·
1365 1671 1423 1694 ιιι-

100 1716 262 1755 habitet.
334 1715 426 1762 Quis
462 1715 562 1752 enim
599 1713 771 1751 omnibus
807 1714 984 1763 gentibus
1021 1726 1185 1764 regnare
1223 1715 1422 1765 potuisset,

101 1772 175 1810 nisi
200 1771 386 1816 Christus,
413 1769 475 1809 dei
500 1769 610 1815 filius,
637 1769 700 1819 qui
725 1770 898 1807 omnibus
917 1770 955 1807 in
974 1777 1171 1808 aeternum
1196 1777 1423 1821 regnaturus

102 1827 373 1873 nuntiabatur?
1176 1842 1181 1844 s

417 1917 473 1943 DE
499 1917 650 1944 REGNO
676 1916 858 1943 cuntsrl
881 1918 1101 1945 AB'rnnn’o.

216 1973 315 2013 Nam
327 1974 367 2012 ⁷si
388 1972 570 2013 Salomon
595 1973 782 2024 regnavit,
809 1972 878 2011 sed
904 1975 941 2012 in
967 1974 1103 2013 finibus
1122 1974 1240 2014 Indae
1266 1982 1422 2021 tautum,

102 2040 127 2072 a
149 2030 369 2072 Bersabeae
406 2042 524 2081 usque
550 2028 633 2067 Dan
669 2030 821 2068 termini
857 2032 967 2082 regni
997 2032 1079 2070 eius
1110 2033 1321 2083 signantur.
1381 2031 1423 2070 Si

102 2102 197 2128 vero
233 2087 455 2139 Babyloniis
491 2093 532 2124 et
566 2085 716 2124 Parthis
751 2089 926 2138 regnavit
961 2087 1118 2135 Darius,
1157 2092 1256 2138 [non
1292 2088 1425 2126 habuit

103 2149 334 2198 potestatem
358 2143 531 2189 ulterius,
562 2143 663 2181 ultra
688 2143 783 2181 fines
807 2145 917 2194 regni
942 2145 1090 2194 sui‚]⁴)
1121 2159 1197 2183 non
1228 2145 1361 2183 habuit
1384 2146 1423 2182 in

105 2202 277 2241 omnibus
301 2199 478 2252 gentibus
502 2206 751 2251 potestatem;
777 2201 810 2237 si
829 2200 1034 2252 Aegyptiis
1053 2200 1215 2247 Pharao,
1240 2202 1301 2239 vel
1322 2201 1423 2252 quis-

105 2260 188 2310 quis
211 2258 249 2297 ei
273 2258 312 2296 in
338 2254 577 2295 haereditate
607 2256 719 2306 regni
749 2258 952 2303 successit,
990 2258 1071 2296 illie
1106 2264 1249 2296 tantum
1279 2258 1423 2309 potitus

105 2322 166 2354 est
182 2315 293 2366 regni
311 2314 369 2352 sui
389 2312 612 2360 dominium3
638 2313 670 2350 si
687 2310 1048 2352 Nabuchodonosor
1067 2327 1150 2352 eum
1169 2315 1245 2353 suis
1263 2313 1421 2366 regulis,

105 2372 153 2410 ab
179 2371 287 2411 India
322 2382 440 2422 usque
464 2368 711 2422 Aethiopiam
746 2368 879 2408 babuit
913 2371 1023 2421 regni
1059 2371 1116 2408 sui
1153 2371 1352 2418 terminos3
1389 2371 1421 2408 si

196 2472 236 2516 1)
250 2474 303 2504 Po.
319 2475 372 2513 19,
388 2475 419 2504 5.
480 2473 516 2512 2)
529 2473 604 2503 Aet.
616 2472 700 2510 App.
714 2472 746 2511 2,
761 2474 781 2502 9
792 2481 863 2511 sqq.
923 2473 960 2513 3)
976 2475 1035 2504 les.
1050 2475 1105 2511 45,
1120 2474 1137 2503 1
1148 2482 1198 2512 sq.
1257 2472 1296 2516 4)
1309 2475 1421 2506 Verba

104 2520 205 2552 uncis
229 2519 364 2551 inclusa
389 2519 512 2549 desunt
537 2518 627 2556 apud
651 2516 728 2556 Rig.
