1624 2826
387 213 904 246 ADV.MARG10NEM
940 214 1117 244 LIBER
1151 214 1191 246 v.
1357 210 1458 249 285

130 315 309 348 terrenos
334 301 448 359 atque
475 307 669 345 coelestes
695 307 888 353 homines,
930 313 1057 344 tamen
1083 319 1133 344 ex
1163 306 1267 357 pari,
1307 307 1370 357 qui
1395 318 1457 351 se-

133 364 296 404 cundum
328 366 470 403 exitum
508 371 574 402 aut
611 365 649 401 in
680 362 805 401 Adam
843 371 909 402 aut
946 365 983 401 in
1017 363 1173 402 Christo
1212 362 1459 415 deputantur.

131 422 184 461 Et
206 422 296 462 ideo
321 423 395 461 iam
421 420 469 460 ad
495 421 805 467 exhortationem
831 422 914 473 spei
942 421 1136 468 coelestis,
1164 421 1263 459 sicut
1289 421 1460 472 portavi-

131 493 233 527 mus,
259 481 400 532 inquit,
426 479 629 530 imaginem
655 480 821 524 terreni,
849 486 1046 530 portemus
1071 485 1111 516 et
1136 479 1341 529 imaginem
1369 489 1462 515 coe-

132 537 306 586 lestis‚¹)
345 550 420 575 non
451 535 500 574 ad
527 536 775 574 substantiam
802 536 916 574 ullam
942 536 1120 574 referens
1146 536 1459 580 resurrectionis,

134 593 203 633 sed
240 593 290 633 ad
326 595 542 648 praesentis
580 594 765 645 temporis
804 592 1059 644 disciplinam.
1121 591 1322 631 Portemus
1348 593 1461 637 enim,
1497 635 1499 638 ¹
1541 583 1543 585 ¹

133 652 268 704 inquit,
295 665 372 691 non
397 651 645 703 portabimus,
672 651 934 702 praeceptive,
962 664 1038 688 non
1064 651 1304 702 promissive,
1330 650 1464 687 volens

134 721 206 747 nos
243 709 343 747 sicut
378 710 460 760 ipse
498 709 658 746 incessit
694 709 747 746 ita
778 707 962 746 incedere
1001 714 1041 745 et
1070 721 1093 745 a
1130 708 1295 752 terreni,
1334 705 1374 744 id
1406 713 1465 744 est

133 767 298 812 veteris,
325 766 488 804 hominis
514 766 680 815 imagine
707 764 934 810 abscedere,
969 777 1065 815 quae
1092 771 1151 802 est
1178 763 1344 801 carnalis
1371 775 1464 814 ope-

134 824 249 862 ratio.
311 822 487 873 Denique
521 821 611 872 quid
642 821 862 871 subiungit?
910 821 994 859 Hoc
1027 821 1126 859 enim
1160 819 1268 866 dico,
1308 821 1463 866 fratres,

135 880 225 931 quia
251 892 343 918 caro
370 886 410 917 et
435 879 592 930 sanguis
619 891 779 929 regnum
806 877 868 916 dei
897 892 972 916 non
997 875 1316 929 possidebunt,2)
1345 890 1465 928 opera

135 937 291 976 scilicet
315 937 443 975 carnis
470 943 509 974 et
534 937 744 986 sanguinis,
772 936 906 988 quibus
932 943 971 974 et
996 935 1044 973 ad
1073 935 1228 974 Galatas
1243 935 1464 985 scribens3)

135 994 294 1033 abstulit
319 993 382 1032 dei
408 1006 582 1044 regnum,
615 993 751 1031 solitus
777 1000 817 1031 et
842 994 937 1031 alias
964 993 1212 1031 substantiam
1239 1006 1309 1044 pro
1337 993 1467 1044 operi«

102 1067 107 1070 “
135 1051 207 1090 bus
239 1051 476 1090 substantiae
515 1063 681 1102 ponere,
721 1058 762 1088 ut
795 1064 878 1089 cum
911 1050 1023 1096 dicit,
1064 1063 1150 1097 eos,
1190 1051 1251 1101 qui
1283 1051 1321 1087 in
1349 1062 1466 1087 carne

137 1115 237 1155 sunt,
265 1107 339 1147 deo
365 1109 523 1160 placere
551 1122 626 1146 non
653 1109 828 1159 posse.4)
893 1107 1052 1156 Quando
1080 1109 1179 1146 enim
1208 1108 1364 1158 placere
1392 1106 1466 1144 deo

137 1165 367 1218 poterimus,
408 1167 479 1203 nisi
511 1165 598 1203 dum
630 1166 668 1202 in
701 1178 817 1203 carne
850 1165 922 1203 hac
955 1168 1106 1203 sumus?
1164 1164 1281 1202 Aliud
1320 1171 1468 1214 tempus

141 1223 378 1274 operationis
404 1223 546 1260 nullum
573 1223 711 1273 opinor
737 1229 807 1259 est.
853 1221 932 1259 Sed
958 1223 989 1259 si
1022 1223 1059 1260 in
1095 1234 1211 1259 carne
1245 1233 1467 1272 quamquam

141 1279 353 1326 constituti,
382 1280 510 1317 carnis
537 1292 657 1330 opera
682 1279 883 1329 fugiamus,
913 1285 986 1317 tum
1015 1292 1091 1316 non
1118 1279 1258 1317 erimus
1278 1279 1316 1315 in
1338 1290 1468 1323 carne,

142 1335 229 1375 dum
267 1350 342 1375 non
379 1337 419 1374 in
457 1336 668 1374 substantia
707 1337 833 1375 carnis
870 1350 946 1374 non
978 1350 1122 1383 sumus,
1162 1335 1228 1374 sed
1267 1336 1304 1372 in
1343 1335 1467 1386 culpa.

143 1393 288 1442 Quodsi
319 1396 356 1432 in
395 1396 548 1432 nomine
583 1393 710 1432 carnis
742 1407 880 1445 opera,
919 1407 996 1431 non
1035 1393 1303 1438 substantiam,
1344 1393 1471 1430 carnis

141 1451 318 1499 iubemur
342 1463 559 1502 exponere,
600 1450 781 1502 operibus
807 1464 902 1501 ergo
930 1451 1076 1498 carnis,
1116 1463 1192 1488 non
1219 1450 1469 1494 substantiae,

143 1503 272 1548 carnis
309 1509 348 1546 in
386 1509 539 1546 nomine
578 1507 794 1559 denegatur
830 1507 894 1546 dei
931 1519 1104 1559 regnum.
1166 1506 1255 1545 Non
1295 1508 1396 1544 enim
1433 1505 1471 1544 id

142 1565 360 1612 damnatur,
400 1567 438 1604 in
477 1579 550 1618 quo
589 1566 686 1604 male
726 1566 785 1612 fit,
824 1565 893 1604 sed
918 1565 976 1612 id,
1016 1564 1117 1617 quod
1156 1565 1208 1603 fit.
1270 1563 1471 1602 Venenum

144 1622 239 1663 dare
265 1624 392 1662 scelus
419 1630 495 1670 est,
536 1623 638 1661 calix
662 1630 809 1670 tamen,
849 1625 886 1661 in
914 1637 987 1675 quo
1015 1622 1143 1669 datur,
1182 1635 1271 1660 reus
1298 1635 1372 1659 non
1400 1628 1471 1659 est.

144 1680 204 1720 Ita
229 1688 270 1720 et
296 1694 436 1732 corpus
464 1681 674 1719 carnalium
701 1693 859 1732 operum
887 1694 952 1719 vas
978 1688 1055 1727 est,
1095 1681 1220 1718 anima
1247 1686 1306 1717 est
1331 1686 1472 1723 autem,

145 1750 242 1789 quae
274 1739 313 1776 in
344 1739 411 1776 illo
441 1751 628 1776 venenum
662 1738 822 1776 alicuius
848 1738 936 1775 mali
967 1738 1060 1775 facti
1086 1743 1288 1789 temperat.
1352 1735 1473 1782 Quale

145 1801 206 1832 est
235 1801 381 1840 autem,
419 1802 479 1840 ut,
519 1795 550 1831 si
582 1795 708 1831 anima
740 1795 892 1832 auctrix
923 1806 1080 1844 operum
1108 1795 1234 1831 carnis
1265 1792 1476 1830 merebitur

147 1851 210 1890 dei
243 1863 403 1901 regnum
435 1863 506 1902 per
537 1851 796 1901 expiationem
830 1863 981 1896 eorum,
1016 1863 1111 1901 quae
1144 1851 1182 1887 in
1215 1862 1380 1901 corpore
1407 1847 1476 1886 ad-

147 1909 265 1955 misit,
305 1921 446 1959 corpus
478 1908 687 1945 ministrum
720 1906 958 1945 solummodo
989 1908 1028 1944 in
1054 1906 1299 1945 damnatione
1326 1919 1476 1958 perma-

148 1967 262 2004 neat?
308 1964 499 2003 Venefico
533 1964 722 2002 absoluto
744 1965 846 2003 calix
877 1965 951 2003 erit
981 1964 1219 2016 puniendus?
1267 1963 1318 2001 Et
1347 1971 1476 2002 tamen

148 2037 226 2073 non
253 2023 382 2074 utique
411 2023 518 2060 carni
544 2020 784 2060 defendimus
811 2021 873 2060 dei
899 2035 1079 2073 regnum,
1119 2021 1187 2060 sed
1218 2022 1477 2060 resurrectio-

148 2093 234 2119 nem
260 2080 495 2119 substantiae
522 2092 626 2126 suae,
655 2080 761 2130 quasi
787 2080 935 2118 ianuam
962 2081 1086 2133 regni,
1113 2093 1185 2132 per
1230 2092 1313 2117 uam
1335 2077 1475 2119 aditur.

150 2137 331 2177 Ceterum
369 2137 473 2176 aliud
510 2137 772 2183 resurrectio,
817 2136 921 2176 aliud
958 2150 1131 2188 regnum.
1205 2093 1335 2175 {rimo
1375 2136 1475 2174 enim

149 2196 411 2241 resurrectio,
462 2194 601 2233 dehinc
645 2207 819 2244 regnum.
893 2193 1112 2246 Resurgere
1149 2196 1279 2246 itaque
1318 2193 1477 2231 dicimus

151 2264 325 2298 carnem,
365 2251 434 2290 sed
459 2259 640 2290 mutatam
679 2252 862 2304 consequi
894 2265 1069 2302 regnum.
1135 2252 1352 2301 Resurgent
1377 2250 1476 2287 enim

150 2310 290 2348 mortui
315 2309 542 2360 incorrupti,
575 2310 630 2347 illi
656 2309 826 2356 scilicet,
854 2310 918 2361 qui
942 2311 1096 2347 fuerant
1122 2309 1293 2359 corrupti
1321 2306 1478 2357 dilapsis

152 2366 381 2418 corporibus
406 2367 444 2403 in
470 2367 679 2405 interitum.
741 2365 793 2404 Et
818 2380 887 2405 nos
914 2367 1159 2413 mutabimur,
1195 2368 1232 2404 in
1259 2371 1407 2408 atomo,
1440 2363 1479 2400 in

153 2425 255 2462 oculi
287 2431 553 2462 momentaneo
592 2431 709 2462 motu.
772 2423 936 2475 Oportet
964 2425 1064 2462 enim
1098 2423 1356 2475 corruptivum
1388 2420 1477 2464 hoc,

156 2489 294 2520 tenens
318 2482 450 2533 utique
485 2494 637 2520 carnem
665 2494 770 2519 suam
796 2480 954 2519 dicebat
978 2481 1194 2533 apostolus,
1233 2478 1395 2518 iuduere
1421 2478 1479 2514 in-

246 2608 282 2648 1)
308 2609 350 2640 ib.
371 2618 401 2639 v.
419 2610 472 2639 49.
546 2607 580 2649 2)
608 2609 653 2641 ab.
669 2618 698 2641 v.
715 2610 767 2639 50.
841 2606 961 2647 amal.
977 2610 1008 2646 5,
1024 2608 1170 2637 19-21.
1243 2607 1280 2646 4)
1296 2606 1389 2637 Rom.
1401 2606 1433 2644 8,
1449 2607 1480 2634 s.
