1624 2826
192 245 294 283 216
446 246 572 277 ADv.
611 243 970 276 MARCIONEM
1004 243 1181 275 LIBER
1205 243 1261 274 lv,

193 340 337 378 clavem
363 337 557 376 habebant
582 338 678 388 legis
705 335 900 383 doctores,
927 336 999 374 nisi
1019 334 1378 388 interpretationem
1397 333 1520 385 legis?

192 396 240 435 ad
278 397 384 435 cuius
421 396 657 434 intellectum
695 407 820 447 neque
858 394 930 445 ipsi
967 392 1149 440 adibant,
1199 405 1275 430 non
1313 389 1520 430 credentes

191 455 354 500 scilicet,
383 454 471 501 (nisi
498 454 596 491 enim
623 451 882 498 credideritis,
910 451 1256 502 nonintelligetis,)
1283 461 1407 501 neque
1421 449 1520 488 alios

191 510 502 558 admittebant,1)
531 511 658 562 ntique
686 509 880 548 docebant
903 515 1114 560 praecepta
1129 508 1255 560 potius
1269 513 1309 545 et
1322 505 1521 545 doctrinas

190 569 394 607 hominum.
458 567 528 615 Qui
554 580 649 618 ergo
676 580 747 606 nec
774 568 877 618 ipsos
903 567 1142 605 introeuntes
1168 578 1241 604 nec
1267 564 1352 603 aliis
1377 562 1522 603 aditum

190 632 431 679 praestantes
469 625 714 677 increpabat,
753 624 997 663 obtrectator
1028 621 1227 661 habendus
1258 629 1319 661 est
1348 622 1448 673 legis
1472 634 1522 660 an

192 685 343 722 fautor?
393 681 435 720 Si
467 682 727 729 obtrectator,
765 682 922 734 placere
957 680 1151 720 debebant
1181 687 1221 719 et
1251 680 1523 733 praeclusores

193 742 309 792 legis3
337 741 368 778 si
393 740 532 786 fautor,
559 741 634 778 iam
661 753 736 778 non
762 747 802 778 et
826 739 996 778 aemulus
1022 740 1132 790 legis.
1167 736 1246 776 Sed
1271 737 1369 776 haec
1396 738 1523 776 omnia

193 798 243 837 ad
268 796 529 836 infuscandum
556 804 772 836 creatorem
798 796 1015 847 ingerebat,
1041 803 1083 835 ut
1101 808 1268 841 saevum,
1295 807 1391 846 erga
1411 807 1522 847 quem

195 855 459 907 delinquentes
485 867 554 893 vae
582 854 747 892 babituri
772 860 914 892 essent.
959 853 1008 892 Et
1029 854 1111 905 quis
1131 866 1283 891 saevum
1305 865 1380 890 non
1395 852 1522 905 potius

193 915 349 952 timeret
389 924 604 964 provocale
650 910 867 950 deficiendo
911 910 958 949 ab
997 914 1069 949 eo?
1118 917 1225 949 tanto
1265 910 1385 961 magis
1423 922 1520 961 ergo

194 969 466 1009 demerendum
511 969 699 1021 docebat,
757 982 867 1021 quem
911 967 1118 1038 timendum
1163 967 1381 1020 ingerebat.
1455 966 1522 1006 Sic

195 1027 399 1081 oportebat
425 1027 615 1066 Christum
641 1028 843 1065 creatoris.

307 1089 377 1127 28.
426 1084 568 1123 Merito
600 1085 729 1136 itaque
761 1097 837 1122 non
863 1084 1043 1136 placebat
1067 1084 1122 1122 illi
1147 1084 1366 1136 hypocrisis
1391 1082 1523 1136 phari-

192 1155 381 1189 saeorum,
409 1142 519 1180 labiis
544 1143 695 1180 scilicet
720 1143 923 1180 amantium
945 1141 1069 1189 deum,
1097 1154 1173 1180 non
1188 1140 1322 1180 corde.
1361 1140 1521 1188 Cavete,

191 1200 313 1252 inquit
336 1199 551 1251 discipulis,
578 1213 601 1238 a
626 1200 816 1238 fermento
842 1200 1152 1251 pharisaeorum,
1187 1198 1288 1251 quod
1314 1205 1374 1238 est
1398 1199 1523 1252 hypo-

192 1258 361 1305 crisis,2)
394 1270 469 1295 non
495 1256 735 1309 praedicatio
762 1258 964 1296 creatoris.
1010 1256 1102 1296 Odit
1127 1264 1376 1306 contumaces
1400 1257 1526 1310 patris

192 1316 309 1362 filius,
347 1329 424 1353 non
448 1315 529 1353 vult
554 1328 644 1353 suos
668 1315 766 1353 tales
792 1316 981 1354 exsistere
1008 1316 1047 1354 in
1072 1315 1196 1362 illum,
1224 1328 1302 1367 non
1327 1315 1366 1353 in
1391 1315 1520 1363 alium,

191 1374 230 1410 in
258 1385 366 1423 quem
392 1372 608 1423 hypocrisis
634 1374 769 1411 fuisset
793 1372 971 1420 admissa,
999 1374 1106 1412 cuius
1126 1373 1342 1429 exemplum
1361 1386 1383 1411 a
1404 1371 1523 1412 disci-'-

191 1430 290 1482 pulis
316 1436 533 1470 caveretur.
593 1429 650 1467 Ita
675 1430 964 1481 pharisaeorum
992 1430 1173 1482 prohibet
1197 1431 1447 1483 exemplum.-
1477 1431 1522 1470 lu

193 1500 278 1525 eum
304 1487 536 1539 prohibebat
559 1486 652 1525 illud
677 1486 840 1533 admitti,
867 1488 905 1525 in
921 1500 1030 1539 quem
1046 1486 1300 1526 admittebant
1312 1489 1520 1540 pharisaei.

194 1545 316 1596 Igitur
341 1545 516 1596 quoniam
542 1544 767 1596 hypocrisin
799 1557 930 1583 eorum
963 1552 1133 1592 taxarat,
1171 1546 1302 1597 utique
1329 1545 1520 1586 celantem

193 1603 346 1641 occulta
385 1601 513 1640 cordis
557 1609 597 1640 et
638 1601 919 1641 incredulitatis
961 1610 1115 1641 secreta
1157 1603 1463 1655 superficialibus
1480 1605 1519 1653 ³)

193 1660 327 1699 officiis
354 1659 667 1707 obumbrantem,
707 1673 803 1712 quae
831 1660 977 1699 clavem
1003 1662 1222 1711 agnitionis
1224 1661 1409 1709 habeus,
1448 1674 1520 1701 nec

190 1719 274 1770 ipsa
304 1718 483 1756 introiret
514 1731 586 1756 nec
618 1718 715 1756 alios
744 1719 915 1765 sineret,
956 1717 1045 1757 ideo
1077 1717 1229 1758 adiicit:
1269 1719 1362 1758 nibil
1393 1726 1526 1759 autem

191 1782 378 1827 opertum,
407 1774 507 1827 quod
534 1789 609 1813 non
634 1775 807 1827 patefiet,
835 1782 874 1813 et
899 1775 992 1820 nihil
1017 1774 1299 1823 absconditum,
1327 1775 1430 1829 quod
1443 1791 1521 1816 ιιοιι

191 1832 458 1884 dignoscetur3
479 1834 517 1881 4)
556 1845 603 1871 ne
630 1834 712 1885 quis
738 1833 951 1880 existimet,
979 1834 1082 1872 illum
1110 1833 1183 1872 dei
1198 1835 1322 1885 ignoti
1347 1842 1455 1874 retro
1481 1842 1522 1874 et

192 1891 334 1928 occulti
360 1891 636 1929 revelationem
662 1898 702 1929 et
727 1892 964 1942 agnitionem
980 1893 1014 1942 ⁵)
1046 1893 1258 1939 intentare,
1293 1905 1377 1931 eum
1402 1892 1522 1932 subii-

193 1949 281 1994 ciat,
308 1948 421 1985 etiam
451 1961 546 1999 quae
573 1949 675 1987 inter
694 1962 735 1987 se
756 1950 1001 1987 mussitarent
1024 1950 1087 1988 vel
1112 1956 1340 1997 tractarent,
1366 1951 1522 1990 scilicet

191 2018 306 2056 super
332 2006 414 2056 ipso
441 2004 634 2044 dicentes:
661 2006 723 2045 bic
747 2019 825 2056 ‚non
852 2007 1010 2059 expellit
1037 2006 1240 2046 daemonia
1260 2008 1332 2046 nisi
1352 2008 1390 2046 in
1404 2003 1521 2048 Beelss

190 2063 327 2109 zebul,
365 2063 403 2100 in
430 2070 603 2114 apertum
628 2076 883 2115 processura,
923 2072 963 2103 et
992 2066 1030 2104 in
1064 2078 1132 2105 ore
1146 2066 1352 2105 bominum
1377 2066 1518 2114 futura,

191 2133 240 2158 ex
271 2120 461 2171 evangelii
491 2121 810 2172 promulgatione.
831 2123 869 2172 6)
943 2122 1092 2162 Dehinc
1131 2136 1343 2163 conversus
1378 2123 1439 2163 ad·
1460 2123 1520 2164 di-

191 2178 378 2229 scipulos:
406 2177 493 2216 dico
508 2185 647 2225 autem,
674 2180 806 2231 inquit,
822 2180 942 2227 vobis,
965 2182 1098 2221 amicis
1112 2182 1219 2230 meis,
1241 2182 1361 2222 nolite
1377 2184 1519 2222 terreri

190 2235 236 2274 ab
264 2237 338 2283 eis,
366 2236 428 2288 qui
453 2249 521 2274 vos
547 2236 783 2276 solummodo
811 2238 993 2278 occidere
1019 2247 1196 2292 possunt,
1229 2253 1302 2279 nec
1328 2248 1416 2293 post
1441 2241 1518 2281 hoe

189 2294 302 2331 ullam
341 2294 380 2331 in
409 2294 518 2332 vobis
551 2294 694 2333 habent
725 2298 1022 2347 potestaten1.'¹)
1085 2297 1169 2350 Sed,
1197 2299 1243 2337 iis
1276 2300 1351 2338 erit
1381 2299 1521 2339 Esaias

188 2351 436 2402 praedicens:
474 2351 586 2402 vide',
625 2353 816 2405 quomodo
848 2355 967 2394 iustus
998 2356 1202 2404 aufertur,
1226 2364 1268 2396 et
1299 2371 1410 2397 nemo
1447 2355 1518 2396 ad-

280 2467 313 2507 1)
329 2469 410 2500 nuc
424 2470 477 2509 11,
493 2470 548 2501 52.
642 2467 680 2512 2)
706 2471 790 2502 Luc.
804 2460 1161 2513 12‚1.3)Rhen
1175 2474 1228 2506 ed.
1241 2474 1266 2506 1.
1280 2473 1518 2513 supet-ficii

190 2513 372 2554 talibus,
400 2525 417 2545 e
443 2515 564 2553 quibus
590 2526 642 2547 vv.
666 2515 798 2548 factum
823 2522 876 2550 est
901 2519 1274 2559 superficialibus.
1367 2521 1406 2560 4)
1430 2521 1516 2552 Luc.

190 2559 292 2596 12,2.
389 2559 424 2603 5)
451 2562 558 2594 Rhen.
581 2563 911 2604 adagnitionem.
948 2567 1022 2607 mg
1045 2568 1092 2598 nd
1122 2566 1251 2607 aguit.
1300 2566 1367 2597 Sed
1389 2566 1454 2597 hoc
1483 2576 1513 2598 v.

189 2605 430 2694 gryllum&
432 2609 623 2686 ιιζςᾶῖαῐιιᾶιι
637 2619 677 2640 ac
691 2611 813 2643 literae
827 2621 847 2643 a
860 2613 1068 2652 repetitione
1082 2616 1195 2645 ortum
1213 2615 1276 2644 est.
1371 2612 1408 2656 G)
1432 2614 1458 2643 1,
1462 2623 1514 2645 ue.
1569 2633 1571 2638 ·

444 2664 455 2683 1
481 2664 488 2683 Ι
539 2664 556 2685 V
