1566 2808
138 215 247 252 100
406 217 532 250 ADv.
568 215 934 249 MARCIONEM
969 219 1146 266 LIBER
1174 220 1231 250 1v.

141 310 433 362 phantasmatis,
472 323 548 348 non
586 323 636 348 ex
673 311 933 349 ostentatione
964 312 1135 358 virtutis,
1175 318 1364 351 evaserat.
1430 311 1475 351 Si

142 374 269 405 autem
308 366 529 414 Helisaeus,
573 368 784 419 prophetes
829 370 1037 415 creatoris,
1081 370 1233 408 unicum
1270 370 1474 422 leprosum

142 424 316 463 Naaman
343 423 482 476 Syrum
510 438 560 463 ex
584 432 643 463 tot
668 425 832 476 leprosis
857 424 1044 465 Israelitis
1069 421 1362 477 'emundavit¹)‚
1401 425 1474 466 nec

143 482 217 520 hoc
243 481 291 520 ad
318 480 581 521 diversitatem
608 483 705 521 facit
725 483 880 530 Christi,
910 485 1017 535 quasi
1044 484 1118 523 hoc
1145 484 1267 523 modo«
1287 485 1473 531 melioris,

143 538 229 578 dum
258 539 684 594 Israelitemxleprosum
711 539 893 579 emundat
907 549 1126 589 extraneus,
1155 544 1263 594 qu'em
1291 556 1380 582 suus
1406 541 1476 581 ἄο-

145 598 266 635 minus
292 597 500 637 emundare
527 612 603 636 non
634 599 827 646 valuerat3
865 597 965 650 Syro
992 600 1144 638 facilius
1181 600 1387 638 emundato
1424 601 1476 639 si-

145 655 304 705 gnificat
329 668 399 707 per
425 657 603 697 nationes
640 655 1003 705 emundationcm2)
1043 657 1080 694 in
1120 657 1294 705 Christo,
1334 654 1476 696 lumine

144 725 295 758 earum,
331 727 428 764 quae
461 721 607 765 septem
639 715 799 752 maculis
832 715 1052 766 capitalium
1085 714 1320 754 delictorum
1343 715 1476 754 inhor—

146 777 290 817 rerent,
318 770 552 817 idololatria,
581 771 828 823 blasphemia,
852 771 1076 818 homicidio,
1105 771 1310 820 adulterio,
1327 780 1474 825 stupro,

145 828 243 866 falso
258 829 492 875 testimonio,
521 827 670 867 fraude.
724 829 970 880 Quapropter
989 830 1145 880 septies,
1175 831 1282 882 quasi
1307 844 1379 882 per
1398 832 1477 872 sin-

147 886 258 936 gulos
284 886 428 933 titulos,
456 887 493 924 in
520 885 686 924 Iordane
715 887 825 933 lavit,
853 887 1030 926 simulet
1057 894 1096 924 ut
1122 889 1239 926 totius
1265 887 1477 928 hebdoma-

147 942 206 981 dis
232 951 393 982 caneret
417 944 691 995 expiationem,
719 951 759 982 et
785 945 872 996 quia
898 945 1007 983 unius
1035 945 1179 984 lavacri
1205 946 1262 984 vis
1289 953 1328 985 et
1351 947 1477 999 pleni-

147 999 239 1039 tudo
268 1001 421 1039 Christo
449 1002 521 1039 soli
550 1001 772 1048 dicabatur,
800 1003 953 1040 facturo
980 1003 1018 1040 in
1045 1004 1177 1050 terris,
1202 1005 1303 1044 sicut
1329 1017 1478 1043 sermo-

147 1071 233 1096 nem
261 1058 588 1110 compendiatum,
622 1061 676 1098 ita
703 1067 743 1098 et
768 1060 974 1114 lavacrum.
1025 1060 1124 1098 Nam
1151 1068 1195 1106 et,
1216 1061 1290 1100 hoc
1318 1063 1479 1119 opponit

146 1115 345 1162 Marcion,
386 1115 604 1154 Helisaeum
632 1116 784 1168 quidem
810 1117 973 1155 materia
999 1119 1173 1167 eguisse,
1196 1120 1342 1170 aquam
1368 1118 1479 1158 adhi-

147 1173 276 1211 buisse
315 1180 354 1212 et
392 1186 475 1212 eam
514 1175 677 1226 septies,
718 1174 909 1212 Christum
935 1187 1029 1212 vero
1055 1175 1176 1213 verbo
1215 1176 1299 1219 solo
1338 1183 1378 1215 et
1403 1177 1478 1217 hoc

148 1231 266 1270 semel
293 1227 463 1269 functum
491 1232 728 1270 curationem
756 1232 882 1270 statim
903 1232 1239 1284 r‘epraesentasse3
1268 1236 1375 1286 quasi
1401 1249 1478 1274 non

149 1287 310 1327 audeam
337 1296 376 1327 et
399 1289 556 1327 verbum
583 1290 703 1341 ipsum
730 1290 1043 1329 invsubstantiam
1061 1293 1250 1330 creatoris
1265 1291 1476 1333 vindicare.

150 1346 301 1385 Nullius
332 1348 390 1384 rei
422 1361 498 1385 nou
530 1348 594 1385 ille
625 1349 758 1398 potior
782 1355 938 1395 auctor,
973 1349 1042 1400 qu's
1055 1349 1180 1401 prior.
1242 1349 1478 1390 Incredibile

149 1405 283 1456 plane,
322 1411 365 1441 ut
400 1411 573 1457 potestas
612 1405 803 1443 creatoris
839 1406 960 1444 verbo
998 1407 1209 1457 remedium
1246 1409 1329 1446 vitii
1367 1410 1479 1447 unius

152 1468 313 1513 operata
339 1462 406 1507 sit,
446 1474 543 1513 quae
574 1462 694 1501 verbo
727 1469 869 1500 tantam
904 1463 1032 1501 mundi
1066 1465 1203 1502 molem
1236 1465 1354 1503 semel
1387 1479 1479 1518 pro·-

150 1519 261 1558 tulit?
305 1518 413 1557 Unde
440 1516 561 1570 magis
588 1518 830 1571 dignoscitur
856 1520 1029 1559 Christus
1056 1522 1264 1569 creatoris,
1292 1536 1403 1575 quam
1430 1535 1480 1563 ex

151 1577 258 1616 verbi
286 1580 505 1628 potestate?
548 1575 627 1615 Sed
652 1577 741 1616 ideo
769 1572 867 1616 alius
894 1578 1203 1631 Christus,·quia
1228 1581 1343 1619 aliter
1368 1595 1476 1637 quam

152 1635 372 1687 Helisaeus,
407 1636 495 1686 quia
518 1636 717 1687 potentior
749 1634 923 1674 dominus
949 1637 1090 1675 famulo
1113 1651 1196 1685 suo.
1260 1638 1358 1686 Quid
1385 1652 1479 1679 con-

152 1693 295 1739 stituis,
327 1691 524 1744 Marcion,
556 1692 719 1745 proinde
752 1706 815 1731 res
843 1695 904 1744 agi
936 1708 960 1732 a
987 1695 1127 1741 servis,
1161 1695 1479 1747 quemadmodum

152 1750 199 1788 ab
232 1751 324 1802 ipsis
358 1749 546 1788 dominis?
586 1750 676 1789 Non
708 1752 927 1798 timesfne
960 1753 999 1790 in
1032 1752 1204 1791 ‹led-«rcus
1236 1754 1307 1793 tihi
1337 1762 1478 1802 vertat,

152 1809 184 1847 si
210 1807 301 1847 ideo
335 1808 526 1847 Christum
553 1822 672 1860 negas
699 1811 908 1856 creatoris,
944 1811 1030 1863 quia
1057 1811 1255 1863 potentior
1278 1812 1397 1851 fuerit
1421 1813 1480 1851 fa·-

154 1866 254 1904 mulo
287 1868 496 1914 creatoris,
544 1868 607 1919 qui
639 1866 687 1905 ad
721 1867 890 1906 Helisaei
921 1869 1171 1920 pusillitatem
1202 1871 1327 1908 maior
1356 1873 1479 1922 agne-

153 1924 298 1961 scitur?
329 1923 371 1961 Si
397 1931 523 1963 tamen
539 1926 674 1972 maior,
701 1927 787 1976 (par
812 1927 910 1963 enim
939 1928 1102 1978 curatio,
1130 1927 1224 1966 lieet
1248 1927 1366 1967 distet
1387 1941 1480 1981 ope-

153 1982 282 2028 ratio,)
324 1981 410 2032 quid
449 1982 609 2034 amplius
645 1983 840 2034 praestitit
877 1990 961 2023 tuus
1000 1984 1201 2031 Christus,
1227 1998 1336 2037 quam
1374 1987 1480 2026 meus

154 2038 380 2077 Helisaeus?
417 2040 492 2076 imo
520 2039 609 2091 quid
635 2053 810 2091 magnum
836 2043 1112 2093 praestitittui
1138 2036 1282 2081 Christi
1306 2038 1479 2091 verbum,

154 2110 239 2135 cum
265 2095 303 2134 id
329 2098 588 2148 praestiterit‚-
609 2097 710 2148 quod
735 2096 868 2137 ssuviu‘s
889 2101 1106 2138 creatoris?
1148 2098 1366 2139 Secundum
1379 2101 1479 2140 haec

155 2161 470 2206 cetera-quoque
503 2159 724 2194 occurrunt.
790 2156 977 2204 Quantum
1010 2159 1110 2196 enim
1142 2151 1188 2196 ad
1226 2158 1376 2210 gloriae
1410 2159 1481 2198 hu-

154 2225 289 2251 manae
321 2213 562 2251 aversionem
588 2213 827 2264 pertinebat,
852 2215 975 2253 vetuit
1000 2227 1085 2255 eum
1112 2214 1334 2267 divulgare,
1357 2223 1481 2269 'quan-

153 2276 230 2308 tum
257 2277 383 2308 autem
410 2269 458 2308 ad
484 2271 642 2309 tutelam
664 2271 778 2322 legis,
806 2273 916 2310 iussit
938 2271 1113 2312 ordinem
1132 2272 1304 2326 ¹impleri.
1350 2273 1478 2327 Vade,

155 2327 316 2367 ostende
341 2335 380 2366 te
407 2327 616 2375 sacerdoti,
644 2336 684 2367 et
709 2329 808 2367 offer
832 2343 984 2377 munus,
1014 2330 1114 2383 quod
1139 2333 1346 2384 praecepit
1366 2330 1480 2384 Moy-

153 2399 228 2424 ses.
277 2383 519 2437 Argumenta
539 2387 643 2425 c'nim
670 2387 848 2438 figurata,
875 2395 928 2436 ut,
954 2396 1060 2441 puta,
1079 2389 1294 2442 prophetae
1314 2389 1478 2440 legis³)‚

247 2489 281 2531 1)
306 2493 326 2522 2
339 2492 422 2532 Reg.
437 2495 468 2532 5,
483 2493 525 2522 10
541 2501 612 2531 sqq.
662 2490 697 2530 2)
721 2493 828 2525 Rhen.
843 2493 878 2524 in
893 2493 982 2524 ed.1.
1006 2493 1157 2534 signifi
1167 2494 1234 2524 c'at
1246 2503 1278 2534 p.
1293 2502 1325 2524 n.
1340 2502 1480 2524 emun-
1517 2498 1527 2503 ’

155 2535 363 2578 dationis,
399 2541 520 2577 postea
545 2548 634 2570 corr.
657 2539 930 2580 significato.
977 2541 1049 2570 Nos
1070 2539 1266 2579 putavimus
1287 2539 1408 2570 vitium
1426 2539 1481 2570 la-

154 2586 228 2612 tere
254 2583 286 2613 in
314 2593 344 2614 v.
368 2585 695 2617 emundationis.
798 2586 834 2625 3)
859 2587 911 2617 lta
936 2586 1044 2617 Rhen.
1076 2585 1127 2616 ed.
1150 2581 1198 2624 1.ss
1226 2585 1297 2626 Rig.
1325 2588 1481 2626 utpote

154 2628 451 2669 prophetatae.
