1604 2800
172 200 275 237 134
391 198 464 228 DE
497 191 1012 227 RESURRECTIONE
1049 178 1283 224 c'Aans.

173 307 272 340 mus,
310 292 342 330 si
373 304 449 329 non
482 290 564 329 eius
595 288 655 327 vel
687 287 850 326 maxime
882 284 1119 325 substantiae
1151 283 1345 323 restitutio
1370 284 1409 323 in
1435 283 1504 325 du-

172 353 274 391 bium
298 355 525 395 vocaretur,
564 359 661 399 quae
687 346 844 398 proprie
872 351 912 383 et
936 349 1060 382 morte
1087 349 1128 382 et
1151 342 1293 395 nuptiis
1318 342 1503 394 fungitur,

172 409 211 448 id
237 415 297 448 est
327 407 470 447 carnis.
534 405 662 444 Habes
688 405 807 456 igitur
832 402 1024 442 domiuum
1051 400 1342 441 confirmantem
1367 398 1507 440 adver-

172 480 235 506 sus
261 466 483 505 haereticos
509 463 753 510 Iudaeorum,
781 459 883 514 quod
909 467 949 499 et
973 473 1073 499 nunc
1100 465 1269 510 negatur
1289 456 1391 511 apud
1406 456 1505 498 Sad-

172 524 342 564 ducaeos
370 523 688 568 Christianorum,
714 519 876 559 solidam
901 518 1242 558 resurrectionem.

288 586 356 624 37.
407 580 473 620 Sic
501 580 573 619 etsi
601 592 756 618 carnem
782 579 836 617 ait
862 577 955 616 nihil
981 573 1188 628 prodesse,
1204 577 1242 624 ι)
1268 587 1318 614 ex
1343 575 1507 614 materia

172 641 267 680 dicti
292 638 516 691 dirigendus
542 645 601 677 est
625 650 771 677 sensus.
834 634 931 675 Nam
965 635 1053 686 quia
1085 632 1218 673 durum
1251 639 1291 672 et
1321 632 1508 672 intolera-

171 699 286 738 bilem
325 698 640 736 cxistimaverunt
676 706 892 734 sermonem
930 693 1031 740 eius,
1076 692 1183 744 quasi
1219 703 1311 730 vere
1350 703 1508 730 carnem

173 769 278 795 suam
303 755 378 793 illis
411 753 600 793 edendam
632 752 998 798 determinasset,²)
1026 757 1067 789 ut
1098 751 1137 788 in
1169 749 1344 802 spiritum
1376 747 1508 801 dispo-

174 819 287 852 neret
317 818 456 850 statum
487 811 638 857 salutis,
670 810 887 862 praemisit:
926 809 1082 860 spiritus
1113 814 1191 855 est,
1230 807 1293 859 qui
1324 806 1506 854 vivificat,

173 877 288 922 atque
314 869 368 908 ita
393 867 605 907 subiunxit:
644 880 737 906 caro
771 866 864 904 nihil
895 864 1129 917 prodest‚³)
1157 863 1204 902 ad
1236 863 1507 903 vivificandum

173 928 338 967 scilicet.
399 925 634 978 Exsequitur
669 925 804 971 etiam,
856 922 945 976 quid
983 922 1076 962 velit
1112 921 1276 973 intelligi
1313 922 1506 973 spiritum:

172 984 311 1032 verba,
345 997 442 1036 quae
475 984 625 1022 locutus
650 996 731 1021 sum
755 981 885 1028 vobis,
924 980 1080 1032 spiritus
1105 986 1211 1025 sunt,
1248 979 1328 1018 vita
1353 980 1506 1027 sunt34)

172 1044 274 1082 sicut
299 1048 339 1081 et
363 1055 496 1094 supra:
524 1042 587 1092 qui
612 1039 718 1078 audit
743 1051 942 1078 sermones
967 1050 1091 1083 meoS,
1125 1043 1166 1075 et
1191 1034 1317 1074 credit
1342 1036 1380 1074 in
1406 1046 1502 1083 eum.

173 1101 236 1152 qui
268 1112 327 1138 me
360 1100 480 1145 misit,
518 1098 637 1136 habet
667 1098 782 1135 vitam
815 1102 1031 1141 aeternam,
1070 1101 1111 1132 et
1140 1094 1179 1132 in
1210 1091 1391 1132 iudicium
1429 1106 1508 1133 non

172 1158 321 1204 veniet,
359 1155 429 1195 sed
461 1156 626 1195 transiet
638 1156 674 1203 ⁵)
703 1153 751 1193 de
784 1160 909 1192 morte
941 1151 989 1191 ad
1020 1151 1201 1201 vitam.⁶)
1264 1150 1398 1203 Itaque
1423 1164 1507 1192 ser-

172 1228 323 1255 monem
350 1214 590 1253 constituens
614 1212 910 1259 vivificatorem,
951 1211 1039 1262 quia
1069 1210 1225 1262 spiritus
1256 1216 1297 1249 et
1321 1210 1400 1249 vita
1423 1222 1507 1249 ser-

173 1287 254 1320 mo,
286 1270 449 1312 eundem
475 1272 590 1311 etiam
617 1284 773 1310 carnem
799 1283 906 1309 suam
931 1268 1045 1314 dixit,
1079 1269 1167 1321 quia
1193 1274 1234 1308 et
1257 1280 1384 1314 sermo
1411 1280 1505 1307 caro

174 1337 259 1369 erat
283 1328 477 1379 factus,'¹)
502 1327 666 1381 proinde
691 1331 730 1368 in
757 1341 930 1368 caussam
960 1328 1062 1367 vitae
1094 1324 1335 1379 appetendus
1366 1332 1406 1365 et
1436 1323 1506 1365 de-

172 1385 366 1425 vorandus
402 1385 535 1424 auditu
565 1393 606 1425 et
635 1385 881 1425 ruminandus
917 1385 1119 1424 intellectu
1155 1382 1302 1424 et‘fide
1335 1381 1507 1435 dirigen-

175 1441 305 1491 dus.8)
365 1441 464 1481 Nam
495 1449 536 1480 et
566 1444 681 1494 paulo
712 1450 801 1482 ante
840 1456 995 1482 carnem
1033 1456 1139 1482 suam
1175 1455 1313 1495 panem
1352 1454 1504 1494 quoque

176 1500 385 1539 coelestem
424 1500 756 1550 pronuntiarat‚⁹)
782 1512 926 1550 urgens
955 1513 1228 1552 usquequaque
1259 1511 1332 1552 per
1355 1499 1505 1552 allego-

174 1558 270 1596 riam
297 1557 604 1596 necessariorum
630 1555 854 1608 pabulorum
880 1556 1103 1594 memoriam
1135 1563 1304 1607 patrum,
1344 1558 1408 1608 qui
1436 1570 1506 1608 pa-

175 1627 243 1654 nes
275 1621 314 1653 et
345 1626 484 1653 carnes
513 1612 796 1665 Aegyptiorum
826 1619 1122 1666 praeverterant
1152 1612 1305 1652 divinae
1329 1614 1506 1652 vocatio-

174 1673 227 1710 ni.
243 1673 312 1724 10)
373 1671 496 1723 Igitur
521 1684 728 1710 conversus
753 1669 803 1710 ad
828 1672 1068 1721 recogitatus
1093 1671 1264 1718 illorum,
1303 1671 1392 1722 quia
1417 1683 1506 1710 sen-

173 1736 279 1768 serat
305 1727 604 1781 dispergendos‚
632 1743 744 1776 caro,
771 1729 843 1776 ait,
870 1728 966 1767 nihil
990 1726 1243 1780 prodest.²¹)
1306 1726 1405 1775 Quid
1429 1727 1506 1769 hec

172 1785 222 1826 ad
260 1785 531 1828 destruendam
569 1788 696 1826 earnis
732 1787 1079 1833 resurrectionem,
1124 1785 1231 1838 quasi
1274 1798 1351 1824 non
1388 1785 1507 1826 liceat

173 1858 258 1884 esse
284 1842 441 1897 aliquid,
468 1843 570 1897 quod
596 1845 669 1883 etsi
694 1844 788 1883 nihil
812 1844 948 1897 prosit,
975 1842 1078 1883 aliud
1105 1850 1230 1882 tamen
1256 1843 1293 1883 ei
1318 1842 1505 1895 prodesse

173 1903 318 1955 possit?
378 1900 545 1954 Spiritus
582 1901 758 1955 prodest,
795 1902 966 1942 vivificat
1003 1902 1123 1950 enim3
1163 1913 1256 1941 caro
1288 1901 1383 1940 nihil
1413 1914 1506 1954 pro-

173 1959 276 2008 dest,
315 1960 570 1999 mortificatur
600 1962 713 1999 enim.
777 1959 909 2012 Itaque
941 1958 1153 1998 secundum
1178 1972 1249 1998 nos
1274 1959 1396 2011 magis
1423 1959 1506 2000 eol-

172 2018 316 2057 locavit
351 2019 548 2070 utriusque
585 2018 906 2071 propositionem.
983 2016 1201 2056 Ostendens
1242 2017 1362 2064 enim,
1412 2016 1504 2069 qnid

172 2077 307 2127 prosit,
335 2082 374 2114 et
400 2074 490 2127 quid
515 2089 592 2113 non
617 2077 752 2128 prosit,
779 2077 926 2129 pariter
950 2075 1188 2122 illuminavit,
1215 2072 1305 2127 quid
1331 2074 1393 2114 eui
1413 2086 1504 2127 pro-

171 2134 238 2180 sit,
277 2132 450 2185 spiritum
480 2133 631 2173 scilicet
658 2136 765 2173 carni
789 2134 1046 2174 mortificatae
1070 2132 1363 2173 vivificatorem.
1422 2130 1503 2171 Ve—

172 2191 253 2230 niet
277 2191 378 2230 enim
403 2190 518 2238 hora,
545 2192 684 2244 inquit,
712 2206 796 2232 cum
821 2193 962 2232 mortui
986 2189 1145 2231 audient
1168 2202 1304 2231 vocem
1331 2189 1399 2229 filii
1423 2188 1501 2237 dei,

172 2255 212 2286 et
237 2248 300 2300 qui
324 2247 535 2296 audierint,
560 2250 781 2296 vivent.¹2)
845 2248 943 2299 Quid
967 2256 1175 2296 mortuum,
1208 2248 1282 2289 nisi
1308 2249 1426 2288 earo?
1461 2254 1502 2287 et

263 2421 300 2459 1)
324 2422 372 2454 10.
399 2423 430 2461 6,
453 2423 508 2454 63.
614 2420 652 2465 2)
680 2424 726 2454 ιο.
753 2426 784 2463 o,
813 2425 854 2454 53
867 2433 939 2462 sqq.
1046 2422 1083 2462 3)
1107 2424 1155 2453 ιο.
1177 2423 1209 2461 6,
1236 2422 1290 2452 63.
1388 2420 1426 2460 4)
1451 2419 1495 2451 ib.

173 2464 209 2503 5)
236 2466 325 2499 GeL:
350 2468 574 2506 transibit,
608 2469 659 2500 ed.
678 2469 972 2510 Fran.transit,
997 2469 1074 2500 alii:
1102 2467 1292 2500 tranniit‘.
1385 2465 1423 2503 6)
1449 2466 1498 2497 10.

173 2511 203 2549 ⁵,
219 2512 273 2543 24-
367 2513 404 2552 τ)
429 2514 522 2553 10.1,
544 2515 598 2544 14.
693 2516 730 2555 8)
756 2516 812 2547 sic
833 2515 885 2547 ed.
904 2517 949 2555 1.;
975 2515 1035 2547 sed
1054 2514 1162 2546 Rhen.
1185 2522 1274 2545 corr.
1295 2509 1496 2553 digeren-

149 2555 266 2597 ¹duni,
294 2558 382 2595 quod
407 2562 615 2598 receperunt
639 2561 747 2592 ceteri
771 2562 845 2593 edd.
947 2561 984 2599 9)
1008 2563 1057 2592 10.
1085 2563 1117 2601 6,
1146 2561 1200 2591 51.
1305 2556 1366 2599 10)
1392 2558 1439 2589 lo.
1464 2559 1499 2597 6,

173 2602 297 2640 aisqq.
392 2604 451 2643 ¹11)
477 2606 523 2636 ιο.
538 2607 569 2647 o,
582 2607 635 2639 63.
731 2607 790 2646 12)
816 2609 862 2638 ιο.
882 2609 913 2646 5,
929 2608 982 2636 25.
