1604 2800
177 187 248 224 68
539 186 612 218 DE
649 186 845 218 CARNE
885 185 1140 218 CHRISTI.

176 283 296 319 nimus
317 281 354 330 ¹)
381 281 499 331 igitur
530 278 578 318 de
612 279 799 326 calearia,
838 277 940 334 quod
972 278 1049 317 dici
1081 279 1199 324 solet,
1237 278 1275 315 in
1315 277 1503 318 carbona-

175 340 282 384 riam,
310 351 333 375 a
357 338 559 376 Marcione
592 336 638 375 ad
664 336 844 389 Apellen,
873 338 948 389 qui,
975 343 1225 389 posteaquam
1251 348 1274 374 a
1299 333 1503 388 disciplina

173 395 383 435 Marcionis
408 397 446 434 in
472 396 632 434 muliere
659 396 786 447 lapsus
812 402 852 433 et
877 394 1015 433 dehinc
1042 395 1080 432 in
1105 395 1254 445 virgine
1279 392 1504 433 Philumene

174 455 308 505 spiritu
334 466 492 493 eversus
519 461 596 500 est,
623 451 785 491 solidum
813 451 956 491 Christi
983 465 1136 504 corpuS,
1163 450 1233 490 sed
1258 452 1340 490 sine
1366 452 1506 490 nativi-

173 518 251 550 tate
279 519 495 563 susceptum
522 511 569 549 ab
596 524 663 557 eo,
697 509 916 562 praedicat,
944 517 984 548 ut
1009 510 1169 561 angelus
1196 507 1346 561 quidem
1372 508 1503 548 Philu-

173 570 360 617 menes'.2)
397 569 454 607 llli
482 567 617 607 eadem
642 581 739 607 voce
766 569 964 620 apostolus
990 566 1254 619 respondebit,
1282 579 1355 618 qua
1380 566 1500 619 ipsum

172 628 274 664 illum
301 627 374 664 iam
402 634 492 665 tunc
519 627 784 679 praecinebat,
813 624 964 665 dicens:
993 626 1142 664 etiamsi
1161 625 1321 677 angelus
1342 623 1390 663 de
1410 638 1503 664 coe-

173 685 217 722 lis
243 685 357 722 aliter
382 685 710 736 evangelizaverit
735 684 862 730 vobis,
903 697 1013 736 quam
1045 697 1115 722 nos
1140 683 1501 734 evangelizavimus,

173 741 376 779 anathema
401 743 515 791 sit.³)
578 741 645 780 His
671 755 778 788 vero,
806 742 869 793 qui
895 743 1052 793 insuper
1076 747 1404 792 argumentantur,
1431 754 1502 779 nos

172 799 398 836 resistimus.
420 800 458 846 ⁴¹)
522 798 766 837 Confitentur
797 811 889 837 vere
922 812 1062 850 corpus
1088 798 1265 836 habuisse
1293 798 1499 837 Christum.

173 854 281 893 Unde
308 856 482 902 materia,
511 856 632 894 sinon
648 869 697 894 ex
712 869 758 894 ea
780 857 978 907 qualitate,
1006 857 1042 894 in
1071 869 1143 907 qua
1163 855 1392 894 videbatur?
1422 854 1501 894 Un-

171 911 218 951 de
247 925 404 964 corpus,
443 914 474 951 si
502 926 577 951 non
605 927 697 952 caro
725 916 890 965 corpus?
951 912 1059 951 Unde
1087 926 1199 960 caro,
1226 914 1258 951 si
1285 927 1360 952 non
1386 916 1502 952 nata?

174 972 259 1022 quia
285 972 391 1009 nasci
419 970 583 1009 haberet
608 984 654 1010 ea
680 971 807 1009 futura
834 983 931 1023 quae
959 972 1142 1009 nascitur.
1204 970 1262 1010 De
1294 969 1498 1016 sideribus,

170 1029 360 1080 inquiunt,
400 1035 440 1067 et
477 1027 524 1066 de
562 1029 783 1067 substantiis
815 1029 1025 1080 superioris
1056 1027 1184 1066 mundi
1217 1035 1407 1067 mutuatus
1440 1035 1500 1067 est.

171 1098 338 1124 carnem.
399 1085 449 1124 Et
474 1087 603 1137 utique
630 1093 866 1138 proponunt,
900 1099 974 1124 non
1001 1098 1087 1124 esse
1114 1084 1324 1124 mirandum
1357 1099 1498 1139 corpus

169 1143 250 1182 sine
277 1144 490 1190 nativitate,
518 1156 602 1181 cum
629 1151 669 1183 et
693 1143 792 1195 apud
818 1157 888 1182 nos
913 1144 1062 1194 angelis
1089 1143 1244 1182 licuerit
1268 1143 1371 1182 nulla
1394 1145 1497 1183 uteri

170 1213 288 1252 opera
314 1202 351 1239 in
379 1213 496 1239 carne
523 1202 775 1252 processisse.
835 1201 1094 1253 Agnoscimus
1126 1200 1278 1253 quidem
1310 1202 1364 1240 ita
1395 1202 1497 1241 rela-

169 1264 265 1304 tum,
302 1257 371 1296 sed
398 1265 525 1297 tamen
552 1259 663 1310 quale
689 1266 767 1306 cst,
805 1266 847 1297 ut
877 1259 1036 1297 alterius
1067 1259 1227 1310 regulae
1254 1258 1349 1298 fides
1374 1259 1422 1298 ab
1449 1272 1496 1298 ea

171 1314 265 1361 fide,
297 1328 406 1367 quam
434 1318 648 1368 impugnat,
681 1317 969 1355 instrumentum
997 1317 1393 1368 argumentationibus
1419 1318 1496 1356 suis

168 1375 383 1410 mutuetur?
444 1372 541 1420 Quid
579 1374 633 1411 illi
672 1387 755 1412 cum
792 1373 922 1420 Mose,
962 1376 1024 1426 qui
1061 1374 1174 1413 deum
1204 1374 1306 1413 Mosi
1342 1375 1498 1414 reiicit?

168 1427 209 1466 Si
236 1429 331 1467 alius
357 1428 450 1467 deus
476 1437 553 1476 est,
586 1431 701 1468 aliter
725 1431 801 1468 sint
825 1443 889 1469 res
914 1432 1010 1471 eius.
1073 1431 1152 1470 Sed
1177 1439 1333 1471 utantur
1357 1432 1496 1472 haere-

166 1486 234 1524 tici
259 1498 391 1524 omnes
417 1488 618 1538 scripturis
643 1488 737 1534 eius,
766 1488 873 1525 cuius
897 1494 1054 1526 utuntur
1080 1489 1195 1527 etiam
1222 1488 1375 1528 mundo.
1407 1489 1496 1530 Erit

165 1543 240 1581 illis
266 1543 340 1581 hoc
368 1557 517 1595 quoque
544 1545 582 1581 in
614 1545 872 1583 testimonium
903 1543 1056 1592 iudicii,
1100 1544 1201 1597 quod
1233 1545 1281 1584 de
1307 1548 1497 1599 exemplis

165 1601 282 1651 ipsius
308 1600 563 1652 blasphemias
589 1615 675 1640 suas
700 1603 906 1640 instruunt.
958 1602 1087 1641 Facile
1114 1609 1174 1641 est
1197 1604 1352 1642 veritati
1378 1605 1492 1643 etiam

165 1658 257 1696 nihil
295 1659 372 1697 tale
405 1658 587 1698 adversus
619 1672 687 1698 eos
718 1660 999 1712 praescribenti
1027 1660 1217 1699 obtinere.
1281 1660 1404 1712 Igitur
1429 1663 1492 1714 qui

164 1728 318 1754 carnem
357 1715 498 1755 Christi
536 1716 585 1755 ad
624 1717 837 1770 exemplum
875 1724 1095 1769 proponunt
1130 1718 1376 1769 angelorum,
1415 1731 1492 1758 non

162 1780 289 1811 natam
327 1772 501 1812 dicentes
539 1775 692 1813 scilicet
728 1776 985 1822 carneam,⁵)
1028 1782 1253 1827 comparent
1290 1776 1409 1815 'velim
1453 1783 1494 1816 et

162 1843 316 1870 caussas
341 1838 416 1869 tam
445 1831 585 1870 Christi
613 1846 722 1885 quam
748 1839 788 1871 et
813 1833 1051 1884 angelorum,
1079 1833 1128 1871 ob
1154 1846 1247 1886 quas
1272 1834 1309 1871 in
1337 1846 1492 1873 carnem

161 1890 435 1938 processerint.
497 1889 633 1928 Nullus
671 1903 833 1943 unquam
865 1890 1026 1942 angelus
1062 1889 1152 1929 ideo
1191 1889 1412 1939 descendit,
1452 1899 1493 1931 ut

254 2083 290 2123 1)
316 2083 419 2115 Iidem
440 2085 536 2116 codd.
556 2087 590 2115 et
607 2086 657 2117 ed.
675 2087 781 2119 Rhen.
799 2096 880 2118 non
906 2090 1045 2119 natam
1072 2087 1301 2127 paruimus.
1349 2088 1488 2129 Igitur

161 2130 225 2159 etc.
322 2130 358 2168 2)
384 2133 436 2161 lta
461 2132 535 2163 cod.
562 2133 752 2165 Wouweri.
801 2134 908 2166 Rhen.
932 2135 984 2166 ed.
1011 2136 1037 2165 Ι.
1064 2134 1135 2174 qui
1159 2136 1440 2174 posteaquam
1466 2143 1487 2165 a

159 2175 260 2207 disc.
279 2177 378 2206 M.in
401 2178 580 2208 muliere
599 2179 650 2217 (in
664 2180 836 2220 margine:
862 2181 903 2211 in
921 2180 1145 2211 mulierem
1170 2179 1486 2220 carne)1npnus

162 2240 199 2243 -
231 2221 305 2253 sol.
330 2222 419 2254 Chr.
445 2233 602 2262 corpus
627 2227 667 2256 et
693 2227 784 2256 sine
810 2227 939 2258 nativ.
966 2226 1164 2266 suscepit
1191 2228 1238 2258 ab
1264 2235 1330 2257 ea:
1358 2235 1490 2266 prae--

158 2266 302 2298 dicans
331 2270 373 2299 ut
399 2269 578 2310 angelus
605 2271 769 2309 quidem
797 2272 949 2311 (Latin.:
975 2273 1164 2312 quidam)
1191 2272 1262 2303 illi
1289 2271 1358 2311 (ed.
1380 2272 1484 2307 Fran,

156 2312 298 2352 illius)
323 2313 607 2349 Philumenes,
658 2317 809 2348 Eadem
835 2318 1179 2358 etc.—Rigatt.qui
1206 2321 1312 2358 post.
1338 2327 1358 2348 a
1383 2318 1483 2350 disc.

156 2359 218 2398 M„
251 2360 290 2390 in
316 2361 536 2392 mulierem
564 2371 691 2393 carne
716 2364 881 2404 lapsus,
908 2365 1060 2395 dehinc
1086 2365 1125 2395 in
1150 2363 1356 2405 virginem
1379 2363 1483 2395 Phi-

154 2404 362 2436 lumenem
389 2408 578 2446 spiritus
606 2417 788 2440 eversus
814 2412 896 2451 est,
923 2410 1106 2443 soLChr.
1129 2421 1171 2449 c.‚
1198 2410 1273 2441 sed
1298 2410 1389 2440 sine
1410 2418 1480 2440 na—

154 2450 244 2489 tiv.‚
271 2454 465 2492 suscepit
490 2456 540 2485 ab
566 2463 615 2485 ea
641 2456 908 2493 praedicare.
958 2456 1010 2487 Et
1035 2457 1190 2497 angelo
1218 2455 1385 2494 quidem
1411 2454 1480 2485 illi

153 2495 423 2529 Philumenes
449 2500 589 2531 eadem
617 2503 682 2531 etc.
779 2503 815 2542 3)
841 2502 915 2534 Gal.
930 2503 1004 2542 1‚8.
1098 2503 1136 2542 4)
1161 2502 1223 2533 Ed.
1238 2501 1336 2534 Fran.
1354 2503 1389 2531 et
1403 2500 1478 2531 Gel.

153 2541 420 2585 resistemus,
455 2546 726 2578 confitentes
753 2551 818 2579 etc.
956 2548 992 2588 5)
1019 2547 1093 2588 Rig.
1119 2547 1333 2585 dicentes,
1374 2546 1480 2577 licet

152 2595 328 2620 carnem.
