1604 2800
662 167 737 199 DE
765 166 969 199 ΑΝιΜΑ.
1384 167 1490 205 183

153 262 310 314 spiritus
335 258 634 307 distinctionem,
660 267 701 299 et
724 260 788 299 hic
814 261 986 312 spiritum
1011 259 1174 310 ingratis
1199 261 1491 312 pronuntiamus

152 316 362 359 seeundum
386 315 558 370 spirandi
582 324 624 356 et
646 316 762 356 flandi
788 316 1064 364 conditionem,
1095 317 1176 356 illic
1202 316 1252 356 de
1276 317 1489 358 substantia

75 387 86 390 “
153 376 328 428 quaestio
355 381 428 423 est,
453 376 602 427 spirare
627 377 727 414 enim
753 369 1117 414 substantiaeactus
1135 381 1207 415 est.
1243 373 1331 414 Nec
1345 374 1489 415 diutius

153 433 203 474 de
227 434 323 480 isto,
360 433 433 472 nisi
464 439 625 485 propter
654 433 894 480 haereticos,
933 433 997 485 qui
1028 433 1159 471 nescio
1186 431 1290 484 quod
1313 434 1489 485 spiritale

154 503 287 530 semen
311 490 515 530 infulciunt
538 491 688 530 animae
713 490 762 529 de
789 488 961 542 Sophiae
984 490 1118 529 matris
1142 490 1299 529 occulta
1317 491 1488 530 liberali·

152 555 233 588 tate
266 547 448 588 collatum
485 549 690 600 ignorante
725 549 897 596 factore3
942 562 1054 600 quum
1097 548 1290 599 scriptura
1325 548 1488 587 factoris

151 607 275 658 magis
307 604 372 645 dei
402 606 462 644 sui
493 607 652 645 conscia
687 606 783 644 nihil
819 606 980 658 amplius
1016 605 1338 657 promulgaverit,
1377 619 1490 657 quam

152 663 264 704 deum
300 664 456 702 flantem
487 664 528 701 in
557 664 698 702 faeiem
735 663 900 702 hominis
935 664 1066 702 flatum
1101 663 1206 701 vitae
1231 670 1272 701 et
1296 663 1489 702 hominem

151 721 296 761 factum
321 721 359 759 iu
385 721 549 759 animam
581 722 724 766 vivam,
756 733 828 771 per
853 733 963 771 qnam
989 718 1130 758 exinde
1154 726 1196 758 et
1217 720 1323 758 vivat
1345 726 1387 758 et
1410 721 1489 772 spi-

150 785 226 825 ret,
250 778 346 817 satis
370 776 575 816 declarans
600 776 841 816 differentias
860 778 1017 827 spiritus
1035 783 1078 814 et
1096 776 1247 814 animae
1264 776 1305 813 in
1321 788 1489 827 sequen-

148 835 253 875 tihus
287 835 571 880 instrumentis,
608 835 693 885 ipso
724 832 800 872 deo
830 833 1125 884 pronuntiante:
1160 833 1317 883 spiritns
1348 845 1398 871 ex
1427 845 1489 871 me

148 891 331 945 prodivit,
358 898 399 930 et
422 892 553 937 flatum
579 903 729 929 omnem
754 902 831 941 ego
857 890 948 928 feci.
964 890 1001 937 ¹)
1039 888 1090 927 Et
1109 890 1236 927 anima
1255 890 1357 928 enim
1376 890 1489 928 flatus

148 951 275 990 faetus
300 958 350 988 ex
374 949 524 1000 spiritu.
572 947 624 986 Et
648 961 799 987 rursus:
826 948 890 999 qui
915 945 1025 986 dedit
1048 947 1180 984 flatum
1203 947 1346 998 populo
1371 960 1491 999 super

148 1015 294 1046 terram
319 1013 362 1044 et
384 1006 556 1058 spiritum
583 1005 823 1044 calcantibus
848 1016 946 1043 eam.
960 1004 999 1052 ²)
1059 1002 1189 1040 Primo
1221 1004 1323 1041 enim
1347 1005 1488 1049 anima,

147 1063 190 1105 id
214 1070 276 1103 est
297 1063 423 1109 flatus,
449 1062 592 1114 populo
618 1063 656 1100 in
682 1068 790 1100 terra
813 1060 1023 1105 incedenti,
1050 1058 1089 1097 id
1115 1066 1175 1097 est
1198 1059 1237 1097 in
1263 1072 1381 1098 carne
1402 1073 1489 1099 car-

148 1121 294 1160 naliter
315 1120 461 1171 agenti,
488 1126 624 1171 postea
642 1119 799 1170 spiritus
818 1118 889 1163 eis,
915 1117 978 1168 qui
1004 1124 1146 1154 terram
1173 1116 1337 1162 calcant,
1363 1114 1403 1154 id
1428 1123 1490 1154 est

150 1190 273 1230 opera
303 1177 431 1215 carnis
461 1176 661 1227 subigunt,
694 1176 782 1226 quia
806 1181 846 1213 et
869 1174 1067 1226 apostolus
1092 1186 1170 1210 nou
1194 1173 1353 1224 primum
1385 1172 1489 1224 quod

149 1234 326 1288 spiritale
350 1240 423 1279 est,
455 1231 525 1272 sed
550 1231 653 1284 quod
678 1232 854 1278 animale,
880 1238 1018 1283 postea
1042 1229 1229 1282 spiritale.
1287 1228 1388 1268 Nam
1414 1230 1489 1268 etsi

148 1291 275 1332 Adam
299 1291 428 1331 statim
453 1290 701 1342 prophetavit
720 1302 896 1340 magnum
915 1287 1009 1328 illud
1027 1293 1307 1326 sacramentum
1322 1287 1360 1325 in
1375 1286 1489 1325 Chri-

151 1355 251 1390 stum
282 1355 325 1388 et
355 1348 582 1387 ecclesiam:
614 1348 690 1386 hoc
720 1360 821 1385 nunc
853 1359 896 1384 os
921 1358 971 1386 ex
997 1344 1146 1384 ossibus
1170 1345 1284 1390 meis,
1323 1351 1364 1383 et
1394 1356 1488 1382 caro

149 1421 203 1447 ex
227 1418 346 1446 carne
370 1418 477 1453 mea3
509 1412 671 1456 propter
699 1404 774 1443 hoc
805 1404 999 1454 relinquet
1028 1402 1142 1440 homo
1167 1407 1319 1453 patrem
1343 1407 1385 1439 et
1407 1413 1490 1439 ma-

147 1472 269 1512 trem,
300 1469 343 1502 et
365 1461 623 1513 adglutinabit
647 1474 689 1500 se
714 1462 827 1499 uxori
851 1473 963 1506 suae,
995 1466 1038 1498 et
1066 1465 1182 1498 erunt
1210 1457 1287 1496 duo
1312 1459 1351 1496 in
1376 1471 1490 1497 unam

149 1520 379 1567 σαι-11911133)
424 1518 682 1558 accidentiam
719 1519 875 1570 spiritus
910 1530 1045 1569 passus
1081 1523 1160 1563 est3
1207 1514 1352 1554 cecidit
1387 1516 1488 1554 enim

149 1578 314 1619 exstasis
338 1589 457 1629 super
480 1576 599 1623 illum,
626 1577 749 1616 sancti
775 1576 932 1627 spiritns
949 1576 1008 1613 vis
1028 1573 1227 1626 operatrix
1244 1573 1487 1624 prophetiae.

148 1636 250 1676 Nam
274 1641 317 1674 et
339 1634 461 1673 malus
491 1635 647 1685 spiritus
677 1632 861 1671 accidens
892 1645 957 1670 res
988 1638 1061 1669 est.
1132 1629 1307 1681 Denique
1333 1629 1488 1668 Saulem

147 1701 228 1735 tam
248 1691 313 1731 dei
338 1692 494 1742 spiritus
519 1697 657 1741 postea
678 1691 798 1728 vertit
820 1690 860 1726 in
885 1689 999 1725 alium
1021 1687 1158 1731 virum,
1184 1685 1225 1723 id
1250 1693 1310 1724 est
1332 1687 1372 1723 in
1395 1698 1489 1736 pro-

149 1751 315 1803 pheten,
348 1759 435 1786 cum
460 1745 604 1785 dietum
628 1753 707 1784 est:
745 1744 836 1796 qnid
861 1745 935 1782 hoe
963 1744 1042 1782 filio
1068 1742 1158 1781 Cis?
1192 1755 1243 1779 an
1267 1749 1308 1780 et
1332 1741 1424 1780 Saul
1449 1743 1489 1780 iu

149 1805 377 1860 prophetis?
387 1803 429 1855 4)
456 1816 567 1854 quam
592 1809 631 1841 et
656 1802 776 1840 malus
800 1802 956 1853 spiritus
980 1806 1118 1851 postea
1142 1799 1285 1838 evertit
1308 1799 1347 1836 iu
1371 1799 1488 1836 alium

149 1865 292 1909 virum,
329 1861 368 1899 in
405 1866 620 1912 apostatam
656 1859 823 1897 scilicet.
901 1856 1033 1896 Iudam
1070 1868 1220 1908 quoque
1256 1855 1488 1908 aliquamdiu

153 1935 240 1962 cum
276 1918 415 1959 electis
451 1916 674 1969 deputatum
709 1928 829 1968 usque
860 1914 911 1954 ad
940 1914 1155 1953 loculorum
1192 1911 1376 1959 officium,
1413 1914 1489 1951 etsi

151 1980 229 2018 iam
247 1974 526 2021 fraudatorem,
552 1973 778 2013 traditorem
805 1980 931 2012 tamen
949 1971 1129 2017 nondum,
1156 1977 1294 2023 postea
1311 1969 1490 2009 diabolus

152 2037 324 2076 intravit.
386 2031 510 2083 Igitur
532 2032 566 2070 si
590 2044 715 2083 neque
739 2030 803 2070 dei
833 2042 958 2083 neque
988 2029 1134 2068 diaboli
1164 2029 1320 2080 spiritus
1344 2041 1396 2066 ex
1419 2040 1490 2066 na-

153 2095 305 2134 tivitate
331 2090 552 2129 conseritur
574 2090 738 2136 animae,
759 2089 884 2128 solam
909 2101 993 2127 eam
1019 2093 1173 2126 constat
1195 2092 1285 2124 ante
1310 2092 1489 2124 eventum

155 2152 314 2202 spiritus
338 2147 556 2198 utriusque;
582 2147 616 2185 si
639 2147 774 2194 solam,
799 2153 841 2185 et
863 2146 1075 2197 simplicem
1094 2151 1135 2183 et
1152 2143 1381 2182 uniformem
1398 2141 1490 2180 sub-

155 2208 320 2248 stantiae
350 2205 524 2251 nomine,
555 2210 671 2256 atque
700 2205 755 2243 ita
784 2217 862 2242 non
891 2201 1045 2242 aliunde
1069 2203 1278 2254 spirantem
1304 2212 1414 2250 quam
1436 2211 1490 2237 ex

155 2264 392 2306 substantiae
417 2274 510 2300 suae
535 2268 654 2300 sorte.

275 2319 387 2366 12⁵)
447 2317 618 2357 Proinde
641 2325 683 2357 et
706 2318 890 2364 animum,
927 2319 1009 2357 sive
1034 2328 1140 2354 mens
1165 2320 1244 2359 est,
1273 2314 1363 2358 ὀὕς
1386 2312 1488 2364 apud

160 2383 353 2425 Graecos,
384 2388 462 2413 uon
486 2374 589 2414 aliud
616 2375 703 2427 quid
729 2375 988 2426 intelligimus,
1022 2386 1132 2426 quam
1157 2376 1379 2421 suggestum
1404 2370 1488 2408 ani·

253 2470 289 2512 1)
304 2474 367 2503 ιε..
384 2473 438 2510 5τ,
454 2472 507 2501 15.
591 2448 781 2511 2)1ει.’42,
797 2469 828 2497 5.
912 2468 950 2506 a)
964 2466 1050 2505 Eph.
1067 2468 1098 2504 5,
1113 2467 1154 2496 31
1164 2475 1213 2504 sq.
1238 2465 1324 2495 Gen.
1338 2464 1370 2503 2,
1387 2463 1487 2500 usq.

151 2517 196 2555 ’4)
211 2519 330 2550 isam.
345 2520 400 2558 10,
416 2519 471 2548 12.
543 2513 577 2554 5)
591 2516 673 2553 Cup.
683 2514 800 2544 1213.
810 2516 846 2544 et
859 2514 914 2544 14.
927 2512 962 2542 in
978 2511 1083 2541 Rhen.
1096 2514 1131 2542 et
1142 2511 1215 2544 Gel.
1229 2511 1306 2542 edd-
1320 2509 1486 2546 incripta

159 2566 257 2597 nunt:
282 2565 373 2596 Non
399 2561 594 2603 separari
619 2560 795 2591 animam
822 2561 865 2589 et
890 2559 1084 2590 animum.
