1604 2800
651 164 720 194 DE
748 164 948 195 ANIMA.
1360 163 1459 200 123
1508 203 1518 206 ,

130 269 240 310 quam
266 256 456 308 sophistas
485 255 535 294 ad
567 257 812 307 praeconium
851 257 1040 294 emittens·
1115 254 1157 294 Si
1183 269 1256 308 qua
1281 257 1398 308 igitur
1421 259 1460 296 in

127 315 228 354 hunc
254 313 406 352 modum
430 312 704 352 de'nidoribns
736 313 1001 365 philosophiae
1033 312 1235 352 candidum
1261 321 1298 353 et
1324 328 1460 366 purum

128 375 257 411 aiirem
282 372 456 409 veritatis
481 371 687 417 infuscant,
714 384 760 409 ea
786 377 898 408 erunt
918 370 1144 410 Christianis
1169 371 1400 410 enubilanda
1419 379 1461 411 et

126 429 433 482 percutientibus
469 430 824 480 argumentationes
861 429 1090 479 originales,
1127 427 1167 467 id
1198 436 1258 467 est
1290 429 1460 481 philoso-

126 486 273 539 phicas,
300 493 341 525 ct
365 486 648 538 opponentibus
674 485 917 524 definitiones
943 486 1156 533 coelestes,
1189 486 1227 525 id
1253 493 1312 525 est
1337 486 1460 525 domi—

127 545 252 591 nicas,
290 551 332 582 ut
361 551 403 582 et
432 544 516 590 illa,
557 544 691 596 quibus
729 544 874 582 ethnici
906 557 929 582 a
959 543 1205 596 philosophia
1242 545 1458 596 capiuntur,

126 600 383 648 destruantur,
410 608 450 640 et
468 601 580 648 haec,
606 601 741 653 quibus
766 600 899 639 fideles
925 601 972 639 ab
999 602 1152 640 haeresi
1174 603 1457 648 concutiuntur,

126 658 393 705 retundantur,
419 672 494 697 una
512 660 586 696 iam
607 660 884 710 congressione
898 657 1030 697 decisa
1043 658 1228 697 adversus
1245 658 1460 711 Hermoge-

125 729 232 763 nem,
262 723 305 754 ut
330 717 494 767 praefati
519 729 667 763 sumus,
701 717 790 767 quia
814 717 978 754 animam
1004 729 1054 753 ex
1078 715 1140 754 dei
1165 717 1276 763 flatu,
1307 730 1384 754 non
1410 729 1462 755 ex

125 774 286 812 materia
311 772 566 818 vindicamus,
598 773 732 811 muniti
762 779 804 810 et
831 773 912 810 illie
943 771 1095 810 divinae
1127 771 1459 812 determinationis

123 830 398 868 inobscurabili
430 830 584 880 regula:
618 836 659 867 et
689 829 812 874 flavit,
844 829 984 879 inquit,
1019 827 1114 866 deus
1139 830 1268 867 flatum
1294 831 1394 869 vitae
1420 831 1460 868 in

122 887 262 926 faeiem
299 887 482 932 hominis,
521 893 562 924 et
597 886 723 924 factus
754 892 815 923 est
844 885 960 922 homo
992 885 1031 923 in
1062 887 1225 925 animam
1261 888 1458 936 vivam,¹)

121 945 253 997 ntique
279 956 329 983 ex
359 942 423 982 dei
453 944 558 981 flatu.
630 942 689 981 De
721 943 795 980 isto
833 942 927 980 nihil
964 943 1126 994 amplius
1163 943 1457 991 revolvendum

122 1001 241 1041 babet
274 1014 382 1040 suum
418 1001 589 1047 titulum,
633 1007 674 1039 et
709 1011 815 1038 suum
853 999 1104 1038 haereticum.
1179 999 1331 1040 Ceteris
1367 1001 1457 1040 hine

122 1058 321 1099 exordium
348 1057 539 1096 inducam.
558 1092 560 1094 ,

236 1117 332 1164 4.2)
382 1115 474 1153 Post
504 1114 767 1153 deffinitionem
793 1127 931 1153 census
957 1115 1219 1166 quaestionem
1244 1123 1365 1154 status
1388 1129 1458 1167 pa-

122 1175 228 1212 titur.
267 1172 518 1224 Consequens
543 1173 643 1210 euim
669 1179 740 1218 est,
766 1178 808 1209 ut
832 1184 882 1209 ex
901 1170 964 1209 dei
982 1173 1075 1210 flatu
1093 1172 1256 1210 animam
1275 1173 1456 1224 professi,

122 1231 271 1269 initium
295 1231 333 1268 ei
359 1228 597 1281 deputemus.
668 1229 752 1267 Hoc
778 1228 887 1267 Plato
919 1227 1109 1276 excludit,
1141 1230 1308 1268 innatam
1334 1237 1375 1268 et
1399 1231 1458 1268 in-

122 1289 264 1327 rectam
284 1288 447 1326 animam
465 1287 616 1333 volens,
630 1287 669 1336 ³)
696 1293 737 1325 et
761 1293 887 1324 natam
906 1293 1034 1324 autem
1053 1285 1236 1325 docemus
1256 1294 1296 1326 et
1314 1287 1457 1326 factam

123 1358 173 1384 ex
206 1345 307 1383 initii
345 1345 634 1383 constitutione.
717 1343 804 1382 Nec
841 1344 968 1382 statim
1010 1345 1221 1383 erravimus
1257 1351 1456 1396 utrumqne

123 1402 313 1449 dicentes,
340 1403 428 1454 quia
454 1402 608 1440 scilieet
630 1400 734 1439 aliud
759 1402 810 1439 sit
834 1408 976 1446 natum,
1009 1399 1114 1439 aliud
1139 1402 1296 1448 factum,
1323 1409 1457 1452 utpote

122 1459 217 1499 illud
235 1459 463 1497 animalibus
483 1465 723 1510 competens.
762 1457 1017 1496 Differentiae
1042 1465 1170 1496 autem
1190 1469 1258 1496 sua
1277 1457 1456 1497 hahendo

122 1518 211 1556 loca
224 1524 266 1556 et
278 1524 466 1569 tempora,
493 1516 636 1554 habeut
660 1514 866 1567 aliquando
889 1521 931 1554 et
948 1515 1182 1567 passivitatis
1208 1517 1455 1555 commercia.

123 1574 237 1627 Capit
261 1575 391 1626 itaque
417 1581 458 1622 et
481 1574 668 1612 facturam
701 1572 779 1612 dici
810 1574 1011 1624 generari,
1043 1586 1115 1624 pro
1145 1574 1274 1612 inesse
1298 1574 1455 1624 poni,⁴)

121 1630 310 1690 siqnidem
336 1644 461 1678 omne,
489 1630 591 1682 quod
617 1644 770 1682 quoquo
796 1630 912 1668 inodo
937 1630 1082 1680 accipit
1106 1641 1206 1676 esse,
1232 1638 1455 1680 generatur.

120 1688 222 1728 Nam
251 1695 293 1727 et
323 1689 452 1726 factor
481 1689 564 1738 ipse
595 1700 736 1738 parens
766 1687 859 1724 sacti
891 1692 1021 1737 potest
1050 1684 1147 1732 dici3
1185 1687 1241 1724 sic
1274 1694 1315 1724 et
1344 1686 1455 1725 Plato

121 1746 253 1784 utitur.
325 1744 450 1794 Igitur
485 1751 663 1794 quantum
695 1741 744 1780 ad
775 1742 889 1780 fidem
910 1748 1096 1786 *nostram
1131 1742 1261 1781 factae
1291 1750 1455 1782 nataeve

122 1803 288 1847 animae,
313 1799 473 1851 depulsa
498 1806 558 1837 est
581 1799 801 1851 philosophi
821 1799 952 1850 opinio
972 1799 1206 1838 auctoritate
1224 1800 1455 1852 prophetiae

124 1871 288 1912 quoque.

135 1941 139 1943 μ
165 1943 173 1946 v.
238 1919 283 1957 5.
339 1913 567 1953 Accerserit
590 1912 778 1951 Eubulum
810 1913 975 1964 aliquem
1001 1920 1042 1951 et
1066 1913 1277 1952 Critolaum
1310 1922 1350 1953 et
1374 1914 1455 1954 Xe-

125 1973 346 2018 nocratem,
393 1978 435 2010 et
470 1972 543 2009 isto
580 1971 619 2007 in
656 1970 744 2008 loco
781 1971 943 2008 amicum
981 1969 1153 2009 Platonis
1187 1970 1453 2015 Aristotelem.

125 2031 305 2070 Fortasse
330 2042 379 2067 an
404 2034 653 2067 exstruentur
675 2028 803 2078 magis
828 2026 878 2065 ad
902 2027 1150 2066 auferendam
1182 2029 1332 2068 animae
1365 2043 1454 2068 cor-

126 2088 354 2140 pulentiam,
391 2087 425 2124 si
455 2098 525 2123 nos
555 2084 653 2122 alios
677 2097 700 2122 e
725 2086 924 2123 contrario
959 2085 1203 2136 inspexerint
1230 2093 1271 2124 et
1301 2086 1451 2138 quidem

123 2145 255 2197 piures
291 2156 431 2195 eorpus
467 2143 616 2180 animae
650 2140 906 2180 vindicantes.
979 2141 1065 2182 Nec
1096 2142 1185 2181 illos
1214 2142 1303 2181 dico
1334 2144 1452 2190 solos,

126 2202 189 2254 qui
219 2214 302 2239 eam
336 2199 383 2238 de
415 2199 627 2238 manifestis
664 2199 931 2250 corporalibus
967 2199 1173 2250 effingunt,
1211 2206 1253 2237 ut
1289 2199 1453 2251 Hippar-

217 2325 263 2370 1)
274 2327 359 2358 Gen.
379 2327 412 2365 2,
432 2328 462 2356 ⁶1.
559 2325 597 2365 2)
618 2326 717 2361 Quae
737 2328 947 2365 sequnntur,
966 2328 1081 2363 4-9„
1101 2326 1135 2356 in
1151 2326 1255 2356 Rhen.
1269 2326 1306 2355 et
1317 2325 1454 2357 Gelenii

125 2374 199 2405 edd.
213 2374 379 2412 inscripta
393 2374 488 2403 nunt:
523 2371 579 2402 De
598 2373 843 2403 substantia
863 2373 1046 2409 animae,
1067 2374 1107 2401 et
1127 2381 1175 2401 an
1196 2371 1451 2410 corporalis.

127 2419 162 2459 3)
174 2420 328 2450 Platonis
344 2418 485 2449 Phaedr.
499 2427 531 2456 p.
547 2419 611 2447 245
627 2418 678 2448 ed.
692 2417 810 2456 Steph.
824 2418 894 2450 Cic.
908 2418 1010 2448 Tunc.
1026 2419 1057 2454 1,
1075 2419 1127 2447 23.
1142 2417 1358 2456 Somn.Scip.
1370 2419 1390 2446 8
1401 2426 1450 2455 sq.

127 2468 165 2502 4)
182 2466 241 2496 Ed.
257 2466 357 2495 Fran.
374 2466 585 2495 facturum
602 2472 676 2502 pro
696 2463 815 2493 nasci
842 2463 957 2502 poni,
985 2463 1250 2494 cod.tVouw.et
1263 2463 1336 2493 Iun.
1349 2464 1450 2494 fact.

128 2521 203 2550 pro
227 2512 369 2542 inesse
394 2510 510 2549 poni;
537 2513 664 2539 autvv.
689 2509 775 2539 dici
800 2509 1016 2550 generari,
1043 2510 1104 2539 aut
1130 2517 1181 2540 vv.
1208 2517 1281 2546 pro
1307 2508 1449 2539 ines-e

128 2558 225 2597 poni
252 2558 410 2588 videntur
435 2555 552 2595 apuria
574 2564 660 2585 ene.
