1604 2800
367 160 1229 220 bnnsssunnsscrioxsscanms.
1367 188 1467 226 15³

137 289 288 329 quoque
309 288 463 315 carnem
482 282 522 314 et
534 277 756 328 sanguinem
777 278 929 316 nomine
951 277 1099 330 culpae,
1120 292 1195 317 uon
1215 279 1465 330 substantiae,

136 335 266 373 arceri
289 347 314 372 a
338 331 401 372 dei
424 345 568 384 regno,
599 335 752 373 nomine
784 342 910 373 tamen
941 335 1090 375 formae
1114 349 1321 388 resurgere
1346 339 1386 377 in
1409 341 1468 379 iu-

138 390 303 438 dicium,
341 391 430 442 quia
463 404 541 428 non
578 399 782 443 resurgant
818 392 856 430 in
893 405 1068 444 regnum.
1146 393 1285 433 Adhuc
1322 395 1466 436 dicam:

139 461 231 487 earo
256 455 298 487 et
320 448 476 499 sanguis
501 461 660 499 regnum
691 449 755 488 dei
786 448 1026 489 haereditate
1051 450 1251 502 possidere
1277 466 1354 491 non
1378 467 1469 505 pos-

138 503 297 557 sunt,¹)
326 507 464 544 merito
495 506 578 544 sola
603 513 643 544 et
666 520 738 558 per
762 514 883 545 semet
907 508 1001 559 ipsa,
1028 515 1070 546 ut.
1095 508 1319 549 ostenderet
1343 509 1467 550 adbuc

132 560 312 615 vspiritum
342 563 399 601 illi
431 565 704 602 necessarium.
773 562 939 616 Spiritus
970 566 1070 604 enim
1095 574 1173 613 est,
1206 569 1269 619 qui
1300 568 1470 607 vivificat

137 621 176 659 in
202 633 362 672 regnum
394 619 476 667 dei,
510 634 602 659 caro
634 621 727 659 nihil
759 621 982 674 p1·odest.2)
1043 622 1235 663 Prodesse
1262 632 1387 664 tamen
1413 626 1471 664 illi

138 676 241 716 aliud
266 684 414 729 potest,
445 677 484 715 id
510 685 569 716 est
592 680 766 730 spiritus,
798 686 839 718 et
868 693 939 731 per
967 681 1141 732 spiritum
1173 695 1292 733 opera
1318 695 1469 734 quoque

137 735 306 788 spiritus.
355 734 574 786 Resurgunt
598 736 727 788 itaque
754 749 803 774 ex
827 750 951 788 aequo
984 738 1106 776 omnis
1131 751 1225 777 caro
1251 746 1291 776 et
1315 741 1471 790 sangnis

138 794 177 832 in
203 792 387 845 qualitate
417 805 499 829 sua.
542 790 647 840 ‚Sed
679 806 837 844 quorum
870 801 929 831 est
959 793 1070 832 adire
1100 807 1260 845 reguum
1292 794 1375 841 dei,
1411 797 1471 833 in-

138 849 259 888 duere
285 848 482 900 oportebit
500 849 575 887 vim
595 850 971 901 incorruptibilitatis
991 858 1031 889 et
1050 852 1360 899 immortalitatis,
1386 853 1470 891 siue

138 919 213 960 qna
236 919 397 957 regnum
423 904 486 944 dei
511 904 620 944 adire
645 920 722 944 non
747 914 919 959 possunt,
946 914 1149 960 antequam
1176 911 1360 961 consequi
1386 923 1471 948 eam

137 964 298 1017 possint.
334 962 501 1014 'Merito
528 976 624 1015 ergo
651 977 744 1002 caro
770 971 810 1003 et
834 966 1001 1016 sanguis,
1028 972 1069 1003 ut
1094 965 1268 1013 diximus,
1300 967 1384 1006 sota
1409 980 1472 1005 re·

138 1034 253 1074 gnum
277 1019 343 1060 dei
367 1033 509 1072 capere
536 1020 734 1059 deficiunt.
783 1020 862 1059 Iam
888 1034 981 1060 vero
1014 1035 1098 1060 cum
1125 1021 1305 1062 devorari
1330 1023 1472 1062 babeat

119 1074 400 1130 ‘corruptivum
426 1076 527 1115 istud
546 1077 594 1115 ab
615 1078 994 1129 incorruptibilitate,
1021 1078 1059 1116 id
1079 1086 1140 1117 est
1159 1093 1273 1126 caro,
1305 1087 1344 1122 et
1368 1093 1472 1118 mor-

138 1136 218 1175 tale
249 1133 351 1173 istud
380 1134 428 1172 ab
461 1135 819 1182 immortalitate‚³)
853 1135 893 1173 id
925 1142 983 1174 est
1013 1137 1186 1186 sanguis,
1224 1144 1312 1188 post
1342 1149 1470 1175 resur-

139 1193 355 1232 rectionem
392 1204 452 1241 exp
477 1190 759 1230 demutatione:
797 1194 934 1230 merito
973 1191 1166 1230 demutata
1202 1206 1248 1231 ac
1287 1191 1468 1232 devorato

142 1263 235 1288 caro
260 1256 302 1287 et
325 1248 480 1299 sanguis
504 1261 663 1299 regnum
695 1248 757 1287 dei
788 1248 1032 1288 haereditate
1062 1248 1264 1302 possidere
1299 1259 1471 1302 possunt,

140 1321 219 1346 nou
242 1313 371 1345 tamen
395 1318 471 1343 uon
498 1307 741 1344 resuscitata.
792 1304 890 1345 Sunt
915 1308 979 1358 qui
1004 1320 1158 1346 caruem
1185 1315 1225 1346 et
1248 1321 1473 1358 sangumem

141 1363 370 1404 Iudaismum
395 1362 517 1401 velint
540 1364 666 1415 accipi
691 1370 852 1415 propter
883 1365 1216 1403 circumcisionem
1242 1365 1406 1403 alienum
1433 1373 1474 1403 et

140 1423 263 1475 ipsum
285 1434 312 1459 a
336 1419 399 1459 dei
431 1433 574 1471 regno,
606 1422 693 1472 quia
724 1428 764 1459 et
794 1421 860 1460 ille
890 1422 1072 1460 vetustati
1103 1421 1308 1473 deputetur
1333 1429 1374 1460 et
1398 1422 1473 1460 hoc

142 1479 254 1518 titulo
279 1479 355 1516 iam
379 1484 420 1516 et
443 1477 533 1515 alibi
560 1477 608 1515 ab
634 1478 813 1530 apostolo
833 1477 1052 1524 denotetur,
1080 1480 1141 1530 qui
1157 1486 1243 1530 post
1262 1479 1476 1517 revelatum

141 1538 181 1575 in
201 1548 244 1575 se
264 1535 381 1575 filium
407 1533 470 1573 dei
490 1533 540 1573 ad
559 1534 900 1586 evangelizandum
926 1548 1009 1574 eum
1037 1537 1076 1574 in
1102 1536 1320 1574 nationibus
1346 1538 1475 1574 statim

140 1606 220 1635 nou
249 1592 428 1632 retulerit
457 1591 506 1630 ad
538 1606 691 1638 carnem
724 1600 765 1631 et
795 1595 1037 1644 sanguinem,
1070 1592 1109 1631 id
1140 1600 1199 1631 est
1229 1592 1276 1631 ad
1311 1594 1475 1632 circum-

143 1651 342 1696 cisionem,
367 1648 406 1687 id
432 1656 493 1687 est
516 1649 565 1688 ad
590 1649 831 1696 Iudaismum,
858 1652 958 1688 sicut
981 1649 1030 1687 ad
1058 1649 1215 1688 Galatas
1226 1651 1265 1698 4)
1292 1651 1439 1688 scribit.

258 1710 329 1748 51.
393 1704 472 1743 Sed
497 1719 568 1757 pro
594 1706 767 1745 omnibus
791 1707 865 1744 iam
891 1706 1020 1752 stabit,
1053 1706 1155 1757 quod
1181 1706 1387 1744 clausulam
1412 1719 1475 1744 re-

144 1764 393 1808 servavimus,
420 1762 534 1800 etiam
559 1774 630 1814 pro
655 1763 833 1814 apostolo
859 1764 943 1813 ipso
969 1775 1106 1801 revera
1130 1765 1318 1801 maximae
1339 1764 1476 1801 incon-

144 1819 380 1860 siderantiae
411 1818 666 1865 revincendo,
698 1820 730 1857 si
762 1826 838 1857 tam
871 1819 1053 1871 abrupte,
1087 1826 1127 1857 ut
1152 1818 1302 1871 quidam
1327 1820 1473 1865 volunt,

146 1877 300 1923 clausis,
326 1873 427 1928 quod
442 1875 560 1921 aiunt,
588 1876 723 1923 oculis,
745 1876 827 1915 siue
847 1875 1147 1922 distinctione-⁵)
1171 1890 1319 1915 omnem
1333 1879 1475 1929 passim

146 1947 302 1975 carnem
334 1940 375 1972 et
404 1933 628 1984 sauguinem
659 1945 683 1971 a
712 1946 835 1983 reguo
875 1932 937 1972 dei
975 1934 1157 1980 extrusit,
1194 1935 1324 1986 utique
1356 1942 1397 1973 et
1426 1935 1474 1972 ab

144 1994 230 2046 ipsa
253 1991 365 2042 regia
390 1990 600 2038 coelorum,
626 2003 711 2032 cum
735 1991 815 2029 illic
840 1990 965 2030 adhuc
990 1990 1126 2031 sedeat
1146 1991 1251 2030 lesus
1270 1990 1319 2030 ad
1339 1990 1476 2030 dexte-

143 2063 227 2099 ram
252 2049 391 2102 patris,
410 2047 448 2094 ⁶)
493 2047 627 2095 homo,
658 2048 731 2087 etsi
762 2047 876 2096 deus,
912 2047 1036 2087 Adam
1061 2049 1300 2095 novissimus,
1319 2049 1357 2097 ἵ)
1403 2050 1477 2088 etsi
1505 2093 1512 2098 .

146 2119 273 2146 sermo
298 2105 512 2158 primarius,
540 2118 632 2144 caro
653 2112 694 2144 et
711 2107 879 2157 sanguis,
906 2106 978 2145 etsi
1005 2107 1147 2146 nostris
1170 2107 1346 2158 puriora,
1373 2105 1475 2144 idem

146 2171 275 2203 tamen
299 2170 341 2201 et
365 2161 575 2200 substantia
600 2169 641 2201 et
663 2163 804 2209 forma,
836 2156 910 2215 qua
933 2163 1122 2210 ascendit,
1153 2164 1240 2201 talis
1266 2162 1476 2201 etiamvde-

147 2233 371 2266 sceusuruS,
402 2225 444 2256 ut
474 2220 604 2271 angeli
635 2219 890 2270 affirmant,⁸)
929 2216 1196 2272 agnoscendus
1226 2220 1378 2258 scilicet
1402 2220 1472 2264 eis,

95 2312 102 2321 x
149 2279 211 2331 qui
236 2277 350 2317 jllum
388 2277 771 2316 convulneraverunt.
783 2278 822 2326 ⁹)
906 2277 977 2317 Hic
1019 2284 1221 2330 sequester
1262 2275 1325 2314 dei
1359 2282 1474 2327 atque

148 2334 420 2380 hominum10)
456 2334 688 2387 appellatus,
720 2347 770 2373 ex
800 2336 995 2388 utriusque
1020 2336 1141 2387 partis
1166 2333 1341 2385 deposito
1369 2345 1474 2371 com-

243 2486 281 2530 1)
296 2489 401 2518 1cor.
419 2489 471 2525 15,
488 2488 541 2517 50.
613 2482 648 2522 2)
664 2485 814 2523 10.6,63.
887 2485 923 2524 a)
939 2485 1108 2522 1c01.15,
1120 2485 1172 2515 53.
1244 2484 1281 2522 4)
1295 2482 1370 2512 Gal.
1380 2483 1409 2521 1,
1420 2484 1473 2512 w.

152 2532 186 2572 5)
198 2533 284 2573 Get„
298 2534 349 2565 ed.
363 2534 463 2564 Fran.
479 2536 512 2561 et
527 2532 599 2571 Rig.
615 2531 689 2560 add.
711 2530 802 2560 sine
827 2530 1087 2560 conditione.
1168 2529 1206 2569 ὃ)
1226 2530 1333 2559 Marc.
1348 2529 1404 2566 16,
1420 2529 1474 2557 19.

151 2580 189 2619 τ)
204 2581 222 2610 1
237 2580 313 2611 eor.
330 2581 384 2618 15,
398 2581 453 2609 45.
527 2578 563 2617 8)
580 2579 650 2607 Act.
667 2578 697 2617 1,
711 2578 730 2605 9
742 2585 813 2614 sqq.v
887 2575 922 2615 9)
936 2577 985 2609 ιο.
1000 2577 1054 2617 19,
1070 2577 1124 2608 37.
1198 2574 1430 2614 1o)1'1·im.2‚
1442 2574 1472 2605 5.
