1566 2808
159 220 262 260 116
409 225 938 256 Anv.1v1ARc10NEM
974 224 1151 255 ΙΛΒΕΒ
1181 226 1238 255 111.

162 323 250 362 tem,
278 323 317 354 et
343 318 464 355 oculis
489 318 637 364 visuro,
665 324 704 355 et
729 331 804 355 non
828 319 977 364 visuro,
1003 317 1133 368 utique
1161 316 1351 355 Christum
1377 317 1487 367 signa

161 374 388 421 facientcm3
432 373 640 413 seeundum
680 373 782 426 quod
820 381 860 412 et
884 375 995 413 alibi:
1035 381 1075 412 et
1106 375 1190 425 quis
1223 386 1381 421 caecus,
1415 373 1488 412 nisi

159 430 270 481 pueri
307 431 407 469 mei?
445 438 485 469 et
510 432 592 483 quis
630 431 785 478 surdus,
825 433 897 470 nisi
930 433 992 483 qui
1024 431 1241 470 dominatur
1277 443 1410 470 eorum
1425 431 1489 480 1)?

162 485 241 524 Sed
268 494 308 525 et
339 501 423 526 cum
450 489 661 540 exprobrat
690 502 760 540 per
784 488 946 528 eundem
971 488 1144 527 Esaiam:
1174 489 1278 527 *filios
1305 489 1485 539 generavi

161 551 201 582 et
225 545 412 592 exaltavi,
438 553 478 584 at
503 547 558 585 illi
584 559 643 585 me
669 548 910 594 reiecerunt3
945 547 1104 597 agnovit
1127 546 1197 584 bos
1221 558 1486 598 possessorem

160 615 265 640 suum
298 610 338 641 et
368 604 496 641 asinus
527 617 715 656 praesepe
748 603 890 641 domini
917 605 992 650 sui,
1028 603 1148 641 Israel
1174 610 1299 642 autem
1325 616 1384 642 me
1410 616 1486 641 non

161 661 344 710 cognovit
370 667 409 699 et
433 662 595 712 populus
621 675 680 700 me
708 675 783 700 non
810 662 1001 699 intellexit
1013 662 1072 710 2):
1099 674 1170 699 nos
1197 660 1347 712 quidem
1376 660 1486 706 certi,

161 716 351 755 Christum
390 731 542 769 semper
578 720 615 757 in
652 719 853 770 prophetis
891 719 1079 765 locutum,
1126 718 1298 770 spiritum
1335 718 1490 757 scilicet

160 775 368 822 creatoris,
402 776 501 813 sicut
525 776 715 827 propheta
747 783 929 821 testatur:
968 788 1135 827 persona
1167 776 1322 826 spiritus
1351 780 1497 820 nostri,-

161 831 334 870 Christus
373 831 620 882 dominus3),
660 834 723 884 qui
761 834 808 871 ab
841 834 950 870 initio
987 833 1155 870 vicarius
1193 833 1314 884 patris
1346 832 1385 870 in
1424 830 1487 870 ‹lei

158 890 311 926 nomine
350 897 390 927 et
427 889 578 928 auditus
616 891 665 928 sit
696 898 735 928 et
764 891 886 938 visus,
920 890 1059 928 scimus
1084 890 1203 941 ipsius
1234 901 1352 927 voces
1386 889 1488 927 eius-

159 946 262 984 modi
292 947 410 986 fuisse
443 948 516 985 iam
555 954 644 986 tunc
677 944 825 986 Israeli*
850 947 1138 999 exprobrantis,
1185 959 1281 998 quae
1313 947 1351 984 in
1383 946 1486 984 illum

160 1005 398 1042 commissuri
441 1004 784 1056 praedicabantur:
836 1003 1094 1055 dereliquistis
1137 1002 1328 1042 dominum
1372 1010 1413 1042 et
1448 1004 1486 1042 in

159 1062 253 1099 iram
267 1063 509 1112 provocastis
530 1069 701 1100 sanctum
717 1061 836 1100 lsrael
849 1063 901 1110 4).
955 1060 998 1099 Si>
1021 1074 1115 1100 vero
1131 1074 1206 1099 non
1221 1062 1259 1099 in
1275 1061 1482 1108 Christum,

159 1117 228 1156 sed
254 1119 291 1155 in
317 1119 437 1170 ipsum
463 1119 591 1170 potius
618 1118 729 1157 deum
755 1119 923 1158 volucris
949 1119 1099 1157 referre
1126 1118 1276 1157 omnem
1303 1117 1485 1157 Iudaicae

158 1175 402 1226 ignorantiae
435 1175 482 1214 de
514 1177 676 1227 pristino
715 1177 1017 1228 reputationem,
1063 1177 1199 1214 nolens
1231 1177 1346 1214 etiam
1377 1181 1485 1214 retro

159 1245 373 1271 sermonem
400 1241 439 1272 et
464 1235 650 1285 spiritum,
676 1232 715 1271 id
741 1241 799 1272 est
821 1234 1012 1272 Christum
1034 1233 1235 1280 creatoris,
1263 1232 1485 1285 despectum

159 1290 205 1328 ab
233 1291 289 1329 eis
316 1298 355 1329 et
380 1305 456 1329 non
483 1293 671 1342 agnitum,
699 1292 754 1330 sic
777 1304 927 1343 quoque
948 1292 1174 1330 revinceris.
1197 1310 1201 1311 ⁷
1235 1289 1325 1329 Non
1339 1303 1485 1341 negans

159 1348 259 1385 enim
286 1348 400 1386 filium
433 1356 472 1387 et
498 1350 669 1400 spiritum
698 1356 738 1387 et
763 1349 1011 1388 substantiam
1039 1349 1229 1388 creatoris
1261 1361 1346 1387 esse
1373 1347 1486 1386 Chri-

158 1411 254 1442 stum
270 1406 364 1451 eius,
393 1406 588 1444 concedas
615 1419 775 1445 neeesse
802 1414 873 1454 est,
902 1420 982 1453 eos,
1011 1408 1073 1458 qui
1098 1413 1247 1458 patrem
1272 1419 1348 1444 non
1363 1418 1486 1456 agno-

156 1462 303 1508 verint,
348 1475 420 1500 nec
460 1464 575 1500 filium
613 1476 829 1514 agnoscere
854 1465 1038 1515 ¹potuisse
1074 1476 1146 1515 per
1184 1462 1354 1501 eiusdem
1394 1462 1484 1501 sub-

158 1520 322 1558 stantiae
349 1518 629 1573 conditionem,
664 1522 770 1558 cuius
802 1522 833 1559 si
859 1520 1057 1572 plenitudo
1083 1521 1283 1559 intellecta
1309 1534 1385 1559 non
1411 1527 1482 1567 est,

156 1577 276 1615 multo
314 1579 434 1628 magis
466 1579 613 1629 portio,
654 1585 761 1616 certe
801 1591 873 1630 qua
910 1577 1158 1630 plenitudinis
1191 1591 1364 1617 consors.
1415 1577 1483 1616 His

156 1635 209 1672 ita
247 1634 431 1686 dispectis
470 1636 543 1673 iam
582 1643 762 1687 apparet,
808 1635 999 1687 quomodo
1032 1642 1072 1673 et
1101 1636 1320 1687 respuerint
1349 1634 1485 1674 Iudaei

157 1691 348 1730 Christum
375 1699 414 1730 et
438 1688 717 1740 interemerint,
745 1707 820 1731 non
846 1700 887 1731 ut
913 1700 1136 1731 extraneum
1153 1693 1343 1731 Christum
1369 1692 1484 1732 intel-

155 1749 339 1799 ligentes,
373 1749 442 1788 sed
472 1757 514 1788 ut
545 1764 650 1789 suum
682 1764 758 1788 non
790 1758 1063 1801 agnoscentes.
1117 1750 1189 1798 Qui
1220 1751 1320 1788 enim
1352 1756 1483 1789 extra-

155 1819 266 1844 neum
305 1807 526 1858 intelligere
563 1809 796 1859 potuissent,
836 1806 884 1846 de
923 1820 997 1859 quo
1035 1808 1128 1846 nihil
1165 1820 1329 1860 unquam
1354 1807 1483 1846 suerat

154 1862 430 1911 adnuntiatum,
459 1878 543 1902 cum
569 1866 788 1916 intelligere
815 1878 889 1903 non
912 1866 1136 1916 potuissent,
1164 1864 1212 1904 de
1239 1878 1312 1916 quo
1329 1877 1483 1917 semper

153 1920 280 1958 fuerat
305 1921 594 1972 praedicatum?
631 1922 673 1960 ld
690 1924 789 1961 enim
804 1923 967 1973 intelligi
982 1923 1045 1961 vel
1071 1936 1147 1960 non
1173 1923 1337 1973 intelligi
1359 1922 1480 1974 capit,

154 1977 256 2029 quod
282 1978 459 2016 habendo
493 1980 741 2018 substantiam
767 1979 1068 2031 praedicationis
1101 1979 1258 2021 habebit
1288 1987 1329 2018 et
1359 1985 1481 2018 mate-

152 2035 246 2072 riam
278 2036 339 2073 vel
372 2037 579 2086 agnitionis
610 2039 672 2075 vel
704 2038 867 2085 erroris3
903 2037 1004 2089 qnod
1035 2050 1129 2076 vero
1161 2038 1323 2076 materia
1356 2043 1478 2083 caret,

152 2105 228 2130 non
254 2091 420 2130 admittit
451 2094 665 2144 sapientiae
704 2102 893 2134 eventum.
955 2094 1006 2132 Et
1036 2094 1135 2133 adeo
1168 2107 1245 2132 non
1277 2106 1351 2145 qua
1381 2093 1480 2132 alte-

152 2150 230 2201 rius
256 2149 338 2197 dei,
372 2150 563 2188 Christum
589 2153 755 2190 aversati
781 2150 1052 2203 persecutique
1078 2158 1182 2198 sunt,
1216 2149 1284 2188 sed
1317 2156 1391 2202 qua
1415 2163 1479 2189 so-

151 2206 342 2245 lummodo
368 2207 579 2255 hominem,
613 2222 722 2260 quem
755 2210 908 2260 planum
940 2209 1129 2259 inxsignis
1161 2214 1201 2247 et
1225 2208 1414 2247 aemulum
1438 2208 1476 2246 in
1526 2207 1533 2214 ’

151 2263 338 2303 doctrinis
365 2266 653 2312 existimabant,
680 2273 721 2304 ut
746 2273 786 2304 et
810 2267 931 2317 ipsum
957 2265 1167 2313 hominem,
1195 2278 1268 2317 qua
1292 2279 1411 2313 suum,
1429 2264 1477 2307 *id

151 2329 210 2360 est
235 2321 435 2369 Iudaeum,
469 2323 537 2361 sed
570 2322 750 2362 Iudaismi
783 2323 1086 2363 exorbitatorem
1110 2331 1153 2368 et
1178 2322 1475 2369 destructorem,

151 2378 383 2418 deduxerint
407 2381 445 2418 in
470 2380 651 2420 iudicium
678 2388 718 2419 et
742 2394 811 2419 suo
838 2381 921 2419 iure
946 2381 1154 2433 punierint,
1181 2380 1346 2420 alienum
1369 2379 1476 2418 scili-

242 2482 280 2526 1)
308 2486 371 2517 les.
392 2486 448 2523 42,
470 2486 512 2515 19
527 2494 575 2523 sq.
600 2487 639 2516 ut
659 2486 774 2516 locum
794 2486 904 2518 Lxx.
925 2485 1144 2524 interpretati
1166 2485 1255 2516 sunt.
1350 2481 1385 2524 2)
1409 2485 1474 2516 Ie·-

150 2531 182 2566 1,
199 2530 229 2560 3.
258 2547 267 2555 -
325 2531 360 2571 3)
386 2531 512 2562 Thren.
524 2533 556 2571 4,
573 2533 602 2562 3.
617 2541 660 2562 ex
676 2532 794 2562 eadem
809 2532 916 2562 LXX.
932 2531 1234 2570 interpretatione.
1259 2529 1368 2561 Rhen.
1383 2530 1434 2562 ed.
1448 2532 1475 2563 1.

150 2574 365 2606 Christum
391 2577 612 2610 dominum.
627 2578 755 2609 Pamel.
768 2580 803 2608 et
817 2577 891 2617 Rig.
912 2577 1103 2616 Spiritus
1129 2584 1349 2616 personae¹
1367 2577 1474 2617 eius,

151 2619 350 2652 Christus
377 2622 581 2654 dominus.
676 2624 714 2663 4)
740 2625 802 2654 les.
825 2625 856 2662 1,
876 2624 909 2654 4.
