1604 2800
178 231 285 267 144
401 229 473 259 DE
511 226 1025 258 RESURRECTIONE
1062 227 1292 260 GARNIS.

183 326 317 369 homo,
357 322 445 373 quia
482 320 695 373 posterior,
735 332 807 358 nec
847 332 939 358 caro
977 317 1066 358 ideo
1102 326 1232 366 vetus,
1271 319 1359 371 quia
1394 319 1516 372 prior.

184 380 412 430 Quantulum
450 379 550 418 enim
590 378 774 430 temporis
811 377 913 416 inter
943 390 1092 416 manum
1124 376 1185 416 dei
1220 383 1260 416 et
1290 375 1339 415 ad
1364 377 1521 417 flatum?

181 440 315 478 Ausim
353 436 507 476 dicere:
547 436 698 474 etiamsi
734 435 854 474 multo
886 435 994 487 prior
1024 436 1150 474 anima
1183 448 1294 487 quam
1320 447 1432 482 caro,
1471 447 1521 475 eo

184 499 268 549 ipso
295 493 398 548 quod
424 495 550 534 anima
575 494 728 546 impleri
754 506 796 532 se
822 494 1077 545 exspectavit,
1103 493 1275 545 priorem
1301 505 1386 532 eam
1411 492 1520 532 feeit.

186 555 315 593 Omnis
341 554 442 592 enim
469 552 747 591 consummatio
774 558 888 603 atque
915 552 1129 603 perfectio,
1169 551 1243 590 etsi
1280 549 1419 590 ordine
1452 563 1524 603 po·

185 618 344 660 stumat,
385 610 528 649 effectu
559 610 758 661 anticipat.
818 609 944 660 Magis
970 607 1063 648 illud
1089 609 1194 661 prius
1219 615 1297 656 est,
1335 609 1419 648 sine
1447 621 1522 661 quo

185 671 318 723 priora
344 682 420 707 non
446 664 618 720 possunt.
682 666 724 705 Si
751 680 844 706 caro
869 674 982 706 vetus
1008 667 1142 714 homo,
1171 665 1324 719 quando
1350 664 1478 705 istud?
1502 679 1526 705 a

188 725 426 780 primordio?
460 725 606 777 Atquin
637 724 763 764 Adam
794 738 916 764 novus
948 732 1070 772 totus,
1109 732 1149 763 et
1190 738 1240 764 ex
1276 737 1377 763 novo
1414 730 1527 764 vetus

188 798 313 824 nemo.
375 783 474 822 Nam
502 790 542 820 et
566 782 706 821 exinde
732 796 755 821 a
785 782 1060 822 benedictione
1099 783 1303 834 geniturae
1336 795 1429 821 earo
1468 787 1528 820 at-

190 855 262 895 que
289 842 413 880 anima
440 840 550 878 simul
575 840 670 878 fiunt
696 841 778 886 sine
805 840 955 878 calculo
983 841 1187 891 temporis,
1227 847 1269 878 ut
1294 852 1391 892 quae
1417 838 1528 878 simul

189 901 229 938 in
253 906 364 938 utero
392 899 507 937 etiam
533 897 786 943 seminantur,
828 896 930 948 quod
957 896 1156 935 docuimus
1182 898 1221 935 in
1247 897 1528 936 commentario

190 958 407 1005 animae31)
436 961 732 1007 contemperant
757 954 878 1001 foetu,
907 956 1134 1002 coaetant2)
1163 961 1272 1001 natu,
1311 952 1409 993 duos
1434 954 1530 993 istos

190 1016 366 1054 homines
391 1026 482 1051 sane
510 1025 560 1051 ex
591 1012 804 1050 substantia
837 1011 1000 1063 duplici,
1039 1025 1116 1050 non
1154 1018 1282 1050 tamen
1313 1018 1354 1050 et
1385 1018 1530 1058 aetate,

192 1074 247 1111 sic
274 1085 388 1110 unum
418 1069 555 1117 edunt,
595 1068 679 1107 dum
711 1069 821 1121 prior
851 1076 990 1107 neuter
1021 1075 1095 1107 est.
1139 1068 1283 1111 ,Citius
1308 1074 1387 1116 est,
1425 1075 1532 1107 totos

192 1143 263 1168 nos
288 1135 354 1168 aut
377 1135 534 1167 veteres
559 1134 626 1165 aut
650 1140 772 1165 novos
797 1139 903 1174 esse;
932 1139 1006 1178 qua
1032 1126 1132 1165 enim
1158 1125 1319 1165 alterum
1340 1127 1532 1178 possimus

193 1199 298 1233 esse,
337 1185 594 1235 nescimus.³)
657 1183 737 1223 Sed
768 1183 966 1236 apostolus
992 1190 1164 1223 veterem
1189 1183 1383 1223 hominem
1409 1185 1534 1224 mani-

193 1246 293 1284 feste
319 1250 440 1282 notat.
484 1242 646 1295 Expone
674 1243 788 1289 enim,
815 1242 950 1294 inquit,
976 1241 1186 1281 secundum
1210 1241 1411 1294 pristinam
1438 1247 1534 1281 eou-

193 1302 454 1341 versationem
490 1307 663 1339 veterem
701 1300 967 1350 hominem,4)
1007 1313 1084 1338 non
1121 1298 1331 1338 secundum
1369 1299 1534 1340 alicuius

196 1360 431 1399 substantiae
458 1359 617 1397 senium.
679 1357 816 1409 Neque
845 1358 945 1397 enim
971 1370 1146 1404 carnem,
1174 1358 1386 1410 praecipit,
1413 1356 1534 1410 depo-

197 1430 348 1460 namus,
387 1414 456 1453 sed
494 1428 590 1466 quae
629 1422 669 1453 et
698 1415 791 1453 alibi
830 1415 1000 1454 earnalia
1034 1414 1204 1454 ostendit
1235 1416 1430 1468 opera,⁵)
1456 1427 1534 1453 non

200 1486 368 1524 corpora
405 1485 611 1518 aecusanS,
651 1471 699 1510 de
738 1473 872 1523 quibus
909 1480 950 1510 et
979 1474 1041 1512 hic
1080 1473 1253 1512 subiicit:
1293 1472 1536 1526 deponentes

200 1528 439 1569 mendacium
477 1529 673 1580 loquimini
709 1530 912 1568 veritatem
943 1531 1200 1582 unusquisque
1233 1530 1282 1569 ad
1318 1531 1540 1583 proximum

201 1591 326 1634 suum,
366 1586 543 1638 quoniam
578 1586 747 1624 membra
773 1587 998 1625 alterutrum
1025 1600 1163 1624 sumus.
1227 1587 1442 1626 Irascimini
1466 1601 1535 1626 au·-

201 1653 296 1692 tem‚
335 1651 375 1683 et
407 1644 525 1682 nolite
558 1642 796 1695 delinquere.
835 1661 837 1663 ·
860 1643 928 1682 Sol
955 1657 1030 1682 non
1058 1642 1215 1682 occidat
1239 1656 1356 1696 super
1380 1657 1536 1683 iracun-

202 1702 304 1742 diam
330 1709 509 1741 vestram.
571 1700 709 1753 Neque
736 1700 922 1740 dederitis
949 1700 1104 1739 diabolo
1131 1701 1271 1739 locum.
1334 1700 1407 1749 Qui
1431 1702 1538 1741 fura-

201 1769 282 1808 tur,
320 1761 395 1798 iam
422 1773 497 1797 non
523 1759 690 1806 furetur,
734 1759 810 1797 imo
842 1759 970 1810 potius
1002 1757 1155 1797 laboret
1188 1756 1388 1810 operando
1415 1759 1538 1798 mani·

201 1819 290 1865 hus,
328 1818 384 1856 uti
420 1817 563 1855 habeat
593 1817 790 1868 impartire
822 1815 1026 1867 indigenti.
1089 1815 1220 1855 Omnis
1250 1829 1377 1855 sermo
1414 1817 1539 1869 turpis

204 1890 280 1914 non
307 1873 496 1928 procedat
522 1887 571 1913 ex
596 1887 665 1913 ore
690 1881 842 1921 vestro,
869 1873 938 1913 sed
965 1875 1029 1926 qui
1060 1874 1110 1912 sit
1136 1874 1301 1925 optimus
1327 1872 1376 1913 ad
1401 1873 1539 1913 aedili-

207 1935 398 1972 cationem
425 1931 534 1979 fidei,
566 1939 607 1970 ut
632 1933 796 1984 gratiam
821 1930 1066 1971 audientibus
1091 1938 1277 1983 praestet.
1337 1931 1538 1970 Et'nolite

207 1991 438 2028 contristare
464 1990 637 2040 spiritum
658 1989 722 2029 dei
747 1997 933 2036 sanctum,
960 1990 999 2028 in
1025 2002 1099 2041 quo
1124 1990 1265 2040 signati
1291 1990 1385 2028 estis
1408 1989 1450 2031 in
1473 2001 1542 2028 re-

206 2047 438 2099 demptionis
464 2046 542 2087 die.
590 2047 720 2086 Omnis
745 2046 959 2087 amaritudo
987 2053 1026 2086 et
1051 2047 1109 2085 ira
1134 2053 1174 2085 et
1198 2047 1412 2086 clamoret
1433 2047 1539 2086 blas-

206 2105 360 2158 phemia
397 2104 594 2143 auferatur
625 2119 647 2143 a
676 2105 786 2144 vobis
818 2118 909 2144 cum'
936 2105 1038 2143 omni
1075 2104 1235 2143 malitia.
1299 2102 1438 2143 Estote
1468 2117 1539 2143 au-

208 2171 285 2201 tem
311 2163 349 2200 in
376 2162 599 2200 alterutrum
625 2163 796 2215 benigni,
823 2161 1115 2209 misericordes,
1142 2160 1332 2200 donantes
1356 2162 1537 2208 invicem,

208 2222 308 2259 sieut
332 2226 372 2258 et
396 2218 490 2258 deus
514 2219 624 2258 vobis
650 2219 806 2260 donarit
837 2222 875 2259 in
907 2219 1127 2268 Christo.⁶)
1190 2218 1313 2271 Igitur
1347 2220 1414 2271 qui
1451 2231 1567 2258 cars

209 2291 295 2316 nem
330 2284 503 2316 veterem
539 2277 730 2317 homiuem
768 2279 1005 2325 existimant,
1045 2290 1115 2317 cur
1151 2290 1226 2315 non
1263 2283 1426 2315 mortem
1462 2276 1538 2316 sibi

209 2342 439 2387 properant,
476 2341 517 2373 ut
552 2342 686 2375 vetere
723 2337 875 2376 homine
907 2335 1085 2388 deposito
1118 2335 1340 2388 praeceptis
1370 2333 1538 2388 apostoli

304 2497 340 2535 1)
367 2497 418 2527 Cf.
433 2497 474 2527 de
487 2497 602 2528 anima
617 2508 691 2537 cap.
707 2500 760 2530 27.
857 2500 893 2539 2)
921 2500 994 2532 Gel.
1009 2500 1043 2530 et
1056 2499 1218 2531 emman.
1239 2498 1474 2529 coaetanea
1486 2497 1540 2527 nt.

214 2542 250 2580 3)
277 2542 383 2574 Rhen.
405 2553 423 2574 e
449 2543 523 2574 cod.
549 2544 670 2576 eorm
697 2555 776 2584 qua
799 2546 908 2577 enim
934 2546 1117 2578 alterum
1149 2543 1439 2585 pos-idemus,
1476 2542 1541 2573 nl-

212 2590 349 2618 terum
373 2597 467 2619 ense
492 2591 721 2623 nescimun.
816 2589 852 2632 4)
878 2592 965 2632 Eph.
985 2593 1019 2631 4,
1040 2592 1095 2622 22.
1191 2589 1228 2630 5)
1253 2589 1330 2622 Gal.
1354 2589 1387 2629 5,
1415 2589 1541 2627 191qq.

215 2630 252 2673 6)
278 2633 409 2675 Eph.4,
425 2635 570 2667 25—32.
1468 2636 1471 2642 ’
