1566 2808
247 252 323 285 DE
354 252 988 285 PRAESCRIPTIONIBUS
1023 251 1274 283 HAE‘RET.
1365 248 1430 284 37

106 345 325 386 eeclesiam.
405 343 484 385 Sed
527 346 625 384 enim
676 358 725 384 ex
768 347 824 384 eis
867 357 1016 397 quoque
1060 344 1299 396 processisse
1338 341 1434 380 duo-

107 401 234 443 decim
274 415 438 450 aeonas3
489 401 536 442 dc
574 415 752 441 sermone
796 410 922 441 autem
965 409 1006 441 ct
1041 403 1119 440 vita
1156 406 1300 439 aeonas
1337 400 1434 438 alios

107 458 262 508 decenn
299 459 398 499 hanc
431 473 516 499 esse
549 473 712 499 aeonum
752 458 1012 506 triacontada,
1058 472 1155 511 quac
1193 460 1242 496 sit
1278 459 1314 496 in
1353 457 1435 509 ple-

106 524 255 557 romate
299 530 349 565 ex
391 517 557 556 octoade
602 525 641 556 et
677 517 825 558 decade
870 531 915 555 ac
954 516 1193 555 duodecade.
1266 515 1437 555 Tricesi-

107 587 208 614 mum
233 581 359 614 autem
386 588 548 614 aeonem
573 575 722 627 bython
747 576 851 613 illum
878 573 1011 613 videre
1043 574 1211 612 voluisse
1244 580 1284 611 ct
1309 571 1354 610 ad
1380 572 1439 609 vi-

109 630 274 672 dendum
312 632 416 670 illum
454 646 584 671 ausum
622 646 707 671 esse
745 634 783 671 in
816 633 1017 684 superiora
1041 631 1316 682 pleromatis1)
1345 643 1440 667 con-

109 688 312 737 scendere,
340 697 385 728 et.
405 691 582 741 quoniam
607 689 657 728 ad
678 689 977 740 magnitudinem
998 689 1116 739 ipsius
1141 686 1344 741 videndam
1374 699 1439 724 ca-

109 760 187 799 pax
210 759 287 784 non
311 747 394 793 suit,
421 748 459 784 in
491 746 714 785 defectione
740 747 856 784 fuisse
883 753 924 783 et
942 758 1065 797 paene
1086 744 1310 784 dissolutum
1338 756 1438 790 esse,

109 804 183 842 nisi
209 804 296 855 quia
320 805 455 842 missus
481 803 529 841 ad
556 802 900 842 constabiliendum
926 803 1030 840 illum
1056 803 1141 850 ille,
1170 814 1280 854 quem
1307 801 1440 854 appel-

99 860 192 917 lant
216 860 368 907 Horon,
395 861 661 900 confirmasset
691 861 794 900 illum
827 860 932 899 dicto
959 860 1024 898 Iao
1040 861 1092 906 2).
1155 859 1239 898 Hoc
1271 855 1440 911 pronun-

111 919 223 958 tiatio
248 919 418 971 appellat
430 920 480 968 3).
543 917 658 957 Istum
685 926 811 958 autem
837 931 999 957 aeonem
1032 919 1069 955 in
1097 916 1357 956 defectionem
1383 917 1440 954 fa-

113 983 215 1015 ctum
244 975 463 1018 Achamoth
502 975 598 1015 dicit
634 977 672 1014 in
709 975 951 1028 passionibus
989 974 1172 1014 desiderii
1217 973 1441 1026 quibusdam

112 1034 252 1074 fuisse*
268 1041 308 1072 et
332 1047 382 1073 ex
413 1034 654 1086 passionibus
684 1035 866 1072 materias
893 1032 1075 1072 edidisse.
1136 1032 1302 1084 Expavit
1327 1032 1441 1076 enim,

72 1127 73 1130 ,
112 1091 255 1144 inquit,
293 1098 334 1130 et
369 1093 545 1130 extimuit
569 1099 610 1131 et
634 1093 884 1130 contristatus
916 1098 992 1137 est,
1032 1098 1072 1129 et
1098 1103 1147 1129 ex
1172 1091 1229 1128 bis
1255 1090 1444 1141 passioni-

114 1147 185 1188 hus
222 1150 404 1201 concepit
442 1157 483 1188 et
519 1149 653 1188 edidit.
716 1149 814 1187 Hinc
851 1149 946 1187 fecit
984 1148 1133 1186 coelum
1166 1154 1206 1185 et
1237 1153 1378 1184 terram
1406 1152 1445 1183 ct

116 1207 223 1245 mare
254 1208 452 1246 et.omnia
484 1220 733 1258 quaecunque
766 1214 853 1244 sunt
882 1207 921 1244 in
948 1207 1024 1252 eis,
1058 1205 1106 1243 ob
1134 1218 1243 1256 quam
1271 1216 1445 1242 caussam

118 1264 250 1304 omnia
271 1263 421 1302 infirma
446 1277 532 1304 esse
559 1271 598 1302 et
623 1265 778 1315 fragilia
808 1271 849 1302 et
874 1261 1021 1302 caduca
1047 1270 1087 1301 et
1111 1262 1301 1307 mortalia,
1330 1273 1447 1312 quae—

119 1334 269 1374 eunque
293 1328 381 1361 snut
405 1322 452 1360 ab
484 1322 569 1373 ipso
603 1322 725 1368 facta,
759 1319 1119 1373 quoniamquidem
1147 1320 1228 1371 ipse
1255 1319 1373 1357 fuerit
1398 1316 1446 1355 de

112 1379 361 1431 'aporiatione
375 1380 413 1428 ⁴)
442 1385 654 1430 conceptus
685 1386 802 1429 atque
832 1379 1026 1429 prolatus3
1059 1377 1158 1415 hunc
1185 1383 1312 1414 tamen
1339 1375 1448 1412 insti-

118 1437 238 1476 tuisse
275 1437 387 1475 istum
418 1434 595 1474 mundum
627 1449 678 1474 ex
707 1436 765 1474 his
792 1436 980 1481 materiis,
1013 1447 1112 1486 quas
1136 1432 1356 1472 Achamoth
1388 1432 1449 1470 vel

121 1492 298 1547 pavendo
334 1494 396 1532 vel
435 1492 605 1533 timendo
643 1494 704 1532 vel
743 1491 1010 1532 contristando
1041 1492 1102 1530 vel
1135 1490 1307 1540 sudando
1334 1501 1450 1542 prae-

119 1553 288 1591 stiterat.
343 1547 442 1593 Nam
468 1565 518 1590 ex
542 1565 706 1603 pavore,
723 1552 872 1603 -inquit,
902 1550 1088 1590 tenebrae
1115 1550 1242 1587 factae
1270 1554 1367 1594 sunt,
1401 1560 1451 1585 ex

121 1609 261 1648 timore
293 1616 332 1648 et
363 1610 584 1661 ignorantia
614 1610 775 1661 spiritus
802 1609 996 1661 nequitiae
1030 1614 1070 1646 et
1094 1607 1362 1659 malignitatis,
1403 1618 1451 1643 ex

121 1667 280 1706 tristitia
305 1674 344 1706 et
370 1667 538 1706 lacrimis
570 1666 723 1705 humida
747 1667 928 1713 fontium,
961 1666 1153 1704 fluminum
1186 1665 1348 1702 materia
1374 1676 1452 1700 ma-

122 1725 267 1777 risque.
329 1724 674 1763 Christu'm'autem
699 1725 851 1763 missum
878 1723 925 1761 ab
951 1724 1018 1761 illo
1046 1730 1275 1775 propatore,
1303 1720 1369 1770 qui
1395 1726 1455 1757 est

124 1782 279 1834 bytboS.
340 1781 450 1820 Hunc
476 1789 602 1820 autem
635 1782 674 1819 in
699 1781 911 1819 substantia
936 1781 1112 1831 corporis
1146 1779 1267 1817 nostri
1293 1791 1369 1815 non
1395 1777 1454 1816 fu-

125 1841 216 1886 isse,
242 1837 310 1878 sed
337 1839 508 1891 spiritale
529 1839 662 1879 nescio
684 1837 785 1890 quod
812 1851 952 1889 corpus
978 1836 1026 1875 de
1053 1837 1167 1876 coelo
1193 1835 1453 1881 deferentem3

127 1897 234 1950 qnasi
260 1909 393 1948 aquam
426 1909 498 1948 per
528 1896 719 1942 fistulam,
747 1896 804 1934 sic
835 1908 907 1947 per
930 1894 1097 1933 Mariam.
1116 1895 1304 1945 virginem
1331 1899 1456 1940 trans-

126 1965 296 2001 measse,
318 1954 416 1992 nibil
441 1953 530 1993 inde
555 1954 617 1992 vel
643 1948 917 2004 accipientem<
930 1953 991 1990 vel
1018 1959 1266 1990 mutuantem.
1313 1949 1456 1988 Resur-

126 2013 342 2053 rectionem
378 2012 488 2050 huius
525 2012 653 2050 carnis
691 2013 826 2062 negat,
874 2009 943 2049 sed
980 2010 1140 2048 alterius
1154 2009 1207 2060 ⁵).
1269 2007 1387 2058 Legis
1419 2014 1459 2045 ct

127 2070 403 2124 prophetarum
436 2068 621 2123 quaedam
651 2068 811 2120 probat,
851 2066 1036 2120 quaedam
1068 2066 1279 2119 improbat,
1318 2064 1357 2103 id
1383 2071 1454 2110 est,

130 2124 258 2168 omnia
281 2127 491 2180 improbat,
524 2126 611 2165 dum
638 2125 823 2177 quaedam
849 2125 1046 2177 reprobat.
1108 2123 1359 2175 Evangelium
1391 2123 1458 2160 ha-

128 2185 198 2228 bet
232 2186 346 2224 etiam
383 2198 488 2223 suum
527 2179 690 2237 praeter
723 2184 834 2222 haee
865 2190 1008 2222 nostra.
1081 2181 1174 2220 Post
1205 2181 1304 2219 hunc
1342 2180 1460 2218 exsti-

130 2249 262 2285 terunt.
295 2241 540 2281 Ptolomaeus
582 2249 623 2281 et
659 2240 860 2280 Secundus
903 2241 1109 2286 haeretici,
1140 2240 1217 2290 ·qui
1262 2242 1345 2276 cum
1380 2235 1460 2274 Va-

133 2300 278 2339 lentino
327 2312 398 2351 per
440 2301 566 2338 omnia
612 2300 873 2345 consentiunt,
937 2299 975 2336 in
1024 2298 1090 2335 isso
1135 2297 1218 2335 solo
1265 2293 1458 2332 differunt.

228 2426 264 2469 1)
290 2426 549 2458 Pleromatis
577 2427 673 2457 deest
694 2427 728 2457 in
749 2427 801 2458 ed.
822 2427 928 2457 Rhen.
1031 2422 1067 2468 2)
1094 2423 1201 2454 Rhen.
1220 2431 1289 2453 nnn
1311 2421 1412 2452 habet
1433 2429 1462 2451 v.

64 2487 70 2490 ·
134 2476 217 2507 lto.
314 2474 350 2514 3)
377 2474 550 2514 vinnon
582 2482 699 2512 pron.
724 2475 902 2511 app-,aut
933 2471 1052 2510 spuria
1078 2472 1175 2508 sunt,
1206 2470 1268 2500 aut
1289 2466 1463 2498 sementia

134 2522 190 2553 est
205 2520 340 2552 mutila·
434 2519 471 2559 4)
498 2519 606 2552 Rlicn.
628 2519 679 2549 ed.
694 2520 718 2548 1.
739 2519 786 2548 de
797 2518 1057 2557 ceptatione.
1155 2515 1187 2555 5)
1211 2515 1313 2545 Haec*
1328 2521 1463 2552 quoque

29 2578 73 2615 ’,γ’
136 2569 218 2599 nunt
230 2566 353 2598 mutila
366 2567 400 2596 et
416 2569 589 2604 corrupta.
625 2562 900 2596 Latinssemenda
928 2563 999 2594 sed
1026 2571 1109 2593 non
1134 2561 1332 2592 alterius.
1372 2560 1462 2589 1un.:

135 2613 268 2645 ltu-ius
302 2612 457 2644 earnis.
487 2612 585 2649 ,Sed
623 2610 811 2643 alterius
841 2610 926 2650 leg.
967 2608 1126 2641 semler:
1165 2607 1238 2638 sed
1272 2605 1463 2637 alterius

137 2658 294 2700 partin,
321 2658 397 2691 scil.
411 2659 566 2698 animae,
592 2659 631 2689 ut
645 2658 745 2688 c.51.
1239 2673 1248 2690 ,
