1604 2800
555 219 1008 253 Anv.rnAxn.›1N.
1310 223 1452 263 ,πθ

121 320 236 367 pater
258 311 436 365 glorifica
459 325 599 352 nomen
624 315 791 361 tuum,¹)
818 314 856 351 in
882 327 956 366 qno
981 320 1067 353 erat
1090 313 1203 353 filius.
1265 314 1365 368 Ego,
1391 319 1452 357 in-

124 372 216 423 quit,
248 371 335 411 veui
360 371 399 409 in
422 372 543 423 patris
567 372 643 411 mei
668 372 833 409 nomine.
847 372 886 420 ²)
949 370 1042 410 Inde
1067 372 1219 410 scilicet
1242 373 1453 414 suffecerat

121 428 192 467 filii
227 426 277 468 ad
311 435 460 481 patrem
496 442 585 468 vox.
657 428 763 467 Ecce
799 441 850 467 ex
888 427 1118 467 abundantia
1154 430 1365 482 respondet
1399 430 1450 471 de

123 485 256 533 coelo,
292 493 406 538 pater
433 486 513 525 filio
541 493 797 525 contestatur:
837 486 897 525 hic
930 493 989 525 est
1019 487 1118 525 filius
1142 500 1247 526 meus
1273 487 1450 536 dilectus,

121 544 161 582 in
186 556 261 596 quo
286 543 386 583 bene
411 544 526 590 sensi,
553 543 682 583 audite
707 545 825 582 illum.
841 544 879 591 ³)
942 544 1000 583 Ita
1025 551 1065 583 et
1089 545 1183 582 isto:
1221 545 1449 596 glorificavi,

122 607 163 639 et
186 600 416 652 glorificabo
442 603 638 652 rursus.⁴)
701 601 802 649 Quot
826 614 1016 653 personae
1043 601 1111 640 tibi
1136 601 1327 649 videntur,
1360 616 1450 655 per·

121 658 339 697 versissime
354 658 515 706 Praxea,
541 659 614 697 nisi
633 666 725 711 quot
744 666 783 697 et
802 661 944 698 voces?
981 659 1108 698 Habes
1128 659 1243 698 filium
1262 661 1301 698 in
1321 662 1448 707 terris,

120 714 241 754 babes
258 722 406 768 patrem
425 717 463 754 in
485 716 617 755 coelis.
655 716 744 754 Non
758 723 818 755 est
838 718 1032 768 separatio
1048 718 1132 762 ista,
1158 716 1228 755 sed
1247 716 1449 769 dispositio

121 770 265 812 divina.
340 773 521 812 Ceterum
557 775 696 812 scimus
734 773 845 811 deum
883 775 998 812 etiam
1030 775 1130 812 iutra
1159 774 1320 826 abyssos
1350 788 1449 820 esse,

121 836 163 868 et
185 829 326 881 ubique
353 831 580 876 consistere,
612 829 682 868 sed
706 831 743 868 vi
770 837 810 868 et
832 837 1039 880 potestate,
1067 831 1182 868 filium
1209 844 1378 882 quoque,
1412 838 1452 869 ut

119 885 352 925 individuum
379 900 464 926 cum
490 887 573 938 ipso
599 887 752 937 ubique.
790 886 934 924 Tamen
954 888 993 924 in
1012 888 1096 938 ipsa
1121 884 1318 939 οἰκονομίᾳ
1342 894 1453 939 pater

119 943 243 982 voluit
271 942 389 982 filium
420 945 459 981 in
491 943 606 982 terris
637 943 793 990 haberi,
833 956 875 982 se
907 956 999 982 vero
1030 944 1069 982 in
1101 944 1235 982 coelis.
1303 944 1386 992 Quo
1412 951 1453 984 et

119 1001 202 1053 ipse
228 999 328 1039 fitius
352 1001 583 1052 suspiciens,
617 1007 658 1039 et
687 1000 824 1038 orabat
854 1007 894 1038 et
923 1000 1140 1052 postulabat
1163 1014 1187 1039 a
1211 1008 1342 1052 patre3
1376 1014 1451 1052 quo

119 1063 162 1096 et
173 1070 245 1095 nos
258 1063 414 1095 erectos
427 1056 596 1097 docebat
614 1070 747 1095 orare:
772 1063 885 1108 pater
903 1064 1046 1103 noster,
1073 1058 1191 1108 quies
1205 1059 1242 1095 in
1257 1058 1396 1105 coelis3
1411 1057 1448 1103 ⁵)

120 1127 206 1153 cum
225 1114 275 1152 sit
293 1119 334 1152 et
352 1114 505 1165 ubique,
532 1114 630 1152 hanc
656 1112 785 1152 sedem
812 1126 917 1152 suam
941 1114 1062 1151 voluit
1079 1121 1205 1165 pater.
1244 1114 1452 1153 Minoi-avit

119 1170 238 1210 filium
261 1169 416 1209 modico
443 1171 539 1208 citra
565 1170 727 1220 angelos
739 1170 779 1219 ⁶)
805 1169 854 1208 ad
880 1177 1021 1208 terram
1048 1169 1293 1217 dimittendo,
1325 1171 1451 1222 gloria.

121 1234 250 1267 tamen
274 1234 316 1266 et
344 1227 493 1266 honore
531 1234 785 1266 coronaturus
821 1227 925 1265 illum
962 1229 1000 1266 in
1037 1228 1170 1266 coelos
1205 1227 1449 1266 resumendo.

120 1283 230 1324 llaec
244 1285 318 1323 iam
332 1284 556 1336 praestabat
570 1284 638 1330 illi,
665 1283 818 1323 dicens:
845 1291 885 1322 et
898 1284 1126 1335 glorificavi,
1152 1291 1192 1323 et
1206 1285 1449 1335 glorificabo.

119 1341 296 1381 Postulat
330 1341 430 1380 filius
468 1341 516 1380 de
555 1342 687 1388 terris,
724 1348 838 1393 pater
873 1342 1062 1393 promittit
1091 1355 1113 1380 a
1145 1342 1278 1380 coelis.
1353 1341 1451 1389 Quid

119 1397 344 1438 mendacem
370 1399 467 1438 facis
492 1405 532 1437 et
555 1405 702 1451 patrem
728 1399 929 1437 etlilium?
964 1397 1007 1436 Si
1030 1406 1097 1437 aut
1120 1405 1231 1450 pater
1255 1398 1303 1438 de
1329 1399 1452 1438 coelis

119 1456 351 1510 loquebatur
373 1455 422 1495 ad
447 1456 577 1502 filium,
610 1469 695 1494 cum
726 1457 808 1507 ipse
834 1462 939 1494 esset
962 1455 1061 1494 fitius
1085 1455 1185 1507 apud
1210 1463 1353 1503 terras,
1386 1463 1452 1494 aut

120 1513 222 1553 fitius
245 1513 294 1552 ad
318 1520 466 1565 patrem
492 1511 739 1565 precabatur,
765 1526 850 1551 cum
874 1514 957 1564 ipse
983 1519 1087 1551 esset
1109 1512 1210 1551 filius
1234 1512 1334 1564 apud
1360 1525 1453 1551 coe·

118 1571 199 1610 los:
226 1570 337 1624 quale
363 1577 434 1617 est,
462 1577 503 1608 ut
525 1570 625 1608 filius
650 1571 742 1609 item
767 1570 982 1621 postularet
1004 1582 1027 1608 a
1051 1576 1174 1608 semet
1197 1570 1294 1621 ipso,
1321 1577 1452 1622 postu-

118 1626 409 1680 landoapatre‚
435 1628 467 1666 si
493 1627 592 1666 filius
617 1634 702 1666 erat
724 1629 862 1679 pater?
885 1634 951 1666 aut
974 1627 1110 1665 iterum
1135 1633 1249 1677 pater
1272 1626 1344 1664 sibi
1368 1628 1451 1678 ipse

119 1686 385 1738 promitteret,
423 1683 683 1735 promittendo
714 1684 813 1729 filio,
851 1684 883 1720 si
903 1690 1026 1733 'pater
1049 1685 1158 1720 erat?
1200 1681 1250 1720 Ut
1274 1683 1328 1720 sic
1354 1681 1451 1722 duos

120 1740 266 1780 divisos
289 1740 520 1786 diceremus,
548 1738 738 1791 quomodo
763 1740 960 1784 iaetitatis,
987 1738 1225 1776 tolerabilius
1244 1745 1330 1777 erat
1353 1738 1451 1778 duos

121 1796 277 1843 divisos,
304 1809 415 1848 quam
437 1809 551 1834 unum
572 1795 684 1834 deum
707 1795 947 1847 versipellem
967 1794 1213 1847 praedicare.
1253 1795 1386 1847 Itaque
1401 1795 1450 1834 ad

121 1856 218 1893 istos
231 1861 321 1892 tunc
331 1852 506 1891 dominus
520 1853 798 1904 pronuntiavit:
819 1865 895 1890 non
909 1859 1071 1904 propter
1082 1865 1142 1890 me
1158 1853 1230 1890 ista
1242 1865 1319 1891 vox
1332 1854 1449 1900 venit,

76 1940 91 1946 x
120 1910 190 1950 sed
214 1917 377 1963 propter
400 1909 536 1961 vos‚‘¹)
561 1915 602 1947 ut
627 1907 789 1948 credant
813 1916 854 1947 et
877 1909 934 1956 hi,
967 1916 1007 1947 et
1030 1915 1179 1961 patrem
1204 1916 1245 1948 et
1268 1909 1385 1948 filium
1410 1911 1450 1949 in

120 1969 199 2008 suis
230 1979 417 2020 quemque
448 1966 663 2005 nominibus
694 1973 735 2005 et
763 1967 937 2018 personis
968 1972 1009 2005 et
1038 1966 1148 2006 locis.
1215 1965 1294 2006 Sed
1324 1966 1449 2006 adbuc

122 2025 314 2064 exclamat
333 2023 441 2063 Iesus
466 2030 506 2062 et
530 2022 644 2062 dicit:
670 2024 734 2075 qui
759 2022 884 2062 eredit
908 2024 947 2062 in
971 2036 1045 2070 me,
1071 2037 1147 2062 non
1172 2025 1210 2062 in
1230 2036 1290 2062 me
1310 2023 1449 2070 eredit,

121 2080 192 2122 sed
209 2083 250 2121 in
269 2095 354 2121 eum
375 2079 512 2127 credit,
539 2081 603 2132 qui
627 2093 687 2120 me
713 2081 826 2127 misit,
841 2082 880 2131 ⁸)
907 2082 994 2133 quia
1018 2093 1090 2133 per
1108 2081 1223 2120 filium
1244 2082 1283 2119 in
1302 2089 1450 2133 patrem

122 2139 308 2186 creditur,
335 2146 376 2177 et
399 2138 612 2177 auctoritas
637 2137 823 2177 credendi
849 2138 929 2191 filio
952 2145 1066 2190 pater
1088 2145 1160 2177 est.
1198 2138 1251 2176 Et
1274 2140 1335 2189 qui
1356 2152 1450 2177 con-

123 2197 239 2248 spicit
261 2209 334 2243 me,
362 2196 554 2247 conspicit
577 2208 675 2242 cum,
701 2195 765 2247 qui
789 2207 849 2234 me
874 2196 989 2234 misit.
1004 2196 1042 2245 ⁹)
1080 2194 1306 2243 Quomodo?
1329 2208 1449 2246 quon-

122 2255 197 2292 iam
227 2253 381 2292 scilieet
403 2265 426 2291 a
451 2259 593 2291 memet
621 2253 704 2304 ipso
735 2265 812 2290 uon
841 2265 922 2291 sum
959 2252 1127 2298 loeutus,
1165 2250 1253 2296 sed,
1289 2252 1353 2302 qui
1388 2264 1449 2290 me

124 2311 228 2349 misit
251 2317 374 2362 pater,
401 2310 483 2360 ipse
508 2310 599 2348 mibi
624 2308 841 2348 mandatum
865 2307 985 2355 dedit,
1018 2308 1106 2360 qnid
1132 2307 1269 2354 dicam,
1296 2314 1336 2345 et
1358 2307 1450 2359 qnid

124 2368 275 2419 loquar.
293 2368 359 2417 ¹⁰)
409 2365 592 2405 Dominus
623 2367 723 2405 enim
754 2365 819 2404 dat
843 2366 933 2404 mibi
960 2367 1123 2416 linguam
1150 2363 1374 2416 disciplinae
1399 2363 1448 2402 ad

219 2514 258 2558 1)
275 2514 325 2547 ιο.
349 2516 403 2553 12,
424 2516 465 2544 2‘1
480 2524 531 2553 sq.
625 2515 663 2554 2)
682 2516 729 2546 ιο.
752 2517 784 2551 5,
804 2515 860 2545 43.
954 2515 991 2552 a)
1009 2513 1131 2544 Μιιιιι.
1145 2514 1200 2553 17,
1215 2515 1248 2544 ⁵.
1341 2511 1381 2555 4)
1400 2514 1448 2544 ιο.

126 2563 183 2603 12,
197 2563 252 2592 28.
349 2560 383 2599 5)
400 2560 523 2591 Mattb.
537 2562 570 2598 6,
585 2563 616 2591 9.
711 2560 749 2598 6)
772 2560 827 2591 ΡΙ.
842 2561 874 2597 8,
890 2561 920 2589 6.
1015 2558 1050 2598 7)
1067 2560 1114 2590 lo.
1130 2559 1184 2600 12,
1199 2560 1254 2591 3⁰.
1346 2557 1382 2598 8)
1401 2559 1450 2589 Ιο.

128 2609 183 2650 12,
196 2609 251 2637 44.
346 2606 380 2647 ο)
393 2607 438 2639 ιο.
451 2608 506 2647 12,
523 2608 577 2636 15.
671 2604 731 2649 ιο)
749 2607 795 2636 10.
810 2606 864 2646 12,
878 2606 933 2635 49.
