1566 2808
147 173 223 210 60
411 171 539 205 Anv.
576 170 945 204 MARCIONEM
980 169 1159 201 [ABER
1194 169 1218 200 1.

149 265 305 304 ditionis
331 271 369 303 et
394 264 698 316 praedicationis
717 264 905 316 operibus
937 269 995 301 tot
1019 275 1065 300 ac
1098 261 1231 307 tantis,
1257 259 1322 298 vix
1347 265 1474 297 tamen

149 324 338 361 hominem
365 322 439 360 fide
455 324 491 370 1)
519 322 757 373 impleverat.
803 319 1001 369 Quomodo
1029 321 1156 370 itaquc
1183 317 1376 356 revelatus
1401 322 1472 362 est,

149 381 180 417 si
217 392 288 430 per
324 379 522 417 humanam
562 379 824 417 coniecturam
861 391 980 429 negas
1019 376 1129 415 dcum
1160 376 1255 414 alias
1288 373 1475 425 cognosci

149 449 282 488 posse,
317 449 426 487 quam
452 449 523 487 per
547 436 817 487 semetipsum,
850 449 922 474 nec
954 441 1097 472 tantum
1124 433 1173 471 ad
1199 433 1358 470 formam
1384 443 1474 482 pro-

148 506 292 532 vocans
330 494 539 540 creatoris,
576 506 708 532 verum
746 500 786 531 et
823 492 871 531 ad
911 491 1171 530 conditionem
1211 497 1286 528 tam
1323 487 1475 526 divinae

149 549 420 602 magnitudinis
459 563 568 602 quam
607 550 793 588 humanae
830 549 1129 595 mediocritatis,
1167 560 1214 586 ne
1246 547 1370 585 maior
1400 543 1475 584 (leo

149 608 264 646 honio
289 607 413 646 videri
439 609 578 660 possit,
618 609 680 659 qui
707 621 791 647 eum
819 621 895 645 non
922 607 1022 645 ultro
1054 606 1248 644 volentem
1275 602 1475 654 cognosci,

151 666 228 703 suis
264 666 410 703 viribus
442 665 721 717 quodammodo
754 666 791 703 in
823 665 1015 717 publicum
1053 662 1260 714 agnitionis
1297 667 1478 699 extraxe-

149 723 218 768 rit,
247 735 330 760 cum
362 722 525 761 humana
556 722 802 761 mediocritas
833 723 985 760 facilius
1017 720 1111 759 deos
1139 720 1284 770 fingere
1311 717 1383 756 sibi
1408 730 1477 755 no-

150 780 202 817 rit
226 778 433 818 secundum
461 781 577 818 totius
603 781 688 818 aevi
714 780 997 831 experimenta,
1025 791 1135 829 quam
1160 789 1292 815 verum
1317 775 1476 821 sectari,

151 849 262 887 quem
287 843 422 875 natura
448 838 522 874 iam
548 837 791 886 intelligunt?
850 830 1033 886 Alioquin
1063 836 1095 872 si
1128 834 1190 872 hic
1223 833 1336 871 homo
1364 831 1477 870 deum

152 894 488 938 commentabitur,
517 892 710 944 quomodo
734 892 916 931 Romulus
943 892 1110 930 Consum
1137 898 1176 929 et
1199 890 1331 928 Tatius
1359 889 1478 927 Cloa-

152 951 275 988 cinam
308 957 348 988 et
379 950 563 989 Hostilius
595 949 782 988 Pavorem
814 956 854 988 ct
883 949 1062 988 Metellus
1086 947 1299 986 Alburnum
1331 953 1370 985 et
1396 947 1478 999 qui·

151 1005 238 1045 dam
251 1009 289 1055 2)
323 1015 411 1046 ante
444 1004 519 1046 hoc
558 1014 704 1059 tempus
734 1006 962 1053 Antinoum,
1000 1006 1075 1044 hoc
1107 1006 1192 1044 aliis
1224 1004 1375 1052 licebit3
1407 1016 1478 1043 nos

150 1063 390 1103 Marcionem
407 1065 627 1103 nauclerum
643 1065 831 1111 novimus,
860 1078 936 1102 non
956 1077 1088 1114 regem
1104 1076 1175 1101 nec
1191 1064 1477 1114 imperatorem.

269 1125 335 1163 19.
386 1121 485 1168 lino,
512 1123 686 1173 inquiunt
709 1121 984 1167 Marcionitae,
1012 1119 1106 1159 deus
1131 1126 1276 1166 noster,
1304 1119 1376 1158 etsi
1402 1132 1478 1156 non

151 1177 198 1216 ab
226 1178 357 1224 initio,
396 1180 469 1217 etsi
502 1192 578 1216 non
611 1191 681 1229 per
713 1178 992 1224 conditionem,
1031 1177 1098 1216 scd
1131 1190 1202 1229 per
1233 1178 1478 1228 semetipsum

151 1235 344 1275 revelatus
370 1242 429 1273 est
454 1237 492 1273 in
519 1235 673 1274 Christo
701 1234 800 1273 Iesu.
845 1235 1008 1273 Dabitur
1033 1242 1072 1273 et
1097 1236 1134 1272 in
1162 1234 1352 1272 Christum
1379 1233 1479 1278 liber

152 1292 199 1331 de
228 1293 328 1330 omni
354 1299 455 1331 statu
482 1293 635 1340 eius³);
663 1292 845 1343 distingui
871 1293 970 1331 enim
996 1292 1178 1331 materias
1210 1298 1375 1343 oportet,
1403 1304 1478 1343 quo

150 1350 299 1400 plenius
337 1356 376 1387 et
414 1349 625 1388 ordinatius
668 1357 940 1388 retractentur.
1002 1349 1160 1388 Interim
1194 1349 1286 1388 satis
1323 1349 1399 1388 erit
1428 1347 1479 1387 ad

150 1413 393 1457 praesentem
427 1406 586 1457 gradum
618 1408 671 1445 ita
704 1420 932 1454 occurrere,
961 1415 1002 1445 ut
1034 1405 1250 1453 ostendam,
1286 1406 1477 1446 Christum

151 1462 275 1501 Iesum
302 1477 376 1502 non
403 1465 560 1503 alterius
592 1463 654 1502 dei
687 1464 1014 1510 circumlatorem,
1054 1477 1163 1515 quam
1191 1465 1399 1511 creatoris,
1438 1471 1480 1503 et

151 1520 303 1572 quidem
330 1523 475 1572 paucis.
537 1520 649 1561 Anno
675 1521 748 1559 XV
773 1521 919 1561 Tiberii
946 1522 1118 1560 Christus
1145 1521 1251 1559 Iesus
1283 1520 1330 1560 de
1364 1521 1487 1563 coelo,

149 1591 305 1616 manare
333 1578 508 1629 dignatus
535 1587 605 1625 est,
633 1580 789 1630 spiritus
804 1580 1000 1627 salutaris3
1022 1579 1233 1618 Marcionis
1247 1579 1474 1628 salutem4)‚

150 1636 212 1686 qui
238 1637 292 1673 ita
316 1637 449 1683 voluit,
477 1644 592 1688 quoto
614 1636 765 1688 quidem
787 1650 885 1675 anno
901 1637 1087 1675 Antonini
1101 1637 1262 1676 Maioris
1288 1636 1334 1675 de
1350 1635 1474 1675 Ponto

148 1705 217 1732 suo
257 1693 495 1732 exhalaverit
526 1707 619 1732 aura
652 1694 900 1741 canicularis,
940 1709 1016 1733 non
1056 1695 1186 1733 curavi
1219 1695 1472 1745 investigare3

148 1747 196 1787 de
230 1763 303 1801 quo
338 1758 462 1789 tamen
497 1758 666 1797 constat,
704 1750 989 1791 Antoninianus
1026 1752 1248 1790 hacreticus
1287 1759 1365 1799 est,
1403 1751 1472 1790 sub

150 1805 217 1844 Pio
256 1808 404 1858 impius.
465 1807 502 1846 A
526 1808 684 1847 Tiberio
722 1817 848 1848 autem
886 1823 1005 1862 usque
1037 1809 1085 1848 ad
1116 1809 1351 1848 Antoninum
1383 1810 1474 1848 anni

145 1863 230 1902 fere
258 1864 362 1902 CXV
394 1873 434 1905 et
465 1865 659 1906 dimidium
691 1868 780 1905 anni
813 1881 896 1905 cum
929 1867 1086 1906 dimidio
1119 1868 1276 1915 mensis3
1309 1873 1474 1905 tantum-

146 1918 232 1958 dem
259 1923 442 1972 temporis
473 1931 619 1974 ponunt
649 1924 751 1962 inter
777 1924 967 1963 Christum
1000 1933 1040 1963 et
1062 1925 1314 1964 Marcionem.
1377 1923 1471 1964 Cum

144 1977 262 2027 igitur
286 1978 353 2016 sub
378 1978 575 2018 Antonino
601 1982 743 2032 primus
767 1981 944 2021 Marcion
977 1982 1076 2020 hunc
1114 1981 1226 2021 deum
1262 1981 1469 2029 induxerit,

144 2034 242 2072 sicut
266 2035 521 2086 probavimus,
549 2039 689 2084 statim,
717 2040 779 2089 qui
805 2040 919 2090 sapis,
946 2040 1056 2091 plana
1078 2053 1140 2079 res
1162 2046 1236 2079 est.
1269 2038 1471 2078 Praeiudi-

144 2098 232 2129 cant
265 2099 456 2144 tempora‚
497 2094 598 2145 quod
630 2095 700 2133 sub
730 2095 927 2134 Antonino
960 2099 1118 2148 primum
1150 2098 1361 2149 processit,
1399 2096 1467 2136 sub

139 2147 296 2188 Tiberio
329 2163 405 2187 non
436 2153 695 2202 processisse,
732 2152 771 2190 id
803 2161 880 2201 cst,
920 2153 1031 2193 deum
1057 2153 1308 2193 Antoniniani
1347 2155 1468 2206 impe-

139 2205 207 2251 rii,
243 2206 441 2249 Tiberiani
473 2222 548 2247 non
579 2210 716 2256 fuisse,
755 2217 868 2262 atque
894 2212 949 2249 ita
979 2226 1056 2250 non
1088 2225 1110 2250 a
1136 2212 1290 2250 Christo
1316 2213 1467 2251 revela-

139 2268 234 2309 tum,
276 2277 386 2315 quem
424 2273 577 2306 constat
606 2280 628 2305 a
652 2267 853 2307 Marcione
885 2270 1007 2320 primo
1039 2269 1316 2321 praedicatum.
1379 2269 1464 2309 Hoc

139 2332 238 2359 nunc
263 2328 305 2359 ut
328 2322 488 2373 probem
514 2331 714 2373 constare,
742 2325 845 2377 quod
869 2334 1064 2379 superest,
1091 2327 1139 2367 ab
1165 2328 1257 2379 ipsis
1282 2326 1464 2367 adversa-

229 2425 265 2464 1)
292 2426 343 2456 lta
361 2427 466 2458 Rhen.
489 2426 541 2459 ed.
563 2429 587 2460 1.
607 2428 641 2459 et
663 2429 736 2461 cod.
757 2430 865 2469 Pith.;
892 2432 968 2462 cod.
993 2433 1068 2463 Urs.
1091 2432 1125 2462 et
1147 2432 1222 2472 Rig.
1239 2431 1463 2463 hominum

135 2468 274 2501 fidem.
371 2470 407 2512 2)
433 2472 645 2512 „Adiianum
670 2477 750 2516 Imp.
778 2477 973 2516 designat.“
1000 2479 1143 2510 Semler.
1227 2475 1263 2516 3)
1289 2477 1391 2507 Liber
1404 2478 1461 2509 ΙΙΙ.

135 2513 210 2546 adv.
235 2517 458 2549 Marcionem.
576 2521 613 2561 4)
639 2521 696 2553 Sic
730 2523 802 2563 Rig.
829 2524 979 2563 eniend.;
1017 2524 1125 2555 Rhen.
1157 2523 1208 2554 ed.
1232 2524 1257 2554 1.
1283 2523 1461 2555 salutis.

135 2560 238 2591 Semi.
253 2563 342 2595 coni.
365 2565 547 2598 salutes.
