1566 2808
301 198 427 236 Anv.
462 200 821 232 MARcmNEM
859 199 1033 230 ιιΒΕκ
1075 199 1137 228 uz
1282 197 1387 234 101

62 299 193 344 tione,
227 303 268 336 et
298 301 548 335 accesserunt
578 291 627 332 ad
657 306 743 331 eum
768 291 961 344 pharisaei
993 297 1187 330 tentantes
1212 294 1328 338 eum‚)
1351 291 1385 334 ¹)

28 388 33 394 .
62 362 192 402 tanto,
229 353 294 394 ubi
330 366 408 392 non
433 353 529 391 facit
564 351 790 390 tentationis
816 350 1070 395 mentionem,
1109 362 1184 386 non
1222 347 1387 391 admittit

62 409 296 452 tentationis
311 410 682 462 interpretationem.
743 407 794 446 Et
819 414 944 445 tamen
971 419 1020 445 ex
1045 404 1253 444 abundanti
1278 418 1389 443 eaus-

62 483 126 509 sas
151 468 373 509 tentationis
397 467 621 519 expostu103
661 466 720 504 cui
747 465 806 503 r'ei
837 465 1073 503 tentaverint
1095 464 1199 502 illum
1223 475 1296 514 per
1320 476 1389 500 no-

62 527 309 566 minationem
333 525 466 564 matris
492 531 532 563 et
556 525 741 562 fratrum?
784 522 826 561 Si
852 529 892 560 ut
916 522 1061 560 scirent
1086 528 1247 559 natusne
1273 526 1388 566 esset,

62 598 112 623 an
137 597 233 634 nen,
271 581 422 636 quando
449 581 497 620 de
522 581 596 620 hoe
622 581 694 619 fuit
720 580 912 632 quaestio,
953 592 1061 631 quam
1094 591 1143 617 ex
1167 579 1240 616 ista
1265 584 1391 616 tenta-

63 643 173 681 tione
201 640 458 687 discuterent,
498 640 603 691 (quis
630 645 755 676 autem
782 636 976 676 dubitaret
1000 642 1147 683 natum,
1187 648 1298 687 quem
1334 635 1391 672 vi-

64 698 177 738 deret
199 698 405 745 hominem,
435 709 546 749 quem
571 695 741 734 audisset
766 695 880 733 filium
906 706 948 732 se
974 693 1137 731 hominis
1162 692 1388 744 professum,

64 769 176 809 quem
200 755 249 794 de
276 761 487 807 conspeetu
512 754 633 791 omnis
664 753 849 790 humanae
881 751 1074 802 qualitatis
1104 748 1298 787 dubitaret
1322 747 1391 787 de-

63 826 125 852 nm
149 819 215 852 aut
239 812 355 851 filium
383 810 446 849 dei
472 809 675 858 crederet&
702 808 917 861 propheten
943 807 1094 846 facilius
1114 807 1389 851 existimantes,

65 871 159 910 lieet
181 882 356 921 magnum
383 868 560 920 aliquem,
587 868 717 918 utique
746 873 870 904 tamen
897 867 1050 903 natum?
1074 863 1233 903 Etiamsi
1259 865 1296 902 in
1323 877 1391 902 ex-

63 927 285 981 ploratione
315 926 526 965 nativitatis
558 923 761 963 tentandus
798 924 951 969 fuisset,
995 921 1249 974 quodeunque
1287 920 1391 960 aliud

63 991 330 1036 argumentum
362 983 567 1022 tentationi
598 982 864 1034 competisset,
904 993 1013 1032 quam
1046 993 1117 1031 per
1147 992 1276 1018 earnm
1303 992 1392 1030 per-

64 1055 243 1091 sonarum
268 1042 523 1088 mentionem,
561 1052 654 1092 quas
684 1040 809 1092 potuit
840 1039 954 1077 etiam
987 1044 1096 1076 natus
1126 1050 1201 1075 non
1233 1036 1389 1075 habere.

65 1098 139 1139 Die
163 1100 273 1146 mihi,
310 1099 486 1138 omnibus
512 1099 611 1136 natis
637 1104 761 1135 mater
784 1095 953 1134 advivit?
1000 1094 1173 1133 omnibus
1199 1095 1299 1132 natis
1324 1092 1392 1131 ad-

66 1163 377 1210 generantur-et
410 1156 577 1194 fratres?
618 1167 694 1193 non
726 1154 820 1192 lieet
841 1160 979 1205 patres
1010 1153 1131 1202 magis
1162 1158 1202 1190 et
1236 1163 1392 1189 sorores

66 1213 233 1261 hahere,
267 1213 330 1251 vel
356 1220 396 1251 et
420 1213 633 1251 neminem?
682 1210 760 1249 Sed
785 1217 826 1248 et
850 1222 988 1248 census
1014 1215 1166 1247 constat
1189 1215 1298 1246 actos
1323 1208 1391 1246 sub

66 1270 242 1323 Augusto
267 1277 356 1309 tune
369 1270 408 1319 ²)
434 1271 472 1308 in
500 1268 639 1308 Iudaea
665 1281 737 1321 per
762 1266 935 1307 Sentium
962 1265 1266 1315 Saturninum,³)
1292 1264 1392 1317 apud

66 1342 164 1382 quos
196 1341 317 1380 genus
353 1329 436 1366 eius
466 1327 660 1379 inquirere
692 1326 917 1378 potuissent.
985 1323 1098 1362 Adeo
1137 1323 1239 1361 nullo
1277 1322 1391 1360 modo

69 1387 241 1426 constitit
276 1386 377 1424 ratio
414 1385 639 1423 tentationis
671 1385 798 1429 istius,
836 1389 877 1421 et
905 1394 999 1420 vere
1030 1387 1154 1419 mater
1183 1387 1222 1418 et
1252 1380 1392 1418 fratres

67 1445 151 1484 eins
174 1443 271 1482 foris
294 1442 460 1492 stabant.
522 1440 709 1493 Superest
739 1440 948 1491 inspicere,
965 1451 1115 1477 sensum
1147 1450 1222 1492 non
1249 1437 1392 1489 simpli-

68 1501 169 1540 citer
190 1500 491 1553 pronuntiantis:
530 1511 627 1551 quae
653 1493 744 1537 mihi
769 1503 894 1535 mater
917 1503 982 1535 aut
1013 1496 1173 1542 fratres,
1212 1495 1318 1547 quasi
1344 1494 1392 1532 ad

67 1559 224 1611 generis
247 1564 289 1597 et
312 1557 523 1595 nativitatis
547 1556 806 1607 negationem,
838 1553 907 1593 sed
933 1560 972 1593 et
996 1566 1046 1592 ex
1071 1562 1231 1592 caussae
1257 1565 1393 1591 neees-

67 1617 182 1655 sitate
213 1621 255 1654 et
285 1613 508 1653 conditione
539 1614 733 1652 rationali.
794 1612 887 1651 Tam
912 1612 1106 1664 proximas
1122 1607 1232 1649 ‘enim
1258 1623 1393 1662 perso·

68 1686 138 1718 aas
173 1673 269 1712 foris
305 1679 408 1711 stare
446 1672 642 1711 extraneis
678 1672 779 1709 intus
816 1668 1032 1708 defixis'ad
1062 1681 1260 1707 sermones
1297 1669 1391 1714 eius,

69 1730 229 1782 amplius
252 1736 293 1768 et
317 1722 483 1767 avocare
509 1742 594 1767 eum
612 1742 643 1767 a
667 1728 844 1766 sollemni
864 1739 984 1778 opere
1004 1733 1235 1777 quaerentes
1255 1726 1392 1762 merito

69 1785 290 1838 indignatus
313 1792 391 1831 est,
429 1799 506 1832 non
531 1787 607 1823 tam
638 1785 812 1834 negavit,
852 1795 962 1834 quam
999 1781 1205 1821 abdicavit.
1266 1781 1393 1833 Atque

70 1842 171 1884 adeo
197 1856 281 1882 cum
305 1842 598 1894 praemisissetz.
613 1853 709 1892 quae
734 1840 826 1878 mihi
845 1847 969 1878 mater
986 1839 1101 1891 etqui
1121 1839 1211 1877 milii
1230 1839 1396 1878 fratres?

70 1901 324 1952 subiungens:
363 1900 435 1937 nisi
473 1899 536 1950 qni
572 1897 730 1936 audiunt
760 1897 875 1936 verba
913 1910 997 1935 mea
1029 1903 1068 1935 et
1098 1896 1243 1936 faciunt
1274 1909 1334 1943 ea,
1353 1898 1392 1945 ,4)

72 1958 266 2005 transtulit
295 1958 491 2008 sanguinis
522 1957 675 1994 nomina
704 1956 744 1993 iu
773 1955 889 2002 alios,
922 1967 1018 2006 quos
1047 1955 1169 2005 magis
1193 1955 1394 2006 proximos

70 2029 147 2071 pro
169 2014 244 2054 fide
270 2013 472 2054 iudicaret.
520 2012 646 2051 Nemo
671 2018 795 2051 autem
821 2012 1005 2051 transfert
1030 2010 1133 2063 quid,
1160 2012 1232 2050 nisi
1256 2011 1304 2050 ab
1331 2025 1392 2057 eo,

72 2074 137 2127 qui
166 2073 283 2113 habet
312 2071 370 2120 id,
396 2070 511 2123 .quod
543 2070 750 2116 transfert,
797 2068 839 2108 Si
869 2082 966 2121 ergo
998 2076 1156 2108 matrem
1188 2076 1230 2108 et
1255 2070 1394 2108 fratres

74 2128 144 2172 eos
166 2130 280 2184 fecit,
306 2130 370 2182 qui
396 2143 471 2167 non
498 2134 627 2175 erant,
653 2126 843 2180 quomodo
869 2123 1026 2179 negauit
1049 2140 1136 2173 eoS‚
1164 2128 1227 2179 qui
1253 2130 1396 2166 erant?

74 2188 296 2236 meritorum
326 2187 482 2226 seilicet
518 2184 760 2232 conditione,
798 2198 873 2224 non
903 2198 954 2224 ex
984 2185 1244 2237 proximorum
1276 2198 1395 2236 nega·

31 2269 36 2277 ι
75 2246 200 2292 tione,
236 2245 276 2283 in
301 2251 423 2283 semet
453 2245 536 2296 ipso
569 2242 733 2289 docens,
773 2243 835 2295 qui
859 2249 1006 2295 patrem
1043 2249 1109 2281 aut
1146 2249 1305 2280 matrem
1330 2249 1396 2280 aut

72 2303 215 2342 fratres
246 2302 508 2354 praeponeret
542 2300 662 2339 verbo
697 2299 779 2347 dei,
818 2313 894 2339 non
924 2313 1009 2339 esse
1042 2299 1196 2350 dignum
1227 2298 1395 2351 discipu·

74 2360 209 2408 lum.⁵)
271 2358 452 2397 Ceterum
485 2371 535 2397 ex
570 2358 643 2396 hoc
674 2359 795 2409 magis
820 2364 977 2396 matrem
1004 2364 1044 2396 et
1067 2357 1208 2394 fratres
1234 2357 1395 2395 conlite-

74 2417 207 2464 hatur,
234 2414 335 2468 quod
362 2416 449 2454 illos
474 2415 631 2465 nolebat
655 2428 889 2467 agnoscere,
923 2413 1023 2467 quod
1049 2414 1147 2453 alios
1171 2413 1393 2467 adoptabat,

167 2554 206 2600 1)
233 2556 317 2588 Luc.
331 2553 455 2592 20,20.
554 2552 592 2595 2)
618 2552 760 2584 Praeter
782 2553 838 2583 Fr.
863 2553 997 2583 lunium
1023 2560 1142 2583 omne!
1165 2551 1262 2584 editt.
1277 2561 1394 2584 nune.

13 2608 17 2609 ⁷
77 2601 116 2638 3)
137 2602 219 2633 Imc.
230 2600 267 2638 2.
362 2601 399 2640 4)
424 2602 506 2631 Luc.
528 2601 559 2640 8,
574 2601 632 2632 21.
726 2599 763 2638 5)
788 2599 976 2639 ΜιαΙιΑθ,
988 2599 1043 2630 31.
