1624 2826
326 256 448 287 ADV.
477 255 836 286 MARCIONEM
872 253 1047 284 LIBER
1076 253 1132 283 w.
1284 250 1384 286 213

64 347 294 400 expulisset,
318 349 379 395 (ut
401 353 441 386 et
465 348 504 384 in
528 348 600 385 ista
626 347 757 399 specie
784 346 992 384 curationis
1016 343 1154 383 Esaiae
1170 344 1206 391 ¹)
1246 356 1384 382 occur-

64 405 209 452 risset,)
235 405 275 443 in
287 403 520 444 Beelzebule
546 404 670 442 dictus
689 405 834 443 eiicere
850 402 1063 448 daemonia,
1089 402 1120 440 si
1135 410 1222 452 ego,
1249 401 1383 452 inquit,

64 462 104 500 in
128 461 360 501 Beelzebule
386 462 501 500 eiieio
527 461 742 507 daemonia,
770 461 836 499 filii
860 460 979 499 vestri
999 461 1038 498 in
1058 472 1132 510 quo
1153 459 1383 509 eiiciunt?²)

65 517 149 557 Hac
172 531 271 558 voce
296 517 386 571 quid
411 520 531 569 magis
562 518 776 571 portendit,
809 531 919 569 quam
946 518 984 555 in
1009 529 1056 555 eo
1082 516 1227 554 eiicere
1253 528 1315 562 se,
1347 516 1387 553 in

66 589 142 628 quo
173 576 311 616 ‹at-filii
342 579 499 615 eorum?
536 578 574 614 in
607 577 754 614 virtute·
778 576 930 613 scilicet
962 574 1164 613 creatoris.
1223 571 1323 611 Nam
1354 573 1387 611 si

64 639 177 685 putas
199 634 255 672 sie
281 633 567 685 accipiendum:
606 634 638 671 si
664 645 737 684 ego
768 634 808 670 in
833 631 1084 676 Beelzebule‚
1112 630 1179 668 filii
1203 630 1322 668 vestri
1348 631 1387 668 in

66 692 168 742 quo?
203 690 320 738 Quasi
344 691 432 729 illos
457 691 683 742 suggillaret
707 692 746 728 in
771 689 1004 728 Beelzebule
1030 688 1251 732 eiicienteS,
1290 687 1388 725 resi-

66 754 143 786 stet
167 747 238 787 tibi
261 749 370 799 prior
399 761 551 794 sensus,
591 761 666 800 non
698 760 810 798 posse
841 753 1011 784 satanam
1049 743 1167 798 dividi
1204 742 1388 781 adversus

65 811 189 843 semet
211 806 354 856 ipsum..
404 803 517 843 Adeo
543 817 615 842 nec
641 805 695 842 illi
721 805 759 841 in
784 802 1018 842 Beelzebule
1044 799 1269 846 eiiciebant,
1302 799 1386 846 sed,

65 867 109 900 ut
130 860 313 913 «ligimus,
350 862 389 899 in
414 862 553 900 virtute
581 861 790 907 creatoris,
829 873 938 911 quam
968 866 1010 897 ut
1034 858 1198 908 intelligi
1223 858 1386 903 faceret,

66 917 280 970 subiungit:
318 917 455 972 quodsi
480 932 555 969 ego
580 919 619 956 in
644 917 766 969 digito
798 916 861 956 dei
886 917 1039 968 expello
1066 914 1286 961 daemonia,
1325 927 1388 954 er-

67 988 168 1028 gone
193 977 512 1028 appropinquavit
536 977 573 1014 in
593 989 662 1014 vos
680 989 838 1027 regnum
857 973 945 1013 dei?
957 975 995 1022 3)
1021 972 1135 1025 Apud
1149 972 1387 1011 Pharaonem

67 1034 178 1084 σιίπιθ
191 1033 356 1072 venefici
376 1034 444 1079 illi,
470 1032 632 1071 adhibiti
645 1032 828 1071 adversus
841 1032 1016 1084 Moysen,
1041 1031 1221 1069 virtutem
1235 1037 1390 1068 creato-

67 1091 123 1130 ris
145 1090 304 1142 digitum
330 1089 392 1129 dei
417 1091 775 1143 appellaverunt.⁴)
824 1089 975 1141 Digitus
1001 1088 1064 1127 dei
1090 1095 1149 1126 est
1172 1088 1260 1133 hoc,
1288 1087 1393 1138 quod

69 1147 334 1198 significarent
359 1148 474 1186 etiam
495 1147 711 1194 modicum,
741 1146 1012 1186 validissimum
1038 1153 1178 1183 tamen.
1241 1144 1324 1182 Hoc
1351 1151 1391 1182 et

70 1205 247 1244 Christus
272 1204 498 1251 ostendens,
526 1211 868 1248 commemorator,
903 1203 1253 1246 noniobliteratom
1281 1208 1391 1239 vetu-

70 1269 210 1300 statum
234 1262 387 1300 seilicet
410 1275 580 1307 suarum,
618 1262 797 1299 virtutem
824 1259 887 1298 dei
913 1259 1072 1310 digitum
1104 1257 1168 1296 dei
1194 1256 1290 1295 dixit
1315 1272 1391 1296 non

70 1319 228 1358 alterius
252 1318 560 1370 intelligendum,
588 1331 698 1370 quam
723 1319 824 1363 eius,
850 1316 950 1368 apud
977 1329 1087 1368 quem
1113 1316 1187 1354 boc
1213 1322 1299 1353 erat
1323 1329 1392 1367 ap-

69 1377 226 1429 pellata.
274 1375 390 1427 Ergo,
407 1383 448 1415 et
471 1389 631 1426 regnum
657 1375 775 1427 ipsius
800 1368 1192 1426 appropinquaverat,
1219 1373 1326 1413 cuius
1352 1380 1393 1411 et

68 1435 190 1473 virtus
219 1431 361 1484 digitus
390 1433 615 1475 vocabatur.
675 1432 818 1470 Merito
849 1432 968 1482 igitur
996 1429 1181 1482 applicuit
1205 1428 1253 1467 ad
1277 1442 1392 1481 para-

68 1491 197 1530 bolam
219 1490 332 1528 ffirtis
357 1490 458 1529 illius
481 1490 643 1536 armati,
683 1502 794 1541 quem
823 1487 989 1526 validior
1011 1488 1115 1533 ⁴alius
1140 1487 1343 1538 oppressit,
1353 1488 1390 1533 ⁵)

69 1549 284 1600 principem
321 1546 635 1594 daemoniorum,
683 1550 796 1598 'quem
834 1545 1108 1587 Beelzebulem
1145 1551 1186 1583 et
1220 1551 1392 1582 satanam

69 1618 185 1658 supra
209 1604 374 1652 dixerat,
401 1605 623 1656 significans
649 1603 771 1655 digito
788 1602 850 1641 dei
872 1615 1108 1656 oppressum,
1135 1615 1211 1639 non
1237 1608 1392 1640 creato-

69 1675 152 1702 rem
192 1662 242 1702 ab
285 1662 362 1701 alio
412 1661 486 1702 deo
530 1662 741 1701 subactum.
809 1660 989 1699 Ceterum
1027 1657 1217 1711 quomodo
1267 1658 1392 1697 adbuc

71 1726 193 1761 staret
221 1713 381 1770 regnum
413 1721 495 1758 eius
528 1721 568 1758 in
606 1720 682 1758 suis
714 1719 887 1757 terminis
918 1724 958 1756 et
987 1717 1137 1768 legibus
1174 1723 1214 1754 et
1244 1715 1392 1762 officiis,

73 1788 203 1828 quem,
242 1774 342 1814 licet*
363 1776 518 1826 integro
550 1775 710 1821 mundo,
740 1775 805 1813 vel
836 1776 892 1814 sic
918 1775 1107 1825 potuisset
1131 1771 1255 1822 »sideri
1281 1785 1394 1823 supe-

71 1845 179 1871 rasse
209 1831 375 1882 valjdior
403 1832 468 1870 ille
494 1831 588 1870 deus
610 1831 839 1877 Marcionis,
876 1831 908 1868 si
934 1837 1010 1868 non
1034 1828 1241 1868 secundum
1267 1829 1394 1880 legem

73 1890 157 1929 eius
186 1890 303 1928 etiam
332 1888 590 1927 Marcionitae
626 1894 888 1933 morerentur,
933 1888 972 1925 in
1010 1893 1153 1929 terram
1189 1885 1394 1928 defluendo

73 1959 191 1999 saepe
222 1953 263 1985 et
291 1959 316 1984 a
344 1947 500 1998 scorpio
526 1945 658 1991 docti,
696 1958 772 1983 non
803 1957 888 1983 esse
914 1951 1131 1996 superatum
1159 1951 1391 1982 creatorem.

72 2004 276 2044 Exclamat
297 2003 436 2043 mulier
460 2003 507 2042 de
534 2003 663 2049 turba,
700 1997 861 2041 beatum¹
878 2008 1046 2047 uterum,
1086 2002 1150 2053 qui
1175 2001 1278 2040 illum
1303 2014 1394 2053 por-

72 2069 212 2108 tasset,
228 2062 231 2065 ’
250 2056 291 2106 et
314 2060 453 2107 ubera,
481 2073 578 2112 quae
604 2060 706 2098 illum
732 2058 981 2106 educassent3
1020 2065 1060 2097 et
1083 2058 1276 2105 dominus,
1315 2060 1393 2097 imo

72 2119 197 2166 beati,
223 2119 287 2170 qui
306 2130 520 2157 sermonem
542 2117 605 2156 dei
624 2116 782 2165 audiunt
800 2123 839 2156 et
857 2117 1062 2165 faciunt.⁶)
1124 2116 1221 2164 Quia
1234 2123 1274 2155 et
1287 2123 1395 2156 retro

73 2178 130 2215 sie
156 2177 354 2215 reiecerat
377 2182 536 2214 matrem
562 2182 628 2213 aut
648 2174 803 2221 fratres,
830 2173 917 2212 dum
942 2172 1140 2212 auditores
1165 2181 1206 2212 et
1230 2174 1396 2212 obsecu-
1419 2172 1425 2175 ”

74 2241 182 2272 tores
205 2232 477 2284 dei'praefert.
510 2231 610 2270 Nam
635 2245 707 2270 nec
731 2231 794 2270 bic
810 2238 932 2270 mater
944 2230 1155 2272 adsistebat
1174 2231 1242 2269 illi.
1279 2229 1393 2269 Adeo

74 2304 147 2330 nee
171 2297 279 2329 retro
305 2297 527 2340 negaverat,
553 2297 596 2331 ut
607 2302 678 2328 nec
694 2296 784 2335 tum,
811 2302 895 2327 cum
909 2288 949 2328 id
969 2302 1100 2327 rursus
1119 2287 1238 2331 audit,
1265 2299 1396 2326 rursus

70 2347 236 2400 proinde
260 2347 486 2401 felicitatem
511 2347 559 2385 ab
580 2354 689 2385 utero
703 2354 743 2385 et
755 2346 935 2385 uberibus
953 2346 1084 2385 matris
1097 2355 1189 2383 snae
1204 2344 1397 2382 transtulit

73 2406 113 2443 in
138 2404 365 2457 discipulos,
391 2418 413 2443 a
439 2418 510 2456 qua
537 2418 611 2442 non
639 2404 903 2451 transtulisset,
930 2405 961 2442 si
987 2416 1071 2441 eam
1096 2415 1171 2440 non
1196 2401 1370 2440 haberet.

124 2530 128 2531 ν
168 2509 203 2550 1)
226 2511 290 2541 les.
305 2512 359 2550 29,
375 2511 430 2540 18.
523 2509 559 2548 2)
585 2509 668 2539 Luc.
684 2509 738 2548 11,
753 2509 900 2539 14-19.
995 2505 1032 2549 3)
1057 2507 1141 2536 Luc.
1156 2507 1209 2544 11,
1225 2506 1278 2536 20.
1356 2504 1395 2544 4)

75 2556 185 2588 Exod.
210 2553 243 2597 8,
268 2558 322 2588 19.
371 2556 468 2590 Quae
493 2558 701 2593 sequuntur:
733 2554 907 2594 Digitus
933 2552 999 2586 dei
1017 2569 1064 2576 -—
1089 2552 1216 2583 valid.
1245 2554 1395 2591 tamen,

74 2602 234 2632 videntur
258 2611 278 2633 e
300 2603 361 2634 lat.
375 2602 478 2632 huius
501 2601 570 2632 loci
582 2600 811 2632 translatione
827 2599 893 2631 buc
908 2599 997 2630 male
1011 2599 1151 2630 inserta.
1245 2599 1281 2638 5)
1311 2597 1395 2627 Luc.

76 2649 131 2687 11,
147 2648 189 2677 21
204 2657 253 2686 sq.
348 2647 384 2688 e)
409 2648 492 2678 Luc.
507 2648 560 2686 11,
578 2648 628 2677 27.
646 2647 698 2677 28.
1176 2652 1181 2656 ⁴
