1604 2800
634 176 709 213 DE
742 177 944 210 ANlMA.
1346 180 1457 219 ,oo

124 279 257 306 vsermo
271 273 343 306 est.
381 266 481 316 Quid
499 268 613 315 euim,
637 270 670 308 si
695 276 735 308 et
759 270 910 308 iunior?
932 269 1069 322 Neque
1093 272 1236 310 veritas
1261 271 1458 315 desiderat

128 331 371 371 vetustatem,
396 338 521 378 neque
546 325 786 365 mendacium
818 327 964 366 devitat
986 329 1275 368 novellitatem„
1323 331 1456 372 Teneo

127 382 242 434 plane
272 382 408 421 falsum
438 384 664 435 antiquitate
702 398 951 436 generosum,
991 385 1121 438 quidni
1158 388 1311 435 salsum,
1350 391 1457 429 euius

127 440 385 478 testimouium
417 453 568 493 quoque
599 454 649 480 ex
679 442 777 481 falso
810 445 894 481 est?
960 443 1159 491 Quomodo
1192 445 1347 484 credam
1378 460 1457 485 uon

127 497 280 536 mentiri
311 496 589 550 Pythagoram,
627 500 691 551 qui
727 501 926 547 mentitur,
964 508 1007 539 ut
1043 500 1224 540 credam?
1265 503 1455 555 quomodo

126 554 218 593 mihi
243 554 491 606 persuadebit
507 554 752 596 Aethalidem
767 559 803 606 ¹)
831 565 871 596 et
890 557 1136 610 Euphorbum
1149 558 1191 611 2)
1216 567 1256 598 et
1268 560 1457 612 Pyrrhum

125 612 358 664 piscatorem
396 620 437 651 et
473 612 746 653 Hermotimum
765 616 803 663 ³)
847 628 890 654 se
926 623 1033 654 retro
1070 624 1159 655 aute
1196 616 1456 669 Pythagoram

124 670 257 716 fuisse,
282 677 325 708 ut
343 670 574 722 persuadeat
593 673 698 710 vivos
713 685 762 712 ex
774 674 932 711 mortuis
953 673 1064 720 effici,
1091 675 1155 726 qui
1174 675 1311 713 iterum
1323 688 1366 714 se
1379 675 1457 728 Py-

124 726 326 779 thagoram
351 729 565 779 peieravit?
601 729 751 777 Quanto
778 731 877 768 enim
904 730 1138 777 credibilius,
1164 732 1246 783 ipse
1266 745 1315 770 ex
1334 740 1458 772 semet

124 784 210 836 ipso
230 785 350 823 semel
367 784 534 824 redisset
553 787 591 823 in
616 788 744 833 vitam,
772 800 881 838 quam
906 788 1050 826 totiens
1074 789 1170 826 alius
1195 796 1309 840 atque
1335 790 1457 828 alius?

124 847 234 879 tauto
253 842 346 880 etin
360 841 579 880 durioribus
599 843 749 889 fefellit,
777 845 840 895 qui
864 844 1042 882 molliora
1066 846 1246 884 mentitus
1265 853 1336 884 est.
1377 845 1457 886 Sed

125 898 302 950 elypeum
327 898 526 951 Euphorbi
552 900 641 938 olim
666 899 826 952 Delphis
852 908 1118 940 consecratum
1144 904 1387 955 recognovit,
1415 911 1456 943 et

123 967 231 994 suum
256 954 367 1004 dixit,
393 964 434 996 et
457 955 506 995 de
531 958 650 1008 signis
675 959 790 1009 vulgo
816 959 959 1009 ignotis
984 959 1172 1009 probavit.
1187 960 1228 1010 ⁴)
1288 960 1454 1013 Respice

123 1011 175 1052 ad
199 1012 428 1066 flypogeum
459 1015 561 1061 eius,
603 1022 643 1053 et
672 1016 705 1053 si
737 1017 859 1066 capit,
900 1015 1030 1054 crede.
1103 1016 1202 1054 Nam
1241 1018 1304 1068 qui
1340 1019 1455 1057 talem

125 1077 362 1110 commentus
393 1078 454 1109 est
483 1072 702 1123 stropham‘,
753 1085 837 1111 cum
875 1073 1012 1111 iniuria
1048 1073 1174 1112 bonae
1209 1074 1451 1122 valetudinis,

126 1127 212 1166 eum
238 1126 372 1166 [raude
390 1129 494 1167 vitae
518 1130 719 1180 septennio
746 1130 993 1168 excruciatae
1019 1131 1120 1168 iufra
1144 1137 1285 1168 terram
1311 1131 1452 1178 inedia,

124 1184 291 1235 ignavia,
316 1185 462 1231 umbra,
489 1187 550 1224 cui
576 1187 672 1224 tanti
696 1187 768 1224 fuit
791 1185 983 1225 fastidium
1010 1188 1123 1234 coeli,
1151 1201 1259 1239 quam
1285 1201 1360 1226 non
1386 1202 1452 1227 ac-

126 1241 292 1280 cesserit
314 1243 589 1289 temeritatem,
622 1257 732 1295 quam
764 1257 840 1282 non
871 1245 1079 1282 tentaverit
1104 1245 1379 1292 curiositatem,
1412 1253 1452 1284 ut

124 1297 175 1337 ad
199 1305 326 1337 uotam
354 1300 480 1351 clypei
511 1301 611 1338 illius
635 1302 882 1352 perveniret?
923 1300 1020 1349 Quid
1047 1308 1185 1348 autem,
1212 1302 1243 1339 si
1269 1303 1305 1340 iu
1331 1303 1451 1341 histo-

124 1356 194 1395 riis
225 1355 413 1408 aliquibus
445 1357 722 1396 occultioribus
755 1359 927 1409 reperit?
969 1358 1066 1406 Quid
1098 1360 1129 1396 si
1162 1358 1340 1398 desectae
1377 1360 1452 1398 iam

124 1411 345 1452 traditionis
374 1415 602 1466 superstites
632 1415 779 1466 aliquas
815 1416 938 1453 famae
971 1416 1124 1456 aurulas
1160 1416 1311 1454 hausit?
1353 1416 1450 1464 Quid

124 1471 159 1509 si
180 1470 231 1510 ab
255 1469 412 1510 aedituo
437 1470 637 1523 redempta
663 1473 759 1510 clam
785 1473 1025 1523 inspectione
1052 1474 1258 1523 cognovit?
1302 1472 1451 1511 Scimus

123 1527 239 1566 etiam
275 1540 408 1579 magos
440 1529 585 1567 elicere
622 1528 869 1580 explorandis
906 1530 1068 1568 occultis
1105 1542 1176 1581 per
1213 1530 1450 1569 catabolicos

122 1591 164 1623 et
193 1583 380 1637 paredros
410 1592 451 1623 et
478 1586 709 1637 pythonicos
746 1588 914 1638 spiritus.
985 1587 1073 1638 Non
1112 1588 1210 1625 enim
1242 1594 1282 1624 ct
1306 1587 1451 1625 Phere-

122 1640 256 1694 cydes,
281 1641 528 1694 Pythagorae
548 1645 742 1693 magister,
764 1645 824 1681 his
843 1646 972 1681 forsan
998 1644 1144 1681 artibus
1170 1642 1375 1690 divinabat,
1402 1657 1450 1682 ne

123 1697 248 1738 dicam
278 1699 517 1736 somniabat?
553 1699 650 1746 Quid
676 1701 708 1737 si
732 1699 831 1737 idem
858 1699 1019 1737 daemon
1046 1701 1084 1736 iu
1109 1699 1174 1737 illo
1200 1700 1288 1745 suit,
1322 1701 1383 1751 qui
1410 1708 1450 1738 et

122 1756 162 1793 iu
185 1754 395 1805 Euphorbo
420 1767 484 1793 res
508 1756 704 1805 sanguinis
729 1757 873 1805 gessit?
919 1755 1092 1807 Denique
1118 1756 1180 1807 qui
1206 1769 1247 1793 se
1272 1755 1450 1807 Euphor-

120 1811 209 1850 bum
222 1823 272 1849 ex
292 1818 518 1861 argumento
538 1812 665 1862 clypei
684 1812 880 1862 probarat,
908 1824 976 1849 cur
994 1813 1181 1850 nemiuem
1195 1812 1447 1851 Troianorum

123 1868 418 1907 commilitonum
439 1881 561 1919 aeque
582 1869 834 1918 recognovit?
856 1867 954 1907 Nam
976 1876 1016 1907 et
1034 1869 1089 1907 illi
1110 1870 1183 1907 iam
1203 1870 1446 1916 revixissent,

121 1925 154 1963 si
179 1925 255 1964 vivi
280 1937 329 1963 ex
354 1926 511 1962 mortuis
538 1925 686 1963 fierent.

235 1985 304 2024 29.
364 1981 539 2020 Mortuos
566 1981 715 2034 quidem
741 1995 790 2021 ex
815 1984 907 2021 vivis
933 1983 1030 2022 effici
1057 1991 1219 2030 constat,
1253 1997 1329 2022 non
1354 1983 1443 2023 ideo

119 2046 248 2078 tamen
279 2046 320 2077 et
350 2051 400 2077 ex
430 2040 588 2077 mortuis
618 2041 737 2078 vivos.
809 2040 870 2078 Ab
902 2042 1012 2079 initio
1045 2042 1144 2080 enim
1173 2042 1249 2080 vivi
1281 2043 1444 2093 priores,

120 2095 222 2135 unde
246 2096 294 2134 ab
320 2097 429 2134 initio
455 2109 576 2147 aeque
601 2098 741 2135 mortui
766 2099 1020 2149 posteriores3
1053 2112 1129 2136 non
1154 2097 1308 2137 aliunde
1334 2112 1445 2150 quam

120 2165 171 2192 ex
198 2154 294 2191 vivis
324 2153 380 2190 illi
411 2153 640 2199 habuerant,
676 2153 777 2192 unde
813 2155 1170 2206 proficiscerentur,
1209 2155 1295 2193 dum
1321 2169 1369 2193 ue
1395 2169 1445 2193 ex

119 2210 278 2248 mortuis
302 2210 365 2247 isti
390 2223 466 2247 nou
491 2210 705 2258 habuerint,
730 2210 830 2250 uude
850 2213 970 2263 magis
989 2212 1283 2250 deducerentur.
1324 2211 1445 2262 Igitur

119 2268 152 2306 si
182 2267 231 2306 ab
260 2267 371 2305 initio
401 2268 476 2305 vivi
509 2281 583 2305 uon
615 2280 665 2306 ex
694 2269 872 2314 mortuis,
911 2280 980 2308 eur
1014 2276 1149 2320 postea
1181 2281 1230 2306 ex
1260 2269 1444 2306 mortuis?

119 2324 330 2363 Defecerat
354 2323 431 2370 ille,
459 2325 671 2376 quicunque
697 2332 767 2371 est,
795 2326 953 2376 originis
974 2327 1084 2364 sons?
1113 2339 1160 2363 au
1182 2325 1327 2362 formae
1347 2337 1442 2376 poe-

120 2382 257 2420 nituit?
287 2386 327 2419 et
352 2378 540 2432 quomodo
562 2382 600 2419 in
618 2383 776 2420 mortuis
801 2382 905 2421 salva
929 2385 1012 2421 est?
1048 2381 1136 2420 Non
1157 2382 1244 2433 quia
1263 2381 1310 2419 ab
1330 2381 1462 2423 initio->

197 2518 236 2563 1)
249 2519 342 2553 Gel.:
362 2519 621 2558 Ephelidem.
690 2517 905 2559 2)Cf.lib.de
918 2529 1044 2551 resurr.
1054 2518 1241 2550 cai-niuea.
1312 2515 1347 2557 3)
1357 2518 1441 2550 Gel.:

120 2565 402 2605 Hermippum.
497 2563 535 2608 4)
557 2567 605 2596 Cf.
628 2566 725 2599 ovid.
743 2569 823 2597 met.
844 2568 898 2605 15,
920 2568 983 2596 16⁰
999 2575 1070 2603 sqq.
1091 2565 1191 2604 mog.
1208 2565 1322 2596 Laert.
1337 2565 1392 2596 lib.
1407 2566 1439 2596 8.

179 2624 380 2654 Taurum„
415 2624 466 2653 tv.
1061 2660 1063 2662 .
1100 2614 1151 2650 14
