1566 2808
341 236 467 267 ADV.
502 234 862 266 MARCIONEM
897 234 1072 265 [ABER
1102 236 1159 267 111.
1312 232 1414 270 135

90 328 481 380 tationes-respuerit
512 334 553 366 et
582 327 748 366 irriserit
779 326 980 365 haeretica
1004 325 1165 372 duritia,
1198 325 1413 365 concedam

88 386 146 426 illi
171 385 311 427 nnllam
326 384 470 423 Christi
497 398 652 423 crucem
678 384 932 435 significatam
958 398 993 422 a.
1006 391 1200 430 creatore,
1228 385 1316 435 quia
1341 397 1413 423 nec

90 456 142 491 ez
164 442 241 484 hoc
271 442 452 494 probabit
482 443 594 480 alium
628 447 735 487 esse,
770 443 831 493 qui
865 442 1072 482 crucifixus
1098 449 1175 487 est,
1200 438 1280 492 'nisi
1313 442 1415 480 forte

90 495 307 541 ostenderit
329 500 430 554 hunc
457 500 599 539 exitum
627 500 708 537 eius
734 513 757 536 a
783 513 851 537 suo
879 498 952 538 deo
978 498 1265 551 praedicatum,
1291 506 1334 537 ut
1358 498 1416 537 ‹li-

88 558 253 605 versitas
276 558 494 610 passionum
521 571 567 608 ac
599 570 670 609 per
694 556 768 595 hoc
795 558 921 595 etiam»
936 559 1187 608 personarum
1213 569 1263 595 ex
1287 555 1415 595 diver-

89 616 204 655 sitate
229 614 561 667 praedicationum
586 613 816 652 vindicetur.
868 614 1047 652 Ceterum
1075 614 1244 665 necipso
1260 613 1414 652 Christo

90 673 175 712 eius
199 671 442 725 praedicato,
470 671 607 710 nedum
626 685 751 710 cruce
777 672 907 722 ipsius,
934 671 1106 709 sufficit'
1096 685 1134 708 in
1160 683 1282 708 meum
1304 670 1416 709 Chri-

89 737 189 769 stum
212 729 332 769 solius
357 731 491 768 mortis
516 729 732 780 prophetia.
781 728 842 766 Ex
874 729 946 766 hoc
973 728 1093 773 enim,
1127 726 1228 793 quod
1254 741 1331 766 non
1357 735 1416 766 est

89 786 196 832 edita
220 787 385 838 qualitas
409 787 562 832 mortis,
596 787 721 837 potuit
751 792 791 822 et
818 797 888 835 per
913 797 1068 823 crucem
1095 785 1290 831 evenisse,
1325 792 1414 823 tunc

92 843 163 883 alii
187 841 425 895 deputanda,
452 844 484 881 si
517 844 554 881 in
580 843 695 880 alium
719 842 856 880 fuisset
881 841 1170 894 praedicatum,·
1186 840 1258 880 nisi
1283 843 1315 880 si
1343 855 1415 881 nec

91 907 263 966 morteui-
285 901 393 939 volet
418 900 562 940 Christi
588 901 661 938 mei
695 899 983 952 prophetatam,
1016 913 1090 951 quo
1123 901 1244 950 magis
1277 900 1415 939 eruhe-

89 965 194 1004 scat,
232 958 265 1002 si
289 971 396 997 suum
422 957 575 1010 quidem
602 957 791 1000 Christum
819 964 1007 996 mortuum
1045 956 1264 1003 adnuntiat,
1305 970 1415 1009 quem

89 1022 210 1068 nogat
232 1022 375 1060 natum,
404 1029 525 1054 meum
551 1029 643 1054 vero
670 1014 870 1053 mortalem
887 1022 1026 1065 negat,
1054 1027 1163 1066 quem
1191 1015 1416 1053 nascibilem

90 1073 311 1120 confitetur.
366 1072 417 1111 Et
443 1079 602 1112 mortem
629 1079 755 1110 autem
781 1078 821 1110 et
846 1073 1079 1124 sepulturam
1099 1079 1140 1110 et
1160 1073 1416 1110 resurrectio-

92 1143 178 1171 nem
202 1129 374 1169 Chr-isti
374 1131 449 1168 mei
481 1143 557 1168 una
586 1143 685 1168 voce
710 1129 851 1167 Esaiae
878 1130 967 1168 volo
994 1128 1202 1177 ostendere
1230 1129 1414 1167 dicentis:

92 1187 290 1241 sepultura
311 1188 394 1226 eins
418 1188 568 1225 sublata
600 1186 647 1225 de
674 1186 800 1224 medio
827 1193 889 1223 est
902 1188 952 1231 ¹)
1002 1186 1087 1224 Nec
1120 1186 1291 1237 sepultus
1316 1188 1415 1225 enim

92 1251 216 1291 esset,
232 1245 322 1283 nisi
351 1251 542 1289 mortuus,
569 1256 641 1282 nec
674 1243 869 1295 sepultura
899 1244 982 1280 eius
1013 1243 1163 1281 sublata
1193 1242 1241 1281 ‹le
1274 1236 1415 1289 medio,

92 1302 174 1340 nisi
188 1314 263 1354 per
289 1302 631 1341 resurrectionem.
682 1300 855 1352 Denique
888 1301 1072 1339 subiecit:
1100 1308 1308 1351 propterea
1333 1302 1416 1352 ipse

93 1359 232 1403 multos
267 1358 499 1399 haereditati
536 1358 696 1398 habehit
730 1365 770 1396 et
806 1358 1008 1396 multorum
1045 1356 1192 1395 dividet
1228 1358 1415 1408 spoliafss),

92 1422 173 1468 pro*
199 1428 250 1456 eo
281 1415 383 1468 quod
413 1413 558 1459 tradita
587 1423 647 1453 est
676 1416 802 1456 anima
838 1415 920 1452 eius
951 1416 988 1453 in
1020 1421 1196 1452 mortem.
1253 1413 1417 1453 Ostensa

91 1480 153 1513 est
182 1472 283 1513 e'nim
321 1486 456 1516 caussa
487 1473 637 1524 gratiae
674 1472 785 1511 huius
821 1485 892 1524 pro
925 1472 1064 1510 iniuria
1094 1470 1248 1510 scilicet
1283 1473 1416 1510 mortis

90 1529 372 1582 repensandae.
439 1530 594 1570 Pariter
631 1536 824 1572 ostensum
862 1535 940 1575 est,
978 1529 1076 1567 haec
1114 1529 1217 1567 illum
1255 1536 1417 1581 propter

88 1595 254 1634 mortem
281 1578 589 1634 consecuturum,
614 1594 704 1639 post
726 1593 889 1626 mortem
914 1587 1043 1639 utique
1063 1600 1136 1638 per
1159 1588 1416 1625 resuirectio-

91 1658 179 1692 W
204 1652 513 1696 consecuturum.

127 1742 138 1750 ,
207 1705 278 1744 20.
328 1701 476 1741 Sufficit
500 1703 695 1754 hucusque
727 1701 776 1740 de
808 1702 867 1741 his
891 1703 1044 1741 interim
1071 1701 1244 1741 ordinem
1272 1701 1416 1740 Christi

94 1758 384 1805 decucurrisse,
422 1773 497 1810 quo
535 1760 624 1802 talis
647 1760 863 1810 probatus,
903 1760 1068 1811 qualiter
1104 1758 1415 1805 adnuntiabatur,

79 1820 173 1860 'uon
197 1816 294 1855 alius
324 1816 460 1855 haberi
491 1815 650 1862 debeat,
684 1829 794 1867 quam
826 1817 889 1867 qui
922 1817 1009 1854 talis
1033 1814 1349 1862 adnuntiabatur,
1375 1823 1416 1854 ut

89 1875 169 1921 iam
195 1886 246 1912 ex
270 1873 343 1912 ista
370 1873 624 1915 consonantia
649 1885 776 1910 rerum
808 1873 892 1911 eius
924 1880 966 1911 et
995 1873 1272 1925 scripturarum
1305 1886 1416 1914 crea-

95 1931 193 1970 toris
217 1931 295 1969 illis
317 1931 433 1969 etiam
461 1928 698 1969 restituenda
722 1931 774 1968 sit
797 1929 895 1968 fides
919 1943 970 1968 ex
993 1929 1234 1982 praeiudicio
1259 1929 1415 1969 maioris

94 1989 228 2040 parti&
251 2001 348 2040 quae
369 1986 419 2026 ad
434 1987 606 2026 diversas
625 1987 836 2026 sententias
860 1987 953 2026 vel'
942 2001 982 2026 ιιι
1001 1987 1154 2028 dubium
1174 1987 1416 2027 deducuntur

93 2045 156 2090 vel
169 2052 373 2101 negantur
410 2044 586 2096 Amplius
609 2057 709 2083 nunc
733 2046 1029 2096 superstruimus
1054 2058 1101 2084 ea
1127 2046 1289 2097 quoque
1306 2047 1412 2097 paria

92 2115 148 2148 ex
169 2103 371 2155 scripturis
391 2102 595 2148 creatoris,
621 2112 793 2154 quaeque
819 2109 907 2154 post
930 2102 1121 2142 Christum
1148 2103 1277 2141 futura
1300 2116 1415 2155 prae—

95 2159 338 2200 timebantur.
393 2158 479 2199 Nec
512 2159 612 2198 enim
637 2157 845 2211 dispositio
877 2168 1071 2212 expuncta
1100 2161 1349 2206 inveniretur,
1382 2162 1415 2199 si

95 2230 173 2257 non
197 2217 263 2257 ille
286 2218 476 2263 venisset,
503 2223 591 2268 post
613 2229 723 2268 quem
749 2217 963 2258 hahebate
1042 2219 1050 2228 '
1101 2246 1112 2255 .
1162 2218 1305 2269 Aspice
1330 2219 1415 2255 uni—

94 2286 229 2315 tersas
253 2276 429 2314 nationes
460 2274 508 2313 de
532 2275 718 2325 voragine
744 2276 890 2314 erroris
914 2266 981 2313 h'·
1047 2275 1089 2321 i,
1123 2273 1263 2321 exinde
1289 2286 1415 2312 emer·

94 2338 234 2383 gentes
258 2330 308 2370 ad
332 2330 444 2370 deum
470 2338 701 2379 creatorem,
726 2331 774 2370 ad
789 2331 899 2372 deum
915 2327 1118 2377 Ch‘nswm,
1145 2338 1197 2377 et,
1223 2332 1256 2369 si
1280 2330 1413 2377 audes

94 2401 198 2440 nega
226 2389 509 2441 prophetatum.
575 2387 656 2428 Sed
686 2390 813 2428 statim
844 2390 914 2429 tihi
950 2391 988 2428 in
1024 2389 1179 2442 psalmis
1209 2389 1413 2442 promissio

189 2539 227 2577 1)
250 2540 314 2569 ιη
329 2540 383 2577 5τ,
405 2540 436 2569 2.
531 2539 567 2578 2)
593 2540 656 2570 ies.
678 2540 732 2578 53,
751 2541 804 2571 12.
820 2540 865 2571 er.
885 2531 991 2569 Lxx.
1013 2557 1052 2562 -
1079 2538 1207 2569 remei.
1231 2541 1264 2570 et
1291 2523 1414 2580 nigauf.

95 2594 127 2616 e.
153 2584 212 2616 tib.
232 2584 308 2615 adv.
328 2585 401 2616 lud.
424 2586 524 2616 cdl).
545 2585 620 2616 add.
652 2585 759 2620 Quin
784 2585 891 2616 enim
915 2586 1049 2623 uiiufl,
1082 2585 1168 2616 uiui
1194 2585 1264 2624 qui
1287 2590 1414 2616 natus
1472 2589 1480 2595 ”

95 2633 172 2671 est,
195 2633 239 2661 ut
264 2639 392 2670 supra
418 2631 703 2670 ostendimus,
728 2634 793 2662 etc.
