1604 2800
156 207 261 246 192
405 254 410 258 ²
675 204 748 236 DE
784 203 983 236 AN1MA.

160 314 230 354 que
252 298 424 346 testatio,
451 298 483 336 si
509 297 707 337 oculorum
726 305 766 337 et
786 299 932 338 aurium
953 305 993 337 et
1011 310 1186 338 manuum
1205 311 1338 340 sensus
1357 307 1493 341 natura

160 358 352 397 mentitur.

254 454 257 458 .
278 418 342 456 18.
360 413 401 466 ¹)
464 413 682 453 Convertor
706 413 754 452 ad
780 414 1096 454 intellectualium
1122 421 1284 467 partem,
1312 415 1494 468 quemad-

160 471 312 511 modum
338 472 441 510 illam
456 470 566 510 Plato
578 478 602 510 'a
618 472 886 525 corporalibus
912 479 1129 525 separatam
1154 472 1364 512 haereticis
1391 486 1496 512 com-

161 524 412 576 mendaverit,
439 530 676 581 agnitionem
701 537 791 570 ante
815 537 977 570 mortem
1005 537 1248 569 consecutus.
1303 529 1372 569 Ait
1396 531 1497 570 enim

161 590 198 626 in
225 586 452 626 Phaedone:
470 586 508 639 2)
535 586 625 639 quid
650 594 727 626 tum
754 600 848 639 erga
873 589 992 640 ipsam
1025 587 1252 640 prudentiae
1283 589 1498 640 possessio-

163 647 276 684 nem?
336 644 520 683 Utrumne
548 644 858 697 impedimentum
885 647 961 685 erit
987 659 1139 698 corpus,
1166 659 1215 684 an
1240 659 1330 692 non,
1357 646 1390 684 si
1416 647 1498 697 quis

163 702 257 741 illud
283 704 429 741 socium
456 701 711 755 adsumpserit
735 704 773 741 in
800 705 1090 756 quaestionem?
1148 703 1242 742 Tale
1274 701 1364 755 quid
1396 702 1498 750 dico,

163 760 330 798 habetne
362 761 565 798 veritatem
598 761 762 812 aliquam
792 762 889 800 visio
922 769 962 800 et
993 761 1140 800 auditio
1178 760 1413 808 hominibus,
1451 773 1500 799 an

164 819 267 855 non?
324 815 386 854 An
414 830 490 854 non
517 818 631 855 etiam
657 820 797 868 po'e'tae
823 818 921 857 haec
947 819 1058 857 nobis
1083 831 1237 870 semper
1267 818 1500 864 obmussant,

166 872 268 927 quod
294 886 417 926 neque
444 872 640 912 audiamus
667 881 826 921 certum,
860 887 984 926 neque
1009 874 1230 914 videamus?
1270 875 1503 914 Meminerat

166 932 319 971 scilicet
344 938 384 969 et
407 930 629 983 Epicharmi
656 930 822 970 Comici:
861 932 1007 970 animus
1035 932 1177 978 cernit,
1210 932 1355 971 animus
1381 930 1501 979 audit,

165 990 315 1041 reliqua
347 987 463 1027 surda
495 995 536 1026 et
567 1001 688 1027 caeca
720 995 818 1027 sunt.
882 989 1013 1040 [taque
1040 996 1170 1027 rursus
1195 989 1300 1027 illum
1326 1002 1422 1041 ergo
1449 990 1504 1028 ait

167 1059 436 1099 supersapere,
464 1046 526 1098 qui
553 1052 679 1084 mente
705 1046 869 1084 maxime
895 1047 1032 1098 sapiat,
1061 1057 1185 1097 neque
1206 1046 1392 1085 visionem
1410 1059 1504 1099 pro-

170 1117 316 1156 ponens
343 1117 466 1155 neque
493 1103 608 1142 ullum
635 1101 824 1143 eiusmodi
849 1115 1000 1142 sensum
1026 1103 1224 1142 attrahens
1249 1104 1395 1151 animo,
1435 1102 1505 1143 sed

167 1163 250 1214 ipsa
275 1168 403 1200 mente
436 1162 589 1199 sincera
619 1167 730 1199 utens
755 1162 794 1199 in
820 1159 1074 1212 recogitando
1101 1159 1149 1198 ad
1177 1159 1505 1213 capiendum‘sin-

171 1232 300 1258 cerum
335 1217 512 1271 quodque
546 1231 693 1265 rerum,
732 1231 932 1270 segressus
968 1219 1205 1271 potissimum
1236 1218 1284 1257 ab
1317 1219 1439 1257 oculis
1465 1225 1506 1257 et

170 1277 326 1316 auribus
352 1284 408 1323 et,
444 1275 546 1328 quod
577 1274 779 1315 dicendum
810 1277 878 1323 sit,
910 1289 933 1314 a
957 1282 1041 1315 toto
1069 1288 1234 1328 corpore
1260 1283 1302 1315 ut
1325 1276 1504 1315 turbante

172 1341 212 1373 et
236 1347 313 1372 non
338 1335 586 1385 permittente
624 1335 773 1372 animae
804 1333 1006 1386 possidere
1037 1334 1239 1373 veritatem
1270 1341 1384 1386 atque
1416 1345 1507 1386 pru-

174 1390 365 1437 dentiam,
411 1390 560 1442 quando
606 1392 871 1430 communicat.
945 1390 1128 1431 Videmus
1170 1392 1289 1443 igitur
1324 1389 1508 1431 adversus

176 1460 309 1486 sensus
342 1448 568 1498 corporales
601 1448 712 1485 aliam
746 1447 925 1499 portendi
955 1456 1175 1500 paraturam
1215 1456 1255 1487 ut
1279 1449 1397 1487 multo
1421 1446 1508 1487 ido·

172 1506 341 1550 niorem,
378 1504 482 1542 vires
513 1504 666 1542 scilicet
696 1505 866 1551 animae,
905 1507 1143 1545 intellectum
1183 1513 1390 1559 operantes
1422 1506 1506 1545 eius

171 1562 360 1607 veritatis,
389 1561 496 1599 cuius
521 1573 584 1599 res
610 1574 686 1598 non
706 1562 782 1599 sint
802 1574 932 1599 coram
952 1575 1025 1600 nec
1045 1563 1272 1601 subiaceant
1291 1563 1508 1614 corporali-

173 1620 243 1658 bus
277 1617 470 1665 sensibus,
510 1616 579 1656 sed
610 1618 737 1656 absint
767 1618 883 1669 longe
914 1631 939 1657 a
970 1620 1159 1657 communi
1199 1620 1439 1658 conscientia
1469 1619 1508 1658 in

173 1689 319 1715 arcano
346 1683 387 1714 et
411 1676 449 1714 in
475 1675 737 1728 superioribus
763 1682 804 1713 et
828 1674 930 1726 apud
956 1676 1075 1727 ipsum
1102 1675 1227 1714 deum.
1287 1675 1382 1715 Vult
1406 1677 1508 1715 enim

174 1734 285 1773 Plato
325 1746 410 1772 esse
449 1727 628 1785 quasdffin
673 1733 904 1771 substantias
947 1733 1183 1780 invisibiles,
1227 1733 1509 1785 incorporales,

175 1789 516 1844 supermundiales,
544 1790 691 1829 divinas
717 1798 757 1830 et
781 1797 973 1837 aeternas,
1002 1803 1094 1842 quas
1119 1790 1288 1843 appellat
1311 1789 1439 1838 ideas,
1470 1789 1512 1829 id

175 1857 235 1888 est
260 1849 415 1896 formas,
448 1849 625 1900 exempla
637 1849 675 1896 3)
709 1855 749 1887 et
774 1859 928 1887 caussas
955 1848 1181 1887 naturalium
1206 1849 1367 1887 istorum
1391 1849 1511 1886 mani-

175 1908 360 1946 festorum
387 1913 427 1945 et
451 1906 728 1945 subiacentium
755 1905 1021 1958 corporalibus
1047 1905 1233 1953 sensibus,
1260 1911 1299 1944 et
1323 1905 1409 1944 illas
1428 1906 1511 1958 qui-

180 1963 263 2004 dem
289 1977 375 2004 esse
399 1965 598 2011 veritates,
626 1964 723 2002 haec
744 1970 870 2002 autem
884 1963 1071 2013 imagines
1085 1975 1229 2001 earum.
1268 1962 1510 2002 Relucentne

179 2022 251 2061 iam
270 2022 469 2062 haeretica
490 2023 635 2060 semina
657 2020 927 2060 Gnosticorum
947 2027 987 2059 et
1005 2019 1388 2059 Valentinianorum?
1411 2019 1510 2059 Hinc

181 2080 281 2118 enim
306 2080 493 2132 arripiunt
518 2078 775 2118 differentiam
801 2077 1060 2131 corporalium
1092 2090 1266 2116 sensuum
1293 2083 1333 2116 et
1357 2076 1511 2129 intelle—

182 2137 360 2175 ctualium
390 2137 545 2184 virium,
580 2150 688 2189 quam
721 2137 836 2176 etiam
865 2135 1076 2188 parabolae
1108 2133 1243 2174 decem
1267 2134 1508 2186 virginum&

182 2201 458 2246 attemperant,
490 2201 532 2232 ut
564 2196 727 2246 quinque
759 2194 898 2233 stultae
935 2205 1068 2232 sensus
1106 2192 1331 2244 corporales
1368 2190 1511 2243 figura-

181 2253 325 2298 verint,
363 2252 499 2290 stultos
534 2251 742 2298 videlicet,
774 2253 870 2304 vquia
906 2249 1086 2302 deceptui
1123 2250 1278 2297 faciles,
1316 2249 1511 2300 sapientes

183 2315 307 2347 autem
328 2309 642 2348 intellectualium
662 2311 794 2349 virium
822 2316 950 2348 notam
976 2307 1251 2360 expresserint,
1283 2306 1511 2359 sapientium

277 2424 313 2462 1)
327 2424 401 2455 Hoc
421 2426 526 2464 caput·
544 2424 579 2455 in
598 2424 706 2456 Rhen.
720 2427 754 2456 et
767 2425 840 2456 Get.
860 2424 935 2456 edd.
953 2423 1157 2462 inscriptum
1173 2423 1242 2454 ent:
1275 2412 1392 2457 Quod
1415 2419 1511 2460 phi-

184 2468 356 2507 losophi
382 2473 422 2500 et
444 2470 658 2502 haeretici
690 2471 961 2512 distinguant
991 2471 1107 2500 inter
1131 2467 1355 2499 sensualia
1379 2467 1421 2497 et
1444 2465 1511 2496 in-

184 2513 477 2546 tellectualia.
548 2515 586 2559 2)
601 2517 781 2548 Gelenius:
807 2518 844 2547 in
864 2516 1065 2546 Phaedro.
1079 2512 1511 2551 Cf.Plat.Phaefl.p.65=q.

187 2558 228 2631 23)-
244 2559 383 2633 Plaeter
402 2562 477 2600 Rig.
498 2562 570 2594 edd.
592 2572 729 2594 omnes:
766 2565 923 2594 formas
954 2561 1234 2600 exemplares.
1327 2557 1366 2598 4)
1387 2555 1511 2588 Matth.

213 2613 243 2641 ⁰)
305 2613 375 2643 qu.
