1624 2826
365 196 489 227 ADv.
526 195 891 227 MARCIONEM
926 196 1102 227 LIBER
1133 197 1189 228 IV.
1343 195 1442 232 2³1

109 289 228 342 ipsius
259 295 300 327 et
331 301 381 327 ex
406 296 515 327 costa
547 290 664 341 ipsius
695 296 926 341 supparetur
957 302 1086 328 semen
1112 288 1211 337 illi,)
1240 290 1441 328 coniectus

108 348 149 385 in
186 359 386 385 carcerem
424 347 552 385 fuerat
590 347 637 385 ab
677 346 814 385 eodem
836 349 870 394 ¹)
917 346 1159 401 postmodum
1196 354 1236 386 et
1274 348 1441 386 occisus.

110 403 229 454 Facta
254 404 372 455 igitur
396 405 591 443 mentione
619 404 773 443 loannis
800 404 985 452 dominus,
1019 412 1058 443 et
1082 406 1212 458 utique
1239 412 1441 444 successus

109 463 235 505 exitus
260 463 377 517 eius,
382 462 604 500 illicitorum
632 464 958 503 matrimoniorum
981 470 1021 501 et
1038 456 1225 502 adulterii
1253 463 1440 514 ligurasJ)

109 520 298 559 iaculatus
323 508 383 558 est
407 521 449 558 in
471 516 680 567 Herodem,
706 519 919 559 adulterum
946 520 1208 572 pronuntians,
1235 522 1351 559 etiam
1378 521 1440 573 qui

109 577 302 617 dimissam
338 591 361 616 a
395 579 479 615 viro
519 577 697 624 duxerit,
744 592 817 630 quo
849 579 970 629 magis
1007 579 1240 630 impietatem
1275 578 1442 617 Herodis

110 642 318 693 oneraret,
358 637 420 687 qui
451 649 527 673 uon
560 637 680 674 miuus
713 643 836 674 morte
870 650 979 688 quam
1012 635 1173 688 repudio
1201 635 1393 674 dimissam
1419 650 1442 674 a

107 694 192 732 viro
216 681 399 740 duxerat
439 700 479 731 et
504 693 597 739 hoc,
639 694 758 731 fratre
785 694 950 732 habente
977 707 1026 731 ex
1051 694 1120 731 illa
1142 694 1276 740 liliam,
1316 701 1356 731 et
1379 694 1441 732 vel

108 763 157 790 eo
196 751 349 801 nomine
381 750 516 788 illicite
544 763 594 788 ex
625 750 810 796 libidinis,
851 764 926 788 non
954 763 1003 788 ex
1028 751 1125 802 legis
1151 751 1354 797 instinctu,
1394 764 1440 789 ac

69 815 318 863 ,propterea
353 807 569 863 propheten
608 813 758 860 quoque
804 806 1044 846 adsertorem
1083 809 1180 859 legis
1225 808 1438 859 occiderat.

107 864 193 905 Hoc
224 866 315 905 mihi
353 864 581 904 disseruisse
615 866 795 917 proficiet
825 867 941 918 etiam
970 865 1020 911 ad
1058 867 1293 918 subsequens
1325 878 1440 918 argu-

108 920 441 973 mentum'diritis
480 922 579 975 apud
611 924 757 962 inferos
796 923 962 963 dolentis
1000 931 1040 963 et
1072 925 1249 977 pauperis
1281 925 1318 962 in
1357 926 1440 962 sinu

106 980 290 1026 Abrahae
315 982 608 1033 requiescentis.
625 982 661 1027 ³)
722 981 820 1020 Nam
847 989 887 1020 et
918 981 1030 1029 illud,
1065 989 1242 1034 quantum
1269 981 1317 1020 ad
1343 983 1440 1021 scri-

107 1046 244 1094 ptnrae
269 1040 527 1092 superficiem,
554 1039 680 1078 subito
707 1041 943 1092 propositum
959 1047 1030 1086 est,
1059 1043 1235 1107 quantum
1252 1039 1300 1078 ad
1315 1041 1440 1078 inten-

47 1115 54 1119 -
106 1099 254 1137 tionem
291 1111 442 1143 sensim,
482 1104 522 1136 et
559 1099 679 1148 ipsum
713 1098 900 1136 cohaeret
936 1099 1121 1136 mentioni
1150 1098 1303 1137 Ioannis
1341 1098 1439 1135 male

108 1156 285 1201 tractati,
323 1162 364 1193 et
393 1154 589 1205 suggillati
628 1154 795 1210 Herodis
827 1156 925 1192 male
963 1157 1203 1202 maritati,⁴)
1241 1156 1438 1206 utriusque

109 1213 253 1252 exitum
279 1211 526 1257 deformans,
558 1211 725 1250 Herodis
751 1205 942 1250 tormenta
973 1219 1014 1255 et
1037 1212 1192 1250 Ioannis
1217 1213 1437 1263 refrigeria,

109 1277 152 1309 ut
175 1272 251 1309 iam
269 1264 429 1308 audiret
455 1267 649 1308 Herodes:
683 1269 825 1308 habent
850 1270 929 1308 illic
954 1269 1118 1330 Moysen
1145 1277 1184 1308 et
1215 1270 1437 1322 propbetas,

108 1329 198 1367 illos
234 1327 405 1377 audiant.
475 1325 555 1365 Sed
589 1326 766 1369 Marcion
805 1327 986 1365 aliorsum
1025 1322 1157 1379 cogit,
1209 1329 1361 1366 scilicet
1398 1334 1439 1365 ut

108 1393 308 1438 utramque
335 1383 553 1423 mercedem
587 1385 778 1422 creatoris
810 1386 889 1422 sive
905 1386 1103 1423 tormenti
1135 1386 1215 1423 site
1242 1386 1438 1436 refrigerii

94 1442 207 1500 1³P¹¹d
234 1443 384 1482 inferos
406 1441 640 1480 determinet
664 1443 721 1480 eis
747 1436 928 1494 positam,
969 1443 1031 1495 qui
1064 1443 1142 1494 legi
1175 1450 1214 1481 et
1239 1443 1438 1495 prophetis

103 1498 341 1547 obedierint,
369 1499 523 1538 Christi
537 1511 631 1538 vero
658 1507 698 1538 et
722 1499 786 1539 dei
811 1513 868 1539 sui
891 1473 1292 1548 eoelesten1⁰definiat
1316 1501 1437 1545 sinum

108 1567 149 1599 et
171 1566 337 1612 portum.
398 1556 729 1625 Respondebimus
762 1564 801 1607 et
825 1558 930 1596 haec
950 1558 1001 1609 ⁵)
1017 1559 1118 1610 ipsa,
1158 1550 1350 1611 scriptura
1374 1571 1438 1597 re-

58 1637 61 1642 ,
107 1618 287 1657 vincente
315 1614 450 1670 oculos
475 1617 570 1661 eius,
610 1629 707 1668 quae
734 1604 782 1654 ad
808 1616 954 1659 inferos
973 1617 1013 1665 6)
1039 1615 1230 1663 discernit
1253 1616 1437 1655 Abrahae

108 1676 240 1714 sinum
242 1668 429 1729 pauperi.
490 1656 607 1712 Aliud
633 1674 733 1711 enim
759 1674 893 1721 inferi,
932 1681 974 1712 ut
997 1681 1110 1731 puto,
1149 1674 1254 1712 aliud
1286 1687 1436 1726 quoque

107 1730 291 1781 Abrahae
323 1732 440 1768 sinus.
502 1730 600 1778 Nam
627 1738 666 1768 et
692 1744 867 1781 magnum
899 1732 953 1771 ait
979 1725 1226 1770 intercedere
1252 1733 1437 1782 legiones

109 1790 204 1828 istas
226 1784 460 1840 profundum
482 1793 522 1824 et
552 1787 750 1824 transitum
777 1789 953 1838 utrinque
979 1788 1201 1841 prohibere.
1259 1786 1336 1826 Sed
1364 1802 1436 1853 nec

109 1847 342 1889 allevasset
352 1843 459 1882 dives
497 1843 632 1881 oculos
671 1850 710 1881 et
748 1843 899 1896 quidem
939 1844 986 1883 de
1020 1845 1248 1898 longinquo,
1294 1846 1386 1894 uisi
1398 1847 1437 1884 in

107 1902 332 1959 superiora,
373 1909 414 1941 et
444 1895 491 1939 de
519 1899 730 1939 altitudinis
757 1902 965 1955 longinquo
990 1916 1063 1955 per
1079 1903 1306 1942 immensam
1329 1904 1435 1942 illam

108 1960 328 2002 distantiam
354 1954 598 1999 sublimitatis
624 1956 663 1997 et
694 1959 978 2010 profunditatis.
1041 1959 1151 1999 Unde
1182 1968 1362 2013 apparet
1364 1972 1436 2001 sa-

106 2022 229 2076 pienti
256 2021 413 2071 cuiquc,
441 2017 517 2070 qui
529 2016 734 2068 aliquando
760 2017 916 2070 Elysios
939 2017 1125 2066 audierit,
1159 2027 1252 2058 esse
1271 2019 1434 2072 aliquam

108 2079 275 2119 localem
299 2071 682 2120 determinationem,
722 2082 818 2134 quae
844 2077 948 2114 sinus
974 2076 1078 2115 dicta
1103 2078 1152 2115 sit
1178 2076 1360 2116 Abrahae
1387 2078 1435 2116 ad

102 2124 353 2195 recipiendas
378 2135 524 2173 animas
549 2133 710 2172 filiorum
724 2134 827 2187 eius,
854 2135 967 2174 etiam
988 2148 1039 2174 ex
1056 2135 1287 2189 nationibus,
1314 2138 1435 2189 patris

108 2192 263 2236 scilicet
292 2195 492 2232 multarum
532 2193 726 2230 nationum
762 2193 802 2231 ἰιι
831 2180 1015 2233 Abrabae
1054 2207 1208 2233 censum
1247 2193 1434 2246 deputan-

108 2254 261 2299 darum,
300 2259 341 2295 et
371 2264 426 2289 ex
451 2247 586 2288 eadem
618 2248 712 2297 fide,
751 2264 824 2303 qua
856 2259 895 2290 et
923 2250 1118 2299 Abraham
1152 2246 1226 2289 deo
1254 2250 1433 2296 credidit,

107 2313 212 2351 nullo
251 2310 320 2348 sub
358 2310 449 2359 iugo
490 2306 590 2361 legis
627 2319 700 2355 nee
739 2310 775 2347 in
814 2310 926 2360 signo
959 2310 1278 2362 circumcisionis.
1313 2309 1433 2348 'Eam

202 2429 239 2469 ἱ)
274 2428 368 2458 Pam.
395 2427 429 2457 et
455 2424 529 2464 Rig.
554 2426 601 2455 ab
627 2424 715 2456 eod.
740 2424 917 2467 Herod-e.
1018 2423 1057 2467 2)
1092 2426 1150 2456 Sic
1176 2426 1308 2457 emend.
1335 2426 1434 2467 Rtg.;

107 2476 203 2507 Rhen
230 2475 327 2514 fig.u
340 2483 397 2504 ra.
436 2472 575 2502 Ciacon.
602 2471 692 2500 coni.
715 2471 896 2510 fulgura.
1005 2473 1042 2507 3)
1075 2473 1156 2502 Ιιιισ.
1184 2474 1239 2514 1ίξ,
1266 2474 1434 2505 19—31.

108 2523 146 2560 ⁴2)
168 2521 275 2552 Editt.
300 2528 436 2552 omnes:
476 2517 689 2554 meritati,
729 2517 788 2547 sed
811 2517 879 2549 iam
905 2518 1070 2548 Gelenius
1102 2518 1213 2549 suasit
1237 2519 1435 2550 maritali

109 2567 326 2599 scribendum
353 2575 443 2597 esse.
540 2564 576 2603 5)
605 2563 709 2594 Rhen.
723 2563 775 2595 ed.
790 2563 954 2603 1.haec,
982 2566 1104 2596 ceteri:
1130 2564 1217 2596 hac.
1312 2565 1350 2608 6)
1371 2567 1433 2597 Ed.

107 2613 209 2644 Fran.
235 2616 270 2644 et
289 2613 364 2652 mg.
391 2614 437 2643 ab
463 2610 629 2642 inferis.
