1566 2808
156 224 258 260 124
410 224 533 255 ADV.
569 224 926 255 MARCIONEM
962 224 1138 255 LIBER
1167 225 1224 255 111.

157 324 268 356 natus
301 322 371 354 est.
427 314 484 366 Ea
516 316 635 362 enim,
670 326 767 367 quae
799 323 994 367 expugnat
1024 316 1121 354 haec
1153 315 1347 362 haeresis,
1386 328 1480 362 con-

158 375 368 419 firmantur,
397 386 480 411 eum
501 386 561 419 ea,
582 385 653 424 per
672 367 767 424 quae
789 380 995 424 expugnat,
1023 372 1282 412 destruuntur.
1332 372 1480 424 Itaque,

159 433 190 469 si
217 443 380 469 carneus
407 430 629 477 habebitur,
664 431 752 481 quia
778 437 906 477 natus,
942 437 982 468 et
1012 438 1140 477 natus,
1175 431 1262 482 quia
1294 441 1480 476 earneus;

160 490 247 540 quia
273 488 499 539 phantasma
532 501 607 525 non
639 488 774 534 fuerit,
808 488 890 539 ipse
922 489 997 526 erit
1028 487 1315 539 agnoscendus,
1349 488 1411 538 qui
1443 487 1482 524 in

160 558 277 584 earne
311 553 351 584 et
382 558 430 584 ex
461 546 660 583 natiw‘tate
697 552 879 583 venturus
911 517 1217 584 adnuntiabatur
1238 559 1270 614 a.
1292 544 1483 583 creatoris

158 603 375 655 prophetiS,
404 610 537 654 utpote
566 602 740 644 Christus
768 603 973 643 creatoris

279 665 346 703 12.
399 660 575 699 P10v00a
607 674 726 707 nune,
768 667 807 698 ut
838 660 959 705 soles,
994 659 1042 697 ad
1075 659 1172 697 hane
1204 659 1346 697 Esaiae
1379 671 1485 696 com-

159 718 400 770 parationem
433 718 594 764 Christi,
635 717 875 756 contendens
911 718 1014 755 illam
1054 718 1092 754 in
1125 717 1229 755 nullo
1262 715 1484 763 convenire.

159 775 287 813 Primo
315 775 428 821 enim,
457 776 591 826 inquis,
621 775 792 813 Christus
806 775 945 813 Esaiae
961 774 1184 812 Emmanuel
1208 774 1342 812 vocari
1367 773 1488 811 hahe-

160 833 235 879 hit,
271 831 410 870 dehinc
441 833 622 870 virtutem
655 845 804 870 sumere
838 832 1015 870 Damasci
1054 839 1094 870 et
1131 831 1254 883 spolia
1288 829 1486 869 Samariae

162 889 363 928 adversum
389 903 521 941 regem
547 888 793 941 Assyriorum
809 890 860 938 1).
912 889 1034 927 Porro
1060 890 1155 935 iste,-
1181 889 1244 940 qui
1267 888 1391 934 venit,
1418 899 1487 925 ne-

163 961 235 999 que
263 947 329 985 suh
353 946 556 1000 ¹eiusmodi
593 948 745 985 nomine
784 954 842 985 est
874 946 999 984 editus
1025 959 1148 997 neque
1174 946 1252 984 ulla
1277 957 1319 983 re
1344 944 1490 983 bellica

162 1007 315 1043 functus
341 1012 413 1042 est.
463 1003 515 1042 At
541 1017 616 1055 ego
643 1012 680 1043 te
707 1003 941 1050 admonebo,
977 1004 1031 1041 uti
1058 1003 1310 1042 cohaerentia
1336 1014 1487 1054 quoque

162 1063 359 1113 utriusque
387 1062 544 1112 capituli
569 1075 855 1113 recognoscas„
897 1059 1109 1102 Subiuncta
1141 1061 1333 1099 est-enim
1365 1066 1406 1103 et
1428 1060 1490 1097 in-

163 1120 394 1170 terpretatio
422 1118 698 1166 Emmanuelis,
739 1119 936 1157 nobiscum
963 1117 1056 1156 deus
1071 1120 1128 1167 2),
1167 1119 1222 1160 uti
1260 1131 1336 1155 non
1367 1117 1490 1155 solum

164 1188 297 1214 sonum
335 1177 496 1214 nominis
533 1183 699 1227 specteS,
737 1176 805 1214 sed
844 1183 883 1214 et
920 1189 1083 1214 sensum.
1135 1174 1260 1213 Sonus
1292 1175 1398 1213 enim
1423 1174 1491 1212 he-

163 1234 331 1279 brai'cus,
360 1233 460 1284 quod
487 1240 546 1272 est
566 1233 802 1280 Emmanuel,
830 1246 920 1272 suae
949 1233 1074 1284 gentis
1101 1229 1178 1280 est,
1206 1245 1339 1270 sensus
1364 1236 1491 1270 autem

165 1293 260 1338 eius,
288 1291 389 1342 quod
415 1298 474 1329 est
500 1290 593 1329 deus
619 1291 831 1336 nobiscum,
859 1304 909 1329 ex
934 1290 1256 1341 interpretatione
1284 1289 1494 1328 eommunis

165 1356 241 1394 est,
291 1349 441 1396 Quaere
468 1362 583 1399 ergo,
616 1362 663 1386 an
696 1350 769 1386 ista
799 1362 893 1395 vox,
929 1348 1126 1400 nobiscum
1160 1347 1273 1395 deus,
1307 1345 1409 1399 quod
1434 1342 1495 1385 est'

165 1405 402 1451 Emmanuel,
431 1405 571 1443 exinde
597 1405 698 1457 quod
714 1406 887 1443 Christus
913 1406 1049 1452 illuxit,
1077 1406 1247 1456 agitetur
1270 1404 1492 1457 iil-Christo.

167 1462 219 1500 Et
242 1469 348 1514 puto,
378 1476 452 1500 non
479 1463 652 1513 negabis,
681 1470 812 1514 utpote
840 1464 956 1513 quiet
982 1463 1063 1514 ipse
1090 1462 1216 1500 dieas:
1243 1461 1337 1500 deus
1363 1461 1494 1500 uobis-

169 1534 253 1558 cum
281 1519 440 1566 dicitur,
474 1519 512 1557 id
544 1527 603 1558 est
631 1520 869 1558 Emmanuel.
899 1518 999 1561 *Aut
1031 1521 1062 1557 si
1093 1526 1170 1558 tam
1195 1532 1313 1557 vanus
1345 1525 1405 1566 es,
1439 1526 1493 1565 ut,

170 1579 256 1629 qnia
300 1590 419 1629 penes
463 1584 501 1616 te
546 1577 745 1615 nobiscum
790 1577 884 1615 deus
927 1576 1086 1623 (licitur,
1137 1574 1495 1623 non.Em'manuel,

169 1635 318 1674 ideireo
353 1635 450 1672 nolis
482 1635 632 1673 venisse
659 1635 782 1682 illum,
818 1635 924 1673 euius
950 1635 1145 1687 proprium
1172 1636 1222 1672 sit
1245 1635 1380 1671 vocari
1405 1633 1496 1672 Em-

169 1692 339 1738 manuel,
368 1693 473 1743 quasi
500 1705 575 1729 non
601 1693 675 1730 hoc
703 1693 752 1730 sit
773 1690 816 1730 ‘et
841 1691 935 1730 deus
961 1692 1180 1730 nobiscum:
1208 1692 1381 1730 invenies
1395 1690 1497 1743 apud

171 1750 373 1787 Hebraeos
411 1749 672 1795 Christianos,
712 1751 787 1787 imo
827 1757 873 1788 et
901 1749 1173 1796 Marcionitas,
1211 1748 1520 1791 Emmanuelem,

171 1808 383 1852 nominare,
413 1819 496 1844 cum
517 1807 650 1844 volunt
669 1805 802 1845 dicere
829 1807 1028 1844 nobiseum
1055 1806 1161 1853 deus,
1190 1807 1290 1844 sieut
1309 1799 1350 1856 et
1375 1807 1498 1844 omnis

172 1877 266 1915 gens
299 1878 451 1915 quoquo
491 1877 585 1902 sono
625 1863 785 1911 dixerit,
831 1863 1174 1916 nobiscumydeus,
1214 1856 1496 1902 Emmanuelem

171 1923 435 1972 pronuntiavit
470 1922 508 1959 in
547 1934 660 1960 sensu
697 1935 829 1961 sonum
869 1935 1106 1974 expungens.
1165 1920 1308 1971 Quodsi
1346 1921 1498 1959 Emma-

173 1979 262 2016 nuel
301 1978 499 2016 nobiscum
538 1978 633 2017 deus
671 1987 748 2026 est,
794 1979 887 2018 deus
925 1987 1051 2018 autem
1089 1979 1286 2017 nobiseum
1326 1978 1499 2016 Chri'stus

173 2043 250 2081 est,
296 2036 358 2086 qui
391 2036 504 2073 etiam
537 2037 575 2073 in
608 2036 719 2075 nobis
752 2043 828 2083 est,
869 2041 1075 2089 (quotquot
1105 2035 1275 2076 enim'in
1309 2036 1499 2074 Christum

173 2093 285 2130 tincti
312 2094 424 2139 estis,
453 2092 644 2132 Christum
670 2093 946 2144 induistis,)3-)
979 2102 1056 2133 tam
1087 2094 1265 2146 proprius
1297 2100 1356 2131 est
1388 2092 1500 2131 C'hri-

175 2158 254 2188 stus
291 2151 330 2187 in
367 2150 653 2200 significatione
692 2153 881 2198 nominis,
917 2151 1022 2204 quod
1059 2158 1120 2190 est
1155 2150 1353 2189 nobiseum
1391 2149 1499 2205 deus,

175 2208 286 2260 quam
322 2208 362 2244 in
400 2220 495 2245 sono
534 2209 714 2254 nominis,
755 2208 856 2259 quod
894 2216 953 2247 est
986 2209 1226 2248 Emmanuel.
1281 2207 1410 2259 Atque
1447 2208 1502 2245 ita

176 2271 346 2311 constat,
384 2265 534 2303 venisse
566 2266 642 2302 iam
674 2265 798 2312 illum,
837 2267 900 2316 qui
931 2265 1232 2317 praedicabatur
1261 2264 1499 2311 Emmanuel,

143 2366 147 2369 ,
176 2324 264 2374 quia
290 2320 391 2374 quod
417 2322 610 2373 signifieat
623 2321 859 2369 Emmanuel,
888 2324 1010 2370 venit,
1037 2322 1076 2361 id
1102 2331 1161 2362 est
1179 2323 1378 2361 nobiscum
1393 2321 1499 2360 deus.

294 2383 358 2421 13.
407 2378 543 2431 Aeque
577 2387 617 2418 et
648 2393 743 2418 sono
776 2381 967 2418 nominum
994 2380 1167 2428 duceris,
1207 2393 1290 2419 eum
1319 2381 1500 2418 virtutem

176 2437 355 2476 Damasci
381 2445 420 2475 et
445 2438 566 2489 spolia
599 2436 795 2476 Samariae
822 2445 861 2476 et
886 2451 1018 2489 regem
1042 2436 1290 2490 Assyriorum
1315 2437 1371 2476 sic
1397 2437 1502 2476 acci-

177 2496 253 2545 pis,
293 2495 399 2546 quasi
428 2495 656 2534 bellatorem
689 2494 922 2547 portendant
954 2495 1148 2534 Christumv
1178 2493 1386 2540 creatoris,
1425 2506 1502 2532 non

268 2620 307 2663 1)
332 2624 395 2654 ιω.
412 2625 444 2666 τ,
460 2625 514 2655 14.
535 2626 567 2665 8,
581 2626 611 2654 4.
707 2624 744 2664 2)
768 2624 891 2656 Matth.
906 2625 938 2664 1,
954 2624 1009 2654 23.
1108 2622 1145 2663 3)
1170 2621 1362 2662 catast-1.
