1604 2800
614 175 689 207 DE
721 176 921 208 ANlMA.
1332 177 1434 215 ⁸³5

216 267 291 315 49.
354 263 543 313 Infantes,
581 267 645 319 qui
676 281 751 306 non
783 274 919 320 putant
941 269 1152 316 somniare,
1191 282 1276 308 cum
1308 272 1436 310 omnia

103 321 254 363 animae
277 335 350 375 pro
374 322 489 362 modo
509 325 648 364 aetatis
667 333 936 377 expungantur
953 327 992 365 in
1010 327 1103 374 vita,
1129 325 1436 366 animadvertant

102 377 353 431 succussus¹)
385 387 426 420 et
454 388 566 420 nutus
596 389 637 421 et
659 382 897 422 renidentias
922 397 1055 423 eorum
1079 398 1151 437 per
1175 386 1360 437 quietem,
1392 392 1435 424 nt

102 450 154 477 ex
181 450 225 477 re
256 438 586 491 comprehendant
620 448 744 479 motus
779 442 929 480 animae
966 443 1188 481 somniantis
1217 443 1333 481 facile
1364 456 1435 495 per

102 496 231 534 carnis
259 497 506 536 teneritatem
537 510 739 550 erumpere
770 500 809 537 in
839 500 1095 551 superficiem.
1164 498 1242 539 Sed
1268 507 1309 539 et
1333 498 1435 552 quod

100 551 251 604 Libyca
286 566 382 605 gens
417 553 596 594 Atlantes
614 556 653 603 ²)
698 569 818 595 caeco
855 570 989 595 somno
1027 565 1180 597 noctem
1216 558 1433 609 transigere

100 608 292 658 dicuntur,
317 612 467 651 animae
494 613 623 665 utique
650 621 786 652 natura
805 621 970 653 taxatur.
1008 614 1131 654 Porro
1151 623 1217 654 aut
1229 614 1432 661 Herodoto

99 667 202 707 fama
225 670 385 708 mentita
411 677 482 715 est,
516 684 783 723 nonnunquam
808 672 847 710 in
871 671 1059 711 barbaros
1085 673 1336 719 calumniosa,
1368 678 1436 710 aut

99 738 239 777 magna
268 727 327 765 vis
357 726 544 766 eiusmodi
576 727 802 767 daemonum
834 730 871 767 in
902 730 969 767 illo
1008 730 1162 768 climate
1200 729 1431 768 dominatur.

99 779 144 821 Si
168 784 269 822 enim
295 791 335 822 et
357 782 593 823 Aristoteles
616 785 775 824 heroem
801 785 988 837 quendam
1015 785 1219 825 Sardiniae
1244 793 1354 824 notat
1376 787 1436 824 in-

99 839 307 879 cubatores
330 841 410 879 fani
434 842 492 879 sui
516 842 726 881 visionibus
750 843 982 893 privantem,
1014 844 1090 882 erit
1115 851 1156 882 et
1179 843 1253 882 boc
1278 845 1316 881 in
1343 842 1435 882 dae-

98 909 251 936 monum
287 896 508 936 libidinibus
545 905 620 936 tam
657 898 812 938 auferre
849 901 996 938 somnia
1034 914 1143 952 quam
1180 901 1351 948 inferre,
1394 907 1436 938 ut

27 960 39 966 “
97 952 270 994 Neronis
295 967 446 1008 quoque
471 957 548 994 seri
575 957 821 995 somniatoris
840 964 880 996 et
892 957 1151 996 Thrasimedis
1168 959 1318 1009 insigne
1344 956 1433 996 inde

96 1013 349 1065 processerit.
410 1012 491 1051 Sed
517 1020 557 1052 et
579 1027 603 1052 a
630 1013 703 1052 deo
730 1013 952 1052 deducimus
984 1016 1144 1053 somnia.
1212 1014 1311 1062 Quid
1336 1028 1433 1066 ergo

97 1081 172 1108 nec
196 1082 222 1108 a
245 1068 320 1107 deo
344 1067 524 1109 Atlantes
549 1071 797 1118 somniarent,
823 1071 884 1110 vel
910 1073 997 1123 quia
1022 1072 1125 1110 nulla
1149 1073 1222 1110 iam
1249 1085 1345 1122 gens
1369 1071 1434 1110 dei

98 1132 288 1165 extranea
318 1133 396 1173 est,
429 1128 468 1165 in
501 1141 650 1166 omnem
683 1135 824 1167 terram
849 1135 891 1166 et
915 1130 953 1166 iu
979 1130 1163 1167 terminos
1189 1129 1293 1167 orbis
1318 1141 1434 1168 evan-

98 1183 204 1235 gelio
230 1186 487 1222 coruscante?
543 1184 645 1223 Num
677 1198 772 1237 ergo
798 1192 865 1224 aut
887 1186 989 1224 fama
1014 1188 1174 1225 mentita
1198 1193 1258 1224 est
1280 1185 1434 1224 Aristo-

97 1240 179 1287 teli,
205 1248 272 1279 aut
296 1240 524 1280 daemonum
550 1241 674 1282 adbuc
694 1244 795 1282 ratio
816 1249 887 1287 est,
914 1242 1001 1282 dum
1020 1242 1122 1291 ne3)
1150 1244 1279 1296 aliqua
1297 1250 1435 1282 natura

99 1296 283 1338 credatur
306 1299 481 1337 immunis
506 1300 765 1338 somniorum?

213 1357 335 1405 50.⁴)
386 1354 489 1395 Satis
514 1355 562 1395 de
588 1357 746 1408 speculo
772 1359 920 1404 mortis,
953 1355 992 1395 id
1017 1364 1077 1396 est
1101 1355 1149 1396 de
1174 1370 1323 1405 somno,
1354 1364 1433 1396 tum

98 1414 215 1452 etiam
240 1412 288 1451 de
314 1414 483 1465 negotiis
506 1415 648 1460 somni,
680 1413 720 1453 id
745 1421 806 1453 est
829 1413 878 1453 de
903 1415 1080 1462 somniis3
1113 1427 1213 1453 nunc
1238 1413 1288 1452 ad
1313 1415 1434 1466 origi-

39 1479 43 1483 '
97 1483 186 1510 nem
221 1470 332 1511 buius
368 1483 569 1517 excessus,
607 1470 647 1509 id
676 1478 736 1510 est
765 1469 815 1510 ad
841 1470 1015 1510 ordinem
1045 1473 1199 1518 mortis,
1237 1472 1325 1523 quia
1360 1484 1433 1510 nec

96 1527 217 1580 ipsam
242 1528 326 1566 siue
352 1527 658 1579 quaestionibus,
691 1528 785 1567 licet
814 1528 927 1567 finem
958 1529 1123 1567 omnium
1155 1530 1433 1581 quaestionum.

97 1582 258 1624 Publica
294 1585 412 1624 totius
448 1586 606 1637 generis
647 1585 801 1624 humani
844 1587 1036 1625 sententia
1072 1592 1234 1624 mortem
1271 1593 1432 1625 naturae

97 1640 267 1682 debitum
280 1644 582 1695 pronuntiamus.
621 1642 705 1681 Hoc
726 1642 906 1694 stipulata
925 1650 986 1681 est
1005 1642 1069 1680 dei
1087 1644 1223 1692 vox,⁵)
1249 1642 1324 1680 boc
1342 1655 1433 1693 spo-

96 1698 234 1753 pondit
258 1712 371 1738 omne
396 1698 500 1751 quod
523 1700 706 1744 nascitur,
732 1706 773 1736 ut
798 1700 873 1737 iam
898 1699 988 1737 hinc
1013 1712 1090 1736 non
1114 1698 1273 1750 Epicuri
1299 1705 1434 1749 stupor

97 1754 356 1802 suffundatur,
393 1757 570 1806 negantis
601 1754 770 1793 debitum
801 1754 902 1794 istud
933 1754 983 1793 ad
1014 1768 1083 1793 nos
1108 1756 1325 1807 pertinere,
1362 1753 1432 1794 sed

96 1813 287 1852 haeretici
323 1813 444 1863 magis
461 1812 499 1860 6)
538 1810 741 1850 Menandri
772 1810 1002 1850 Samaritani
1037 1812 1147 1850 furor
1182 1818 1429 1864 conspuatur,

98 1869 264 1910 dicentis
294 1875 455 1907 mortem
487 1867 536 1907 ad
567 1882 656 1907 suos
686 1882 761 1907 non
793 1868 907 1907 modo
938 1882 1016 1908 non
1046 1870 1262 1921 pertinere,
1299 1882 1432 1910 vernn

98 1941 172 1967 nec
207 1928 426 1980 pervenire.
500 1926 542 1965 In
579 1926 654 1965 hoc
692 1926 845 1965 scilicet
881 1939 922 1965 se
954 1940 977 1965 a
1005 1940 1174 1979 superna
1210 1934 1252 1966 et
1287 1940 1432 1966 arcana

97 1991 292 2038 potestate
318 1984 498 2035 legatum,
524 1990 566 2021 ut
589 1984 823 2023 immortales
843 1991 883 2023 et
900 1984 1213 2036 incorruptibiles
1237 1991 1279 2023 et
1302 1986 1431 2023 statim

96 2043 402 2082 resurrectionis
428 2047 626 2093 compotes
657 2041 767 2089 fiant,
805 2043 869 2094 qui
898 2042 1086 2095 baptisma
1115 2043 1198 2081 eius
1222 2041 1430 2081 induerint.

97 2099 281 2152 Legimus
310 2098 462 2151 quidem
495 2099 678 2151 pleraque
709 2112 891 2151 aquarum
922 2113 1068 2151 genera
1099 2098 1284 2138 miranda.
1351 2098 1432 2137 Sed

97 2164 164 2196 aut
187 2156 363 2196 ebriosos
393 2154 525 2195 reddit
548 2155 827 2208 Lyncestarum
856 2171 956 2196 vena
978 2158 1131 2204 vinosa,
1163 2164 1229 2195 aut
1259 2156 1431 2207 lympha-

98 2215 197 2253 ticos
222 2213 340 2253 efficit
365 2213 602 2266 Colophonis
626 2215 825 2265 scaturigo
850 2213 1090 2260 daemonica,
1117 2220 1183 2252 aut
1204 2211 1429 2251 Alexandro

98 2270 244 2311 accidit
266 2270 461 2310 Nonacris
484 2270 681 2310 Arcadiae
704 2278 909 2310 venenata.
958 2271 1045 2310 Fuit
1067 2278 1109 2310 et
1133 2269 1297 2309 Iudaeae
1323 2269 1431 2307 lacus

193 2429 232 2475 1)
252 2431 327 2472 Rig.
344 2440 558 2465 secessus.
654 2433 691 2471 2)
715 2431 821 2463 Plinii
840 2431 922 2464 hist.
942 2433 1013 2462 nat.
1034 2434 1065 2470 5,
1085 2432 1117 2462 8.
1150 2430 1275 2462 Herod.
1295 2431 1327 2471 4,
1351 2431 1428 2463 184.

99 2477 138 2516 3)
161 2478 237 2518 mg.
263 2477 354 2508 dum
379 2487 428 2508 ne
453 2478 617 2509 animae
642 2479 694 2509 ιΙ.
719 2480 802 2511 nat.
898 2477 937 2520 4)
959 2478 1032 2508 Hoc
1047 2486 1122 2516 cap.
1136 2476 1173 2507 in
1186 2477 1291 2508 Rhea.
1306 2476 1429 2508 etGel.

99 2523 174 2554 edd.
198 2523 418 2555 inscribitur:
456 2525 515 2555 De
546 2524 696 2555 morti·
727 2524 767 2555 vi
797 2525 838 2555 et
863 2523 910 2554 de
933 2523 1165 2554 Menandro
1196 2522 1427 2554 haeretico.

100 2568 138 2608 5)
153 2573 237 2602 Gen.
251 2571 284 2611 2,
300 2571 355 2602 17.
452 2569 486 2610 6)
502 2571 554 2601 Ita
567 2570 640 2601 cod.
656 2570 792 2602 Wouw.
806 2571 840 2601 et
854 2569 945 2609 Rig.;
972 2569 1095 2600 ceterit
1122 2568 1242 2608 mogi.
