<?xml version="1.0" encoding="UTF-8"?>
<!DOCTYPE html PUBLIC "-//W3C//DTD XHTML 1.0 Transitional//EN"
    "http://www.w3.org/TR/xhtml1/DTD/xhtml1-transitional.dtd">
<html xmlns="http://www.w3.org/1999/xhtml" xml:lang="en" lang="en">
 <head>
  <title>
</title>
<meta http-equiv="Content-Type" content="text/html;charset=utf-8" />
  <meta name='ocr-system' content='tesseract 3.04.00' />
  <meta name='ocr-capabilities' content='ocr_page ocr_carea ocr_par ocr_line ocrx_word'/>
</head>
<body>
  <div class='ocr_page' id='page_1' title='image "./operatert34tertuoft_0166.png"; bbox 0 0 1566 2808; ppageno 0'>
   <div class='ocr_carea' id='block_1_1' title="bbox 97 170 1173 209">
    <p class='ocr_par' dir='ltr' id='par_1_1' title="bbox 97 170 1173 209">
     <span class='ocr_line' id='line_1_1' title="bbox 97 170 1173 209; baseline -0.005 -4"><span class='ocrx_word' id='word_1_1' title='bbox 97 171 200 209; x_wconf 71' lang='grc'>156</span> <span class='ocrx_word' id='word_1_2' title='bbox 342 172 468 206; x_wconf 83' lang='lat' dir='ltr'>ADV.</span> <span class='ocrx_word' id='word_1_3' title='bbox 504 170 870 202; x_wconf 81' lang='lat' dir='ltr'><strong>MARCIONEM</strong></span> <span class='ocrx_word' id='word_1_4' title='bbox 907 170 1084 200; x_wconf 84' lang='lat' dir='ltr'>LIBER</span> <span class='ocrx_word' id='word_1_5' title='bbox 1116 170 1173 200; x_wconf 89' lang='lat' dir='ltr'>1V.</span> 
     </span>
    </p>
   </div>
   <div class='ocr_carea' id='block_1_2' title="bbox 98 260 1516 2450">
    <p class='ocr_par' dir='ltr' id='par_1_2' title="bbox 98 260 1468 1178">
     <span class='ocr_line' id='line_1_2' title="bbox 99 260 1428 316; baseline -0.002 -12"><span class='ocrx_word' id='word_1_6' title='bbox 99 273 212 305; x_wconf 84' lang='lat' dir='ltr'>norat</span> <span class='ocrx_word' id='word_1_7' title='bbox 236 265 405 316; x_wconf 86' lang='lat' dir='ltr'>agnovit.</span> <span class='ocrx_word' id='word_1_8' title='bbox 468 263 566 302; x_wconf 88' lang='lat' dir='ltr'>Nam</span> <span class='ocrx_word' id='word_1_9' title='bbox 593 270 633 301; x_wconf 87' lang='lat' dir='ltr'>et</span> <span class='ocrx_word' id='word_1_10' title='bbox 657 262 884 314; x_wconf 86' lang='lat' dir='ltr'>prophetam</span> <span class='ocrx_word' id='word_1_11' title='bbox 909 263 1138 301; x_wconf 82' lang='lat' dir='ltr'><strong>meminerat</strong></span> <span class='ocrx_word' id='word_1_12' title='bbox 1162 262 1336 302; x_wconf 79' lang='lat' dir='ltr'>sanctum</span> <span class='ocrx_word' id='word_1_13' title='bbox 1355 260 1428 301; x_wconf 78' lang='lat' dir='ltr'>&#39;dei</span> 
     </span>
     <span class='ocr_line' id='line_1_3' title="bbox 98 319 1427 377; baseline -0.003 -15"><span class='ocrx_word' id='word_1_14' title='bbox 98 321 362 377; x_wconf 78' lang='lat' dir='ltr'>praedicasse,</span> <span class='ocrx_word' id='word_1_15' title='bbox 391 329 431 360; x_wconf 90' lang='lat' dir='ltr'>et</span> <span class='ocrx_word' id='word_1_16' title='bbox 456 321 580 360; x_wconf 86' lang='lat' dir='ltr'>Iesum</span> <span class='ocrx_word' id='word_1_17' title='bbox 607 322 747 359; x_wconf 86' lang='lat' dir='ltr'>nomen</span> <span class='ocrx_word' id='word_1_18' title='bbox 773 319 837 360; x_wconf 87' lang='lat' dir='ltr'>dei</span> <span class='ocrx_word' id='word_1_19' title='bbox 863 333 947 359; x_wconf 90' lang='lat' dir='ltr'>esse</span> <span class='ocrx_word' id='word_1_20' title='bbox 974 321 1012 359; x_wconf 93' lang='lat' dir='ltr'>in</span> <span class='ocrx_word' id='word_1_21' title='bbox 1039 320 1118 358; x_wconf 87' lang='lat' dir='ltr'>filio</span> <span class='ocrx_word' id='word_1_22' title='bbox 1145 319 1268 359; x_wconf 87' lang='lat' dir='ltr'>Nave.</span> <span class='ocrx_word' id='word_1_23' title='bbox 1320 319 1427 359; x_wconf 87' lang='lat' dir='ltr'>Haec</span> 
     </span>
     <span class='ocr_line' id='line_1_4' title="bbox 101 376 1427 430; baseline -0.002 -12"><span class='ocrx_word' id='word_1_24' title='bbox 101 388 141 419; x_wconf 86' lang='lat' dir='ltr'>et</span> <span class='ocrx_word' id='word_1_25' title='bbox 183 380 230 418; x_wconf 86' lang='lat' dir='ltr'>ah</span> <span class='ocrx_word' id='word_1_26' title='bbox 274 379 415 430; x_wconf 85' lang='lat' dir='ltr'>angelo</span> <span class='ocrx_word' id='word_1_27' title='bbox 454 385 667 430; x_wconf 79' lang='lat' dir='ltr'>exceperat</span> <span class='ocrx_word' id='word_1_28' title='bbox 704 376 911 416; x_wconf 89' lang='lat' dir='ltr'>secundum</span> <span class='ocrx_word' id='word_1_29' title='bbox 956 385 1127 416; x_wconf 85' lang='lat' dir='ltr'>nostrum</span> <span class='ocrx_word' id='word_1_30' title='bbox 1173 378 1427 429; x_wconf 78' lang='lat' dir='ltr'>evangelium.</span> 
     </span>
     <span class='ocr_line' id='line_1_5' title="bbox 101 435 1430 490; baseline -0.002 -14"><span class='ocrx_word' id='word_1_31' title='bbox 101 438 317 490; x_wconf 83' lang='lat' dir='ltr'>Propterea</span> <span class='ocrx_word' id='word_1_32' title='bbox 349 435 456 488; x_wconf 83' lang='lat' dir='ltr'>quod</span> <span class='ocrx_word' id='word_1_33' title='bbox 487 437 526 474; x_wconf 91' lang='lat' dir='ltr'>in</span> <span class='ocrx_word' id='word_1_34' title='bbox 557 443 595 474; x_wconf 91' lang='lat' dir='ltr'>te</span> <span class='ocrx_word' id='word_1_35' title='bbox 635 442 833 482; x_wconf 87' lang='lat' dir='ltr'>nascetur,</span> <span class='ocrx_word' id='word_1_36' title='bbox 871 435 1298 483; x_wconf 80' lang='lat' dir='ltr'>vocabitur&#39;sanctum,</span> <span class='ocrx_word' id='word_1_37' title='bbox 1331 435 1430 474; x_wconf 86' lang='lat' dir='ltr'>filius</span> 
     </span>
     <span class='ocr_line' id='line_1_6' title="bbox 102 491 1430 546; baseline -0.002 -12"><span class='ocrx_word' id='word_1_38' title='bbox 102 494 178 542; x_wconf 88' lang='lat' dir='ltr'>dei,</span> <span class='ocrx_word' id='word_1_39' title='bbox 207 495 418 534; x_wconf 88' lang='lat' dir='ltr'>etvocabis</span> <span class='ocrx_word' id='word_1_40' title='bbox 439 504 577 532; x_wconf 82' lang='lat' dir='ltr'>nomen</span> <span class='ocrx_word' id='word_1_41' title='bbox 599 494 680 545; x_wconf 87' lang='lat' dir='ltr'>eius</span> <span class='ocrx_word' id='word_1_42' title='bbox 701 493 824 532; x_wconf 90' lang='lat' dir='ltr'>Iesum</span> <span class='ocrx_word' id='word_1_43' title='bbox 839 493 890 542; x_wconf 84' lang='lat'>¹).</span> <span class='ocrx_word' id='word_1_44' title='bbox 943 491 1022 531; x_wconf 88' lang='lat' dir='ltr'>Sed</span> <span class='ocrx_word' id='word_1_45' title='bbox 1049 500 1089 531; x_wconf 83' lang='lat' dir='ltr'>et</span> <span class='ocrx_word' id='word_1_46' title='bbox 1107 492 1276 532; x_wconf 86' lang='lat' dir='ltr'>habebat</span> <span class='ocrx_word' id='word_1_47' title='bbox 1299 494 1430 546; x_wconf 82' lang='lat' dir='ltr'>utique</span> 
     </span>
     <span class='ocr_line' id='line_1_7' title="bbox 103 549 1432 605; baseline -0.001 -14"><span class='ocrx_word' id='word_1_48' title='bbox 103 565 255 591; x_wconf 90' lang='lat' dir='ltr'>sensum</span> <span class='ocrx_word' id='word_1_49' title='bbox 281 553 446 605; x_wconf 82' lang='lat' dir='ltr'>aliquem</span> <span class='ocrx_word' id='word_1_50' title='bbox 473 551 690 590; x_wconf 81' lang='lat' dir='ltr'>dominicae</span> <span class='ocrx_word' id='word_1_51' title='bbox 718 550 1005 602; x_wconf 79' lang='lat' dir='ltr'>dispositionis,</span> <span class='ocrx_word' id='word_1_52' title='bbox 1044 550 1138 589; x_wconf 88' lang='lat' dir='ltr'>lic&#39;et</span> <span class='ocrx_word' id='word_1_53' title='bbox 1163 549 1345 598; x_wconf 88' lang='lat' dir='ltr'>daemon,</span> <span class='ocrx_word' id='word_1_54' title='bbox 1372 556 1432 590; x_wconf 64' lang='lat' dir='ltr'>ta-</span> 
     </span>
     <span class='ocr_line' id='line_1_8' title="bbox 103 607 1434 662; baseline -0.002 -14"><span class='ocrx_word' id='word_1_55' title='bbox 103 623 190 648; x_wconf 89' lang='lat' dir='ltr'>men</span> <span class='ocrx_word' id='word_1_56' title='bbox 216 611 350 662; x_wconf 87' lang='lat' dir='ltr'>magis,</span> <span class='ocrx_word' id='word_1_57' title='bbox 379 623 489 662; x_wconf 92' lang='lat' dir='ltr'>quam</span> <span class='ocrx_word' id='word_1_58' title='bbox 510 609 661 648; x_wconf 90' lang='lat' dir='ltr'>alienae</span> <span class='ocrx_word' id='word_1_59' title='bbox 688 616 726 648; x_wconf 91' lang='lat' dir='ltr'>et</span> <span class='ocrx_word' id='word_1_60' title='bbox 749 607 914 647; x_wconf 87' lang='lat' dir='ltr'>nondum</span> <span class='ocrx_word' id='word_1_61' title='bbox 940 609 1033 647; x_wconf 84' lang='lat' dir='ltr'>satis</span> <span class='ocrx_word' id='word_1_62' title='bbox 1055 608 1255 659; x_wconf 77' lang='lat' dir='ltr'>&#39;cognitae3</span> <span class='ocrx_word' id='word_1_63' title='bbox 1282 615 1434 658; x_wconf 82' lang='lat' dir='ltr'>namet</span> 
     </span>
     <span class='ocr_line' id='line_1_9' title="bbox 103 665 1431 720; baseline -0.001 -14"><span class='ocrx_word' id='word_1_64' title='bbox 103 668 319 720; x_wconf 82' lang='lat' dir='ltr'>praemisit:</span> <span class='ocrx_word' id='word_1_65' title='bbox 349 667 438 719; x_wconf 93' lang='lat' dir='ltr'>quid</span> <span class='ocrx_word' id='word_1_66' title='bbox 465 667 575 706; x_wconf 90' lang='lat' dir='ltr'>nohis</span> <span class='ocrx_word' id='word_1_67' title='bbox 602 674 641 705; x_wconf 87' lang='lat' dir='ltr'>et</span> <span class='ocrx_word' id='word_1_68' title='bbox 667 667 760 705; x_wconf 80' lang='lat' dir='ltr'>tibi?</span> <span class='ocrx_word' id='word_1_69' title='bbox 785 680 860 704; x_wconf 93' lang='lat' dir='ltr'>non</span> <span class='ocrx_word' id='word_1_70' title='bbox 887 667 994 718; x_wconf 88' lang='lat' dir='ltr'>quasi</span> <span class='ocrx_word' id='word_1_71' title='bbox 1022 667 1057 704; x_wconf 90' lang='lat' dir='ltr'>in</span> <span class='ocrx_word' id='word_1_72' title='bbox 1085 673 1309 705; x_wconf 89' lang='lat' dir='ltr'>extraneum</span> <span class='ocrx_word' id='word_1_73' title='bbox 1331 665 1431 714; x_wconf 87' lang='lat' dir='ltr'>lesu,</span> 
     </span>
     <span class='ocr_line' id='line_1_10' title="bbox 105 723 1434 777; baseline -0.001 -14"><span class='ocrx_word' id='word_1_74' title='bbox 105 724 154 764; x_wconf 88' lang='lat' dir='ltr'>ad</span> <span class='ocrx_word' id='word_1_75' title='bbox 171 738 279 776; x_wconf 91' lang='lat' dir='ltr'>quem</span> <span class='ocrx_word' id='word_1_76' title='bbox 306 726 502 777; x_wconf 80' lang='lat' dir='ltr'>pertinent</span> <span class='ocrx_word' id='word_1_77' title='bbox 527 726 683 776; x_wconf 85' lang='lat' dir='ltr'>spiritus</span> <span class='ocrx_word' id='word_1_78' title='bbox 710 725 912 762; x_wconf 84' lang='lat' dir='ltr'>creatoris.</span> <span class='ocrx_word' id='word_1_79' title='bbox 962 723 1048 763; x_wconf 90' lang='lat' dir='ltr'>Nec</span> <span class='ocrx_word' id='word_1_80' title='bbox 1075 724 1174 762; x_wconf 90' lang='lat' dir='ltr'>enim</span> <span class='ocrx_word' id='word_1_81' title='bbox 1201 723 1316 762; x_wconf 85' lang='lat' dir='ltr'>dixit:</span> <span class='ocrx_word' id='word_1_82' title='bbox 1344 723 1434 776; x_wconf 90' lang='lat' dir='ltr'>quid</span> 
     </span>
     <span class='ocr_line' id='line_1_11' title="bbox 105 780 1436 833; baseline -0.001 -13"><span class='ocrx_word' id='word_1_83' title='bbox 105 783 176 824; x_wconf 87' lang='lat' dir='ltr'>tibi</span> <span class='ocrx_word' id='word_1_84' title='bbox 214 790 255 821; x_wconf 88' lang='lat' dir='ltr'>et</span> <span class='ocrx_word' id='word_1_85' title='bbox 291 782 420 829; x_wconf 87' lang='lat' dir='ltr'>nobis,</span> <span class='ocrx_word' id='word_1_86' title='bbox 459 780 546 820; x_wconf 85' lang='lat' dir='ltr'>sed:</span> <span class='ocrx_word' id='word_1_87' title='bbox 587 781 676 833; x_wconf 91' lang='lat' dir='ltr'>quid</span> <span class='ocrx_word' id='word_1_88' title='bbox 702 781 813 819; x_wconf 89' lang='lat' dir='ltr'>nobis</span> <span class='ocrx_word' id='word_1_89' title='bbox 852 788 891 819; x_wconf 87' lang='lat' dir='ltr'>et</span> <span class='ocrx_word' id='word_1_90' title='bbox 915 781 998 819; x_wconf 87' lang='lat' dir='ltr'>tibi.</span> <span class='ocrx_word' id='word_1_91' title='bbox 1058 780 1109 819; x_wconf 88' lang='lat' dir='ltr'>Se</span> <span class='ocrx_word' id='word_1_92' title='bbox 1149 780 1355 833; x_wconf 85' lang='lat' dir='ltr'>deplorans</span> <span class='ocrx_word' id='word_1_93' title='bbox 1395 788 1436 820; x_wconf 88' lang='lat' dir='ltr'>et</span> 
     </span>
     <span class='ocr_line' id='line_1_12' title="bbox 107 837 1435 891; baseline -0.002 -12"><span class='ocrx_word' id='word_1_94' title='bbox 107 841 203 879; x_wconf 85' lang='lat' dir='ltr'>sorti</span> <span class='ocrx_word' id='word_1_95' title='bbox 235 853 326 878; x_wconf 85' lang='lat' dir='ltr'>suae</span> <span class='ocrx_word' id='word_1_96' title='bbox 361 839 619 891; x_wconf 84' lang='lat' dir='ltr'>exprobrans,</span> <span class='ocrx_word' id='word_1_97' title='bbox 660 853 771 890; x_wconf 88' lang='lat' dir='ltr'>quam</span> <span class='ocrx_word' id='word_1_98' title='bbox 808 840 882 875; x_wconf 90' lang='lat' dir='ltr'>iam</span> <span class='ocrx_word' id='word_1_99' title='bbox 912 837 1068 884; x_wconf 87' lang='lat' dir='ltr'>videns,</span> <span class='ocrx_word' id='word_1_100' title='bbox 1108 838 1263 877; x_wconf 88' lang='lat' dir='ltr'>adiicit:</span> <span class='ocrx_word' id='word_1_101' title='bbox 1295 839 1435 878; x_wconf 84' lang='lat' dir='ltr'>venisti</span> 
     </span>
     <span class='ocr_line' id='line_1_13' title="bbox 106 894 1436 951; baseline -0.001 -15"><span class='ocrx_word' id='word_1_102' title='bbox 106 896 273 951; x_wconf 84' lang='lat' dir='ltr'>perdere</span> <span class='ocrx_word' id='word_1_103' title='bbox 312 911 397 935; x_wconf 91' lang='lat' dir='ltr'>nos.</span> <span class='ocrx_word' id='word_1_104' title='bbox 459 895 572 935; x_wconf 85' lang='lat' dir='ltr'>Adeo</span> <span class='ocrx_word' id='word_1_105' title='bbox 606 894 744 934; x_wconf 92' lang='lat' dir='ltr'>iudicis</span> <span class='ocrx_word' id='word_1_106' title='bbox 770 902 810 933; x_wconf 89' lang='lat' dir='ltr'>et</span> <span class='ocrx_word' id='word_1_107' title='bbox 836 895 983 942; x_wconf 91' lang='lat' dir='ltr'>ultoris,</span> <span class='ocrx_word' id='word_1_108' title='bbox 1034 902 1075 941; x_wconf 86' lang='lat' dir='ltr'>et</span> <span class='ocrx_word' id='word_1_109' title='bbox 1109 897 1241 934; x_wconf 75' lang='lat' dir='ltr'>utita</span> <span class='ocrx_word' id='word_1_110' title='bbox 1272 895 1436 935; x_wconf 84' lang='lat' dir='ltr'>dixerim</span> 
     </span>
     <span class='ocr_line' id='line_1_14' title="bbox 108 953 1437 1006; baseline 0 -12"><span class='ocrx_word' id='word_1_111' title='bbox 108 956 216 994; x_wconf 85' lang='lat' dir='ltr'>saevi</span> <span class='ocrx_word' id='word_1_112' title='bbox 242 954 304 993; x_wconf 89' lang='lat' dir='ltr'>dei</span> <span class='ocrx_word' id='word_1_113' title='bbox 333 955 449 993; x_wconf 90' lang='lat' dir='ltr'>filium</span> <span class='ocrx_word' id='word_1_114' title='bbox 475 960 689 1005; x_wconf 84' lang='lat' dir='ltr'>agnoverat</span> <span class='ocrx_word' id='word_1_115' title='bbox 713 953 851 999; x_wconf 89' lang='lat' dir='ltr'>Iesum,</span> <span class='ocrx_word' id='word_1_116' title='bbox 879 966 954 990; x_wconf 91' lang='lat' dir='ltr'>non</span> <span class='ocrx_word' id='word_1_117' title='bbox 982 954 1115 1004; x_wconf 85' lang='lat' dir='ltr'>optimi</span> <span class='ocrx_word' id='word_1_118' title='bbox 1141 954 1255 1001; x_wconf 89' lang='lat' dir='ltr'>illius,</span> <span class='ocrx_word' id='word_1_119' title='bbox 1283 961 1323 992; x_wconf 83' lang='lat' dir='ltr'>et</span> <span class='ocrx_word' id='word_1_120' title='bbox 1347 968 1437 1006; x_wconf 88' lang='lat' dir='ltr'>per-</span> 
     </span>
     <span class='ocr_line' id='line_1_15' title="bbox 109 1010 1438 1064; baseline 0.001 -14"><span class='ocrx_word' id='word_1_121' title='bbox 109 1012 203 1051; x_wconf 90' lang='lat' dir='ltr'>dere</span> <span class='ocrx_word' id='word_1_122' title='bbox 231 1020 270 1050; x_wconf 90' lang='lat' dir='ltr'>et</span> <span class='ocrx_word' id='word_1_123' title='bbox 301 1013 437 1063; x_wconf 90' lang='lat' dir='ltr'>punire</span> <span class='ocrx_word' id='word_1_124' title='bbox 469 1012 691 1050; x_wconf 87' lang='lat' dir='ltr'>nescientis.</span> <span class='ocrx_word' id='word_1_125' title='bbox 762 1010 949 1058; x_wconf 84' lang='lat' dir='ltr'>Quorsum</span> <span class='ocrx_word' id='word_1_126' title='bbox 981 1011 1081 1049; x_wconf 90' lang='lat' dir='ltr'>hunc</span> <span class='ocrx_word' id='word_1_127' title='bbox 1114 1012 1240 1050; x_wconf 89' lang='lat' dir='ltr'>locum</span> <span class='ocrx_word' id='word_1_128' title='bbox 1270 1013 1438 1064; x_wconf 83' lang='lat' dir='ltr'>praemi-</span> 
     </span>
     <span class='ocr_line' id='line_1_16' title="bbox 110 1068 1468 1121; baseline -0.001 -14"><span class='ocrx_word' id='word_1_129' title='bbox 110 1071 251 1108; x_wconf 83' lang='lat' dir='ltr'>simus?</span> <span class='ocrx_word' id='word_1_130' title='bbox 294 1069 345 1107; x_wconf 89' lang='lat' dir='ltr'>Ut</span> <span class='ocrx_word' id='word_1_131' title='bbox 370 1069 493 1107; x_wconf 91' lang='lat' dir='ltr'>Iesum</span> <span class='ocrx_word' id='word_1_132' title='bbox 520 1072 560 1108; x_wconf 85' lang='lat' dir='ltr'>et</span> <span class='ocrx_word' id='word_1_133' title='bbox 585 1082 608 1107; x_wconf 88' lang='lat' dir='ltr'>a</span> <span class='ocrx_word' id='word_1_134' title='bbox 634 1068 821 1107; x_wconf 88' lang='lat' dir='ltr'>daemone</span> <span class='ocrx_word' id='word_1_135' title='bbox 848 1082 925 1106; x_wconf 90' lang='lat' dir='ltr'>non</span> <span class='ocrx_word' id='word_1_136' title='bbox 951 1069 1064 1106; x_wconf 87' lang='lat' dir='ltr'>alium</span> <span class='ocrx_word' id='word_1_137' title='bbox 1091 1068 1300 1108; x_wconf 78' lang='lat' dir='ltr'>doceamus</span> <span class='ocrx_word' id='word_1_138' title='bbox 1326 1071 1438 1121; x_wconf 86' lang='lat' dir='ltr'>agni·</span> <span class='ocrx_word' id='word_1_139' title='bbox 1465 1103 1468 1106; x_wconf 83' lang='lat'><strong>.</strong></span> 
     </span>
     <span class='ocr_line' id='line_1_17' title="bbox 110 1126 1437 1178; baseline 0.001 -13"><span class='ocrx_word' id='word_1_140' title='bbox 110 1136 188 1166; x_wconf 75' lang='lat' dir='ltr'>tum</span> <span class='ocrx_word' id='word_1_141' title='bbox 204 1134 244 1165; x_wconf 87' lang='lat' dir='ltr'>et</span> <span class='ocrx_word' id='word_1_142' title='bbox 264 1139 287 1164; x_wconf 87' lang='lat' dir='ltr'>a</span> <span class='ocrx_word' id='word_1_143' title='bbox 312 1127 531 1178; x_wconf 88' lang='lat' dir='ltr'>semetipso</span> <span class='ocrx_word' id='word_1_144' title='bbox 558 1140 634 1164; x_wconf 91' lang='lat' dir='ltr'>non</span> <span class='ocrx_word' id='word_1_145' title='bbox 660 1126 774 1165; x_wconf 86' lang='lat' dir='ltr'>alium</span> <span class='ocrx_word' id='word_1_146' title='bbox 801 1126 1079 1175; x_wconf 82' lang='lat' dir='ltr'>confirmatum,</span> <span class='ocrx_word' id='word_1_147' title='bbox 1107 1139 1227 1178; x_wconf 87' lang='lat' dir='ltr'>quam</span> <span class='ocrx_word' id='word_1_148' title='bbox 1234 1129 1437 1167; x_wconf 77' lang='lat' dir='ltr'>creatoris.</span> 
     </span>
    </p>

    <p class='ocr_par' dir='ltr' id='par_1_3' title="bbox 109 1182 1516 2211">
     <span class='ocr_line' id='line_1_18' title="bbox 109 1182 1438 1251; baseline 0.001 -28"><span class='ocrx_word' id='word_1_149' title='bbox 109 1185 275 1251; x_wconf 84' lang='lat' dir='ltr'>Atquin,</span> <span class='ocrx_word' id='word_1_150' title='bbox 314 1184 459 1236; x_wconf 82' lang='lat' dir='ltr'>inquis,</span> <span class='ocrx_word' id='word_1_151' title='bbox 491 1185 685 1237; x_wconf 84' lang='lat' dir='ltr'>increpuit</span> <span class='ocrx_word' id='word_1_152' title='bbox 709 1182 813 1222; x_wconf 89' lang='lat' dir='ltr'>illum</span> <span class='ocrx_word' id='word_1_153' title='bbox 839 1182 964 1230; x_wconf 88' lang='lat' dir='ltr'>Iesus,</span> <span class='ocrx_word' id='word_1_154' title='bbox 991 1184 1104 1235; x_wconf 87' lang='lat' dir='ltr'>plane</span> <span class='ocrx_word' id='word_1_155' title='bbox 1131 1192 1172 1222; x_wconf 90' lang='lat' dir='ltr'>ut</span> <span class='ocrx_word' id='word_1_156' title='bbox 1196 1184 1438 1232; x_wconf 89' lang='lat' dir='ltr'>invidiosum,</span> 
     </span>
     <span class='ocr_line' id='line_1_19' title="bbox 113 1240 1440 1296; baseline 0.001 -15"><span class='ocrx_word' id='word_1_157' title='bbox 113 1250 153 1281; x_wconf 89' lang='lat' dir='ltr'>ct</span> <span class='ocrx_word' id='word_1_158' title='bbox 178 1243 216 1279; x_wconf 89' lang='lat' dir='ltr'>in</span> <span class='ocrx_word' id='word_1_159' title='bbox 243 1240 325 1293; x_wconf 86' lang='lat' dir='ltr'>ipsa</span> <span class='ocrx_word' id='word_1_160' title='bbox 353 1242 598 1281; x_wconf 85' lang='lat' dir='ltr'>confessione</span> <span class='ocrx_word' id='word_1_161' title='bbox 624 1242 860 1294; x_wconf 85' lang='lat' dir='ltr'>petulantem</span> <span class='ocrx_word' id='word_1_162' title='bbox 887 1248 927 1287; x_wconf 85' lang='lat' dir='ltr'>et</span> <span class='ocrx_word' id='word_1_163' title='bbox 951 1242 1049 1280; x_wconf 78' lang='lat' dir='ltr'>male</span> <span class='ocrx_word' id='word_1_164' title='bbox 1065 1240 1303 1291; x_wconf 84' lang='lat' dir='ltr'>adulantem,</span> <span class='ocrx_word' id='word_1_165' title='bbox 1333 1244 1440 1296; x_wconf 81' lang='lat' dir='ltr'>quasi</span> 
     </span>
     <span class='ocr_line' id='line_1_20' title="bbox 111 1273 1441 1351; baseline 0.001 -13"><span class='ocrx_word' id='word_1_166' title='bbox 111 1301 210 1338; x_wconf 88' lang='lat' dir='ltr'>haec</span> <span class='ocrx_word' id='word_1_167' title='bbox 238 1307 342 1338; x_wconf 87' lang='lat' dir='ltr'>essct</span> <span class='ocrx_word' id='word_1_168' title='bbox 367 1313 508 1338; x_wconf 86' lang='lat' dir='ltr'>summa</span> <span class='ocrx_word' id='word_1_169' title='bbox 535 1300 660 1351; x_wconf 73' lang='lat' dir='ltr'>gloxia</span> <span class='ocrx_word' id='word_1_170' title='bbox 688 1299 842 1346; x_wconf 80' lang='lat' dir='ltr'>Christi,</span> <span class='ocrx_word' id='word_1_171' title='bbox 870 1299 901 1338; x_wconf 92' lang='lat' dir='ltr'>si</span> <span class='ocrx_word' id='word_1_172' title='bbox 928 1292 974 1337; x_wconf 81' lang='lat' dir='ltr'>ad</span> <span class='ocrx_word' id='word_1_173' title='bbox 1002 1299 1263 1351; x_wconf 80' lang='lat' dir='ltr'>perditionem</span> <span class='ocrx_word' id='word_1_174' title='bbox 1284 1273 1441 1341; x_wconf 82' lang='lat' dir='ltr'>daemo-</span> 
     </span>
     <span class='ocr_line' id='line_1_21' title="bbox 114 1356 1440 1411; baseline 0.002 -16"><span class='ocrx_word' id='word_1_175' title='bbox 114 1371 200 1396; x_wconf 90' lang='lat' dir='ltr'>num</span> <span class='ocrx_word' id='word_1_176' title='bbox 227 1358 396 1395; x_wconf 78' lang='lat' dir='ltr'>venisset</span> <span class='ocrx_word' id='word_1_177' title='bbox 427 1365 467 1396; x_wconf 87' lang='lat' dir='ltr'>et</span> <span class='ocrx_word' id='word_1_178' title='bbox 498 1371 573 1395; x_wconf 93' lang='lat' dir='ltr'>non</span> <span class='ocrx_word' id='word_1_179' title='bbox 605 1358 733 1409; x_wconf 81' lang='lat' dir='ltr'>potius</span> <span class='ocrx_word' id='word_1_180' title='bbox 764 1356 811 1394; x_wconf 89' lang='lat' dir='ltr'>ad</span> <span class='ocrx_word' id='word_1_181' title='bbox 839 1357 1030 1396; x_wconf 90' lang='lat' dir='ltr'>hominum</span> <span class='ocrx_word' id='word_1_182' title='bbox 1064 1359 1244 1406; x_wconf 85' lang='lat' dir='ltr'>salutem,</span> <span class='ocrx_word' id='word_1_183' title='bbox 1279 1361 1340 1411; x_wconf 92' lang='lat' dir='ltr'>qui</span> <span class='ocrx_word' id='word_1_184' title='bbox 1367 1372 1440 1398; x_wconf 84' lang='lat' dir='ltr'>nec</span> 
     </span>
     <span class='ocr_line' id='line_1_22' title="bbox 115 1414 1442 1466; baseline 0.002 -13"><span class='ocrx_word' id='word_1_185' title='bbox 115 1414 326 1466; x_wconf 86' lang='lat' dir='ltr'>discipulos</span> <span class='ocrx_word' id='word_1_186' title='bbox 359 1414 406 1452; x_wconf 91' lang='lat' dir='ltr'>de</span> <span class='ocrx_word' id='word_1_187' title='bbox 433 1415 668 1453; x_wconf 86' lang='lat' dir='ltr'>subactione</span> <span class='ocrx_word' id='word_1_188' title='bbox 686 1415 903 1466; x_wconf 86' lang='lat' dir='ltr'>spirituum,</span> <span class='ocrx_word' id='word_1_189' title='bbox 938 1414 1007 1453; x_wconf 86' lang='lat' dir='ltr'>sed</span> <span class='ocrx_word' id='word_1_190' title='bbox 1039 1414 1086 1453; x_wconf 87' lang='lat' dir='ltr'>de</span> <span class='ocrx_word' id='word_1_191' title='bbox 1120 1415 1284 1454; x_wconf 86' lang='lat' dir='ltr'>candida</span> <span class='ocrx_word' id='word_1_192' title='bbox 1309 1414 1442 1458; x_wconf 77' lang='lat' dir='ltr'>salutis</span> 
     </span>
     <span class='ocr_line' id='line_1_23' title="bbox 116 1470 1443 1525; baseline 0.002 -15"><span class='ocrx_word' id='word_1_193' title='bbox 116 1473 276 1524; x_wconf 84' lang='lat' dir='ltr'>gloriari</span> <span class='ocrx_word' id='word_1_194' title='bbox 300 1471 457 1510; x_wconf 88' lang='lat' dir='ltr'>volebat</span> <span class='ocrx_word' id='word_1_195' title='bbox 469 1471 521 1525; x_wconf 74' lang='grc'>2).</span> <span class='ocrx_word' id='word_1_196' title='bbox 570 1470 650 1510; x_wconf 89' lang='lat' dir='ltr'>Aut</span> <span class='ocrx_word' id='word_1_197' title='bbox 676 1485 745 1510; x_wconf 91' lang='lat' dir='ltr'>cur</span> <span class='ocrx_word' id='word_1_198' title='bbox 770 1485 854 1510; x_wconf 87' lang='lat' dir='ltr'>eum</span> <span class='ocrx_word' id='word_1_199' title='bbox 882 1472 1098 1524; x_wconf 81' lang='lat' dir='ltr'>increpuit?</span> <span class='ocrx_word' id='word_1_200' title='bbox 1135 1472 1177 1511; x_wconf 89' lang='lat' dir='ltr'>Si</span> <span class='ocrx_word' id='word_1_201' title='bbox 1204 1475 1311 1525; x_wconf 87' lang='lat' dir='ltr'>quasi</span> <span class='ocrx_word' id='word_1_202' title='bbox 1336 1486 1443 1513; x_wconf 90' lang='lat' dir='ltr'>men-</span> 
     </span>
     <span class='ocr_line' id='line_1_24' title="bbox 116 1529 1444 1581; baseline 0.002 -13"><span class='ocrx_word' id='word_1_203' title='bbox 116 1531 225 1568; x_wconf 83' lang='lat' dir='ltr'>titum</span> <span class='ocrx_word' id='word_1_204' title='bbox 252 1530 290 1567; x_wconf 92' lang='lat' dir='ltr'>in</span> <span class='ocrx_word' id='word_1_205' title='bbox 316 1536 450 1576; x_wconf 89' lang='lat' dir='ltr'>totum,</span> <span class='ocrx_word' id='word_1_206' title='bbox 477 1543 573 1581; x_wconf 85' lang='lat' dir='ltr'>ergo</span> <span class='ocrx_word' id='word_1_207' title='bbox 601 1543 676 1567; x_wconf 92' lang='lat' dir='ltr'>non</span> <span class='ocrx_word' id='word_1_208' title='bbox 702 1529 775 1567; x_wconf 82' lang='lat' dir='ltr'>fuit</span> <span class='ocrx_word' id='word_1_209' title='bbox 801 1529 924 1576; x_wconf 84' lang='lat' dir='ltr'>lesus,</span> <span class='ocrx_word' id='word_1_210' title='bbox 953 1542 1026 1568; x_wconf 90' lang='lat' dir='ltr'>nec</span> <span class='ocrx_word' id='word_1_211' title='bbox 1053 1529 1116 1568; x_wconf 85' lang='lat' dir='ltr'>dei</span> <span class='ocrx_word' id='word_1_212' title='bbox 1140 1538 1295 1570; x_wconf 86' lang='lat' dir='ltr'>sanctus</span> <span class='ocrx_word' id='word_1_213' title='bbox 1322 1533 1444 1571; x_wconf 81' lang='lat' dir='ltr'>omni-</span> 
     </span>
     <span class='ocr_line' id='line_1_25' title="bbox 117 1586 1461 1644; baseline 0.001 -19"><span class='ocrx_word' id='word_1_214' title='bbox 117 1601 187 1635; x_wconf 78' lang='lat' dir='ltr'>n03</span> <span class='ocrx_word' id='word_1_215' title='bbox 227 1588 257 1625; x_wconf 88' lang='lat' dir='ltr'>si</span> <span class='ocrx_word' id='word_1_216' title='bbox 285 1588 391 1639; x_wconf 86' lang='lat' dir='ltr'>quasi</span> <span class='ocrx_word' id='word_1_217' title='bbox 418 1600 467 1625; x_wconf 87' lang='lat' dir='ltr'>ex</span> <span class='ocrx_word' id='word_1_218' title='bbox 503 1594 613 1639; x_wconf 78' lang='lat' dir='ltr'>palte</span> <span class='ocrx_word' id='word_1_219' title='bbox 640 1587 859 1634; x_wconf 79' lang='lat' dir='ltr'>mentitum,</span> <span class='ocrx_word' id='word_1_220' title='bbox 899 1586 1012 1638; x_wconf 90' lang='lat' dir='ltr'>quod</span> <span class='ocrx_word' id='word_1_221' title='bbox 1027 1601 1111 1628; x_wconf 80' lang='lat' dir='ltr'>eum</span> <span class='ocrx_word' id='word_1_222' title='bbox 1139 1588 1262 1627; x_wconf 86' lang='lat' dir='ltr'>Iesum</span> <span class='ocrx_word' id='word_1_223' title='bbox 1290 1588 1461 1644; x_wconf 79' lang='lat' dir='ltr'>quid&#39;em.</span> 
     </span>
     <span class='ocr_line' id='line_1_26' title="bbox 117 1642 1443 1693; baseline 0.002 -9"><span class='ocrx_word' id='word_1_224' title='bbox 117 1652 158 1684; x_wconf 83' lang='lat' dir='ltr'>et</span> <span class='ocrx_word' id='word_1_225' title='bbox 183 1652 354 1683; x_wconf 89' lang='lat' dir='ltr'>sanctum</span> <span class='ocrx_word' id='word_1_226' title='bbox 382 1644 463 1691; x_wconf 82' lang='lat' dir='ltr'>dei,</span> <span class='ocrx_word' id='word_1_227' title='bbox 492 1645 561 1684; x_wconf 86' lang='lat' dir='ltr'>sed</span> <span class='ocrx_word' id='word_1_228' title='bbox 587 1647 778 1684; x_wconf 88' lang='lat' dir='ltr'>creatoris</span> <span class='ocrx_word' id='word_1_229' title='bbox 804 1645 1082 1693; x_wconf 82' lang='lat' dir='ltr'>existimasset,</span> <span class='ocrx_word' id='word_1_230' title='bbox 1111 1642 1369 1690; x_wconf 85' lang='lat' dir='ltr'>iniustissime</span> <span class='ocrx_word' id='word_1_231' title='bbox 1385 1648 1443 1686; x_wconf 88' lang='lat' dir='ltr'>in-</span> 
     </span>
     <span class='ocr_line' id='line_1_27' title="bbox 119 1701 1459 1754; baseline 0.002 -13"><span class='ocrx_word' id='word_1_232' title='bbox 119 1703 270 1754; x_wconf 85' lang='lat' dir='ltr'>crepuit</span> <span class='ocrx_word' id='word_1_233' title='bbox 306 1703 380 1740; x_wconf 91' lang='lat' dir='ltr'>hoc</span> <span class='ocrx_word' id='word_1_234' title='bbox 419 1704 660 1750; x_wconf 85' lang='lat' dir='ltr'>sentientem,</span> <span class='ocrx_word' id='word_1_235' title='bbox 701 1702 800 1754; x_wconf 79' lang='lat' dir='ltr'>quod</span> <span class='ocrx_word' id='word_1_236' title='bbox 827 1701 977 1741; x_wconf 83' lang='lat' dir='ltr'>sciehat</span> <span class='ocrx_word' id='word_1_237' title='bbox 1008 1702 1266 1751; x_wconf 82' lang='lat' dir='ltr'>sentiendum,</span> <span class='ocrx_word' id='word_1_238' title='bbox 1305 1711 1354 1743; x_wconf 86' lang='lat' dir='ltr'>et</span> <span class='ocrx_word' id='word_1_239' title='bbox 1370 1704 1459 1744; x_wconf 86' lang='lat' dir='ltr'>hoc·</span> 
     </span>
     <span class='ocr_line' id='line_1_28' title="bbox 120 1760 1446 1813; baseline 0.002 -14"><span class='ocrx_word' id='word_1_240' title='bbox 120 1774 197 1800; x_wconf 89' lang='lat' dir='ltr'>non</span> <span class='ocrx_word' id='word_1_241' title='bbox 229 1760 509 1808; x_wconf 87' lang='lat' dir='ltr'>aestimantem,</span> <span class='ocrx_word' id='word_1_242' title='bbox 545 1760 644 1813; x_wconf 91' lang='lat' dir='ltr'>quod</span> <span class='ocrx_word' id='word_1_243' title='bbox 671 1760 879 1812; x_wconf 83' lang='lat' dir='ltr'>ignorabat</span> <span class='ocrx_word' id='word_1_244' title='bbox 909 1760 1206 1808; x_wconf 85' lang='lat' dir='ltr'>aestimandum,</span> <span class='ocrx_word' id='word_1_245' title='bbox 1239 1762 1372 1807; x_wconf 87' lang='lat' dir='ltr'>alium</span> <span class='ocrx_word' id='word_1_246' title='bbox 1385 1762 1446 1801; x_wconf 87' lang='lat' dir='ltr'>Ie-</span> 
     </span>
     <span class='ocr_line' id='line_1_29' title="bbox 119 1817 1447 1867; baseline 0.002 -10"><span class='ocrx_word' id='word_1_247' title='bbox 119 1832 199 1857; x_wconf 90' lang='lat' dir='ltr'>sum</span> <span class='ocrx_word' id='word_1_248' title='bbox 233 1824 272 1856; x_wconf 89' lang='lat' dir='ltr'>et</span> <span class='ocrx_word' id='word_1_249' title='bbox 304 1819 463 1857; x_wconf 88' lang='lat' dir='ltr'>alterius</span> <span class='ocrx_word' id='word_1_250' title='bbox 496 1818 560 1858; x_wconf 88' lang='lat' dir='ltr'>dei</span> <span class='ocrx_word' id='word_1_251' title='bbox 591 1826 780 1858; x_wconf 86' lang='lat' dir='ltr'>sanctum.</span> <span class='ocrx_word' id='word_1_252' title='bbox 845 1817 992 1867; x_wconf 84' lang='lat' dir='ltr'>Quodsi</span> <span class='ocrx_word' id='word_1_253' title='bbox 1022 1819 1331 1858; x_wconf 87' lang='lat' dir='ltr'>verisimiliorem</span> <span class='ocrx_word' id='word_1_254' title='bbox 1369 1827 1447 1859; x_wconf 81' lang='lat' dir='ltr'>sta-</span> 
     </span>
     <span class='ocr_line' id='line_1_30' title="bbox 119 1875 1446 1929; baseline 0.002 -16"><span class='ocrx_word' id='word_1_255' title='bbox 119 1883 198 1913; x_wconf 84' lang='lat' dir='ltr'>tum</span> <span class='ocrx_word' id='word_1_256' title='bbox 237 1889 312 1917; x_wconf 80' lang='lat' dir='ltr'>non</span> <span class='ocrx_word' id='word_1_257' title='bbox 350 1875 468 1914; x_wconf 88' lang='lat' dir='ltr'>habet</span> <span class='ocrx_word' id='word_1_258' title='bbox 498 1878 734 1929; x_wconf 87' lang='lat' dir='ltr'>increpatio,</span> <span class='ocrx_word' id='word_1_259' title='bbox 779 1877 851 1914; x_wconf 88' lang='lat' dir='ltr'>nisi</span> <span class='ocrx_word' id='word_1_260' title='bbox 878 1889 989 1928; x_wconf 90' lang='lat' dir='ltr'>quem</span> <span class='ocrx_word' id='word_1_261' title='bbox 1027 1890 1097 1915; x_wconf 85' lang='lat' dir='ltr'>nos</span> <span class='ocrx_word' id='word_1_262' title='bbox 1133 1877 1446 1929; x_wconf 83' lang='lat' dir='ltr'>interpretamur,</span> 
     </span>
     <span class='ocr_line' id='line_1_31' title="bbox 120 1931 1446 1983; baseline 0.002 -12"><span class='ocrx_word' id='word_1_263' title='bbox 120 1935 194 1971; x_wconf 90' lang='lat' dir='ltr'>iam</span> <span class='ocrx_word' id='word_1_264' title='bbox 220 1945 316 1983; x_wconf 86' lang='lat' dir='ltr'>ergo</span> <span class='ocrx_word' id='word_1_265' title='bbox 343 1941 383 1971; x_wconf 90' lang='lat' dir='ltr'>et</span> <span class='ocrx_word' id='word_1_266' title='bbox 409 1933 571 1972; x_wconf 89' lang='lat' dir='ltr'>daemon</span> <span class='ocrx_word' id='word_1_267' title='bbox 597 1935 691 1974; x_wconf 92' lang='lat' dir='ltr'>nihil</span> <span class='ocrx_word' id='word_1_268' title='bbox 715 1935 896 1973; x_wconf 87' lang='lat' dir='ltr'>mentitus</span> <span class='ocrx_word' id='word_1_269' title='bbox 923 1941 999 1982; x_wconf 89' lang='lat' dir='ltr'>est,</span> <span class='ocrx_word' id='word_1_270' title='bbox 1026 1948 1103 1973; x_wconf 90' lang='lat' dir='ltr'>non</span> <span class='ocrx_word' id='word_1_271' title='bbox 1130 1931 1177 1973; x_wconf 88' lang='lat' dir='ltr'>ob</span> <span class='ocrx_word' id='word_1_272' title='bbox 1205 1934 1446 1974; x_wconf 77' lang='lat' dir='ltr'>mendacium</span> 
     </span>
     <span class='ocr_line' id='line_1_32' title="bbox 121 1982 1448 2044; baseline 0.002 -15"><span class='ocrx_word' id='word_1_273' title='bbox 121 1991 348 2042; x_wconf 81' lang='lat' dir='ltr'>increpitus,</span> <span class='ocrx_word' id='word_1_274' title='bbox 375 1991 458 2042; x_wconf 88' lang='lat' dir='ltr'>ipse</span> <span class='ocrx_word' id='word_1_275' title='bbox 485 1993 585 2030; x_wconf 90' lang='lat' dir='ltr'>enim</span> <span class='ocrx_word' id='word_1_276' title='bbox 613 2000 698 2032; x_wconf 84' lang='lat' dir='ltr'>erat</span> <span class='ocrx_word' id='word_1_277' title='bbox 724 1992 849 2040; x_wconf 86' lang='lat' dir='ltr'>lesus,</span> <span class='ocrx_word' id='word_1_278' title='bbox 876 1996 1035 2044; x_wconf 77' lang='lat' dir='ltr'>praeter</span> <span class='ocrx_word' id='word_1_279' title='bbox 1066 2005 1177 2044; x_wconf 90' lang='lat' dir='ltr'>quem</span> <span class='ocrx_word' id='word_1_280' title='bbox 1199 1982 1322 2031; x_wconf 75' lang='lat' dir='ltr'>alium</span> <span class='ocrx_word' id='word_1_281' title='bbox 1355 1991 1448 2037; x_wconf 56' lang='lat' dir='ltr'>daea</span> 
     </span>
     <span class='ocr_line' id='line_1_33' title="bbox 121 2047 1495 2102; baseline 0.001 -14"><span class='ocrx_word' id='word_1_282' title='bbox 121 2061 235 2088; x_wconf 87' lang='lat' dir='ltr'>mon</span> <span class='ocrx_word' id='word_1_283' title='bbox 225 2050 444 2099; x_wconf 85' lang='lat' dir='ltr'>agnovisse</span> <span class='ocrx_word' id='word_1_284' title='bbox 455 2063 529 2087; x_wconf 90' lang='lat' dir='ltr'>non</span> <span class='ocrx_word' id='word_1_285' title='bbox 546 2057 714 2102; x_wconf 86' lang='lat' dir='ltr'>poterat,</span> <span class='ocrx_word' id='word_1_286' title='bbox 742 2058 784 2089; x_wconf 92' lang='lat' dir='ltr'>et</span> <span class='ocrx_word' id='word_1_287' title='bbox 809 2047 916 2090; x_wconf 80' lang='lat' dir='ltr'>lesus</span> <span class='ocrx_word' id='word_1_288' title='bbox 941 2063 1027 2089; x_wconf 92' lang='lat' dir='ltr'>eum</span> <span class='ocrx_word' id='word_1_289' title='bbox 1055 2049 1308 2097; x_wconf 84' lang='lat' dir='ltr'>confirmavit,</span> <span class='ocrx_word' id='word_1_290' title='bbox 1336 2063 1447 2102; x_wconf 88' lang='lat' dir='ltr'>quem</span> <span class='ocrx_word' id='word_1_291' title='bbox 1493 2074 1495 2076; x_wconf 89' lang='lat'><em>-</em></span> 
     </span>
     <span class='ocr_line' id='line_1_34' title="bbox 123 2106 1450 2160; baseline 0.003 -16.006"><span class='ocrx_word' id='word_1_292' title='bbox 123 2114 340 2158; x_wconf 84' lang='lat' dir='ltr'>agnoverat</span> <span class='ocrx_word' id='word_1_293' title='bbox 363 2106 546 2155; x_wconf 72' lang='lat' dir='ltr'>daemon,</span> <span class='ocrx_word' id='word_1_294' title='bbox 585 2107 672 2147; x_wconf 90' lang='lat' dir='ltr'>dum</span> <span class='ocrx_word' id='word_1_295' title='bbox 698 2122 775 2147; x_wconf 90' lang='lat' dir='ltr'>non</span> <span class='ocrx_word' id='word_1_296' title='bbox 808 2107 855 2147; x_wconf 87' lang='lat' dir='ltr'>oh</span> <span class='ocrx_word' id='word_1_297' title='bbox 888 2107 1128 2147; x_wconf 88' lang='lat' dir='ltr'>mendacium</span> <span class='ocrx_word' id='word_1_298' title='bbox 1155 2108 1332 2160; x_wconf 80' lang='lat' dir='ltr'>increpat</span> <span class='ocrx_word' id='word_1_299' title='bbox 1356 2107 1450 2149; x_wconf 84' lang='lat' dir='ltr'>dae·-</span> 
     </span>
     <span class='ocr_line' id='line_1_35' title="bbox 123 2178 1516 2211; baseline -0.001 -7"><span class='ocrx_word' id='word_1_300' title='bbox 123 2178 287 2204; x_wconf 90' lang='lat' dir='ltr'>mouem.</span> <span class='ocrx_word' id='word_1_301' title='bbox 1511 2207 1516 2211; x_wconf 26' lang='lat'><strong>⁴</strong></span> 
     </span>
    </p>

    <p class='ocr_par' dir='ltr' id='par_1_4' title="bbox 240 2219 1450 2279">
     <span class='ocr_line' id='line_1_36' title="bbox 240 2219 1450 2279; baseline -0.002 -15"><span class='ocrx_word' id='word_1_302' title='bbox 240 2227 279 2264; x_wconf 92' lang='lat'>8</span> <span class='ocrx_word' id='word_1_303' title='bbox 341 2221 566 2262; x_wconf 89' lang='lat' dir='ltr'>Nazaraeus</span> <span class='ocrx_word' id='word_1_304' title='bbox 602 2225 736 2262; x_wconf 86' lang='lat' dir='ltr'>vocari</span> <span class='ocrx_word' id='word_1_305' title='bbox 763 2223 937 2262; x_wconf 81' lang='lat' dir='ltr'>habebat</span> <span class='ocrx_word' id='word_1_306' title='bbox 967 2219 1176 2263; x_wconf 88' lang='lat' dir='ltr'>secundum</span> <span class='ocrx_word' id='word_1_307' title='bbox 1208 2224 1450 2279; x_wconf 76' lang='lat' dir='ltr'>prophetiam</span> 
     </span>
    </p>

    <p class='ocr_par' dir='ltr' id='par_1_5' title="bbox 125 2275 1450 2450">
     <span class='ocr_line' id='line_1_37' title="bbox 126 2275 1450 2334; baseline 0.001 -15"><span class='ocrx_word' id='word_1_308' title='bbox 126 2280 299 2320; x_wconf 88' lang='lat' dir='ltr'>Christus</span> <span class='ocrx_word' id='word_1_309' title='bbox 326 2282 531 2321; x_wconf 80' lang='lat' dir='ltr'>creatoris</span> <span class='ocrx_word' id='word_1_310' title='bbox 579 2280 687 2321; x_wconf 87' lang='lat' dir='ltr'>Unde</span> <span class='ocrx_word' id='word_1_311' title='bbox 715 2288 755 2321; x_wconf 87' lang='lat' dir='ltr'>et</span> <span class='ocrx_word' id='word_1_312' title='bbox 780 2283 862 2334; x_wconf 88' lang='lat' dir='ltr'>ipso</span> <span class='ocrx_word' id='word_1_313' title='bbox 889 2283 1041 2320; x_wconf 89' lang='lat' dir='ltr'>nomine</span> <span class='ocrx_word' id='word_1_314' title='bbox 1068 2295 1138 2320; x_wconf 91' lang='lat' dir='ltr'>nos</span> <span class='ocrx_word' id='word_1_315' title='bbox 1162 2281 1296 2321; x_wconf 81' lang='lat' dir='ltr'>Iudae-i</span> <span class='ocrx_word' id='word_1_316' title='bbox 1320 2275 1450 2322; x_wconf 78' lang='lat' dir='ltr'>Naza-</span> 
     </span>
     <span class='ocr_line' id='line_1_38' title="bbox 125 2339 1450 2392; baseline 0.002 -16"><span class='ocrx_word' id='word_1_317' title='bbox 125 2352 240 2377; x_wconf 89' lang='lat' dir='ltr'>renos</span> <span class='ocrx_word' id='word_1_318' title='bbox 254 2340 291 2388; x_wconf 82' lang='lat'>3)</span> <span class='ocrx_word' id='word_1_319' title='bbox 331 2339 527 2391; x_wconf 88' lang='lat' dir='ltr'>appellant</span> <span class='ocrx_word' id='word_1_320' title='bbox 562 2352 634 2392; x_wconf 85' lang='lat' dir='ltr'>per</span> <span class='ocrx_word' id='word_1_321' title='bbox 671 2353 770 2378; x_wconf 88' lang='lat' dir='ltr'>eum.</span> <span class='ocrx_word' id='word_1_322' title='bbox 832 2339 931 2378; x_wconf 90' lang='lat' dir='ltr'>Nam</span> <span class='ocrx_word' id='word_1_323' title='bbox 969 2347 1009 2378; x_wconf 88' lang='lat' dir='ltr'>et</span> <span class='ocrx_word' id='word_1_324' title='bbox 1035 2353 1189 2387; x_wconf 87' lang='lat' dir='ltr'>sumus,</span> <span class='ocrx_word' id='word_1_325' title='bbox 1229 2339 1286 2378; x_wconf 88' lang='lat' dir='ltr'>de·</span> <span class='ocrx_word' id='word_1_326' title='bbox 1315 2339 1450 2392; x_wconf 83' lang='lat' dir='ltr'>quibus</span> 
     </span>
     <span class='ocr_line' id='line_1_39' title="bbox 127 2396 1449 2450; baseline 0.002 -16"><span class='ocrx_word' id='word_1_327' title='bbox 127 2398 308 2448; x_wconf 88' lang='lat' dir='ltr'>scriptum</span> <span class='ocrx_word' id='word_1_328' title='bbox 343 2403 420 2438; x_wconf 86' lang='lat' dir='ltr'>est:</span> <span class='ocrx_word' id='word_1_329' title='bbox 457 2396 651 2436; x_wconf 79' lang='lat' dir='ltr'>Nazaraei</span> <span class='ocrx_word' id='word_1_330' title='bbox 683 2397 852 2436; x_wconf 86' lang='lat' dir='ltr'>exalbati</span> <span class='ocrx_word' id='word_1_331' title='bbox 883 2405 971 2437; x_wconf 89' lang='lat' dir='ltr'>sunt</span> <span class='ocrx_word' id='word_1_332' title='bbox 1006 2410 1123 2450; x_wconf 80' lang='lat' dir='ltr'>super</span> <span class='ocrx_word' id='word_1_333' title='bbox 1153 2398 1348 2446; x_wconf 44' lang='lat' dir='ltr'>nivemss),</span> <span class='ocrx_word' id='word_1_334' title='bbox 1387 2398 1449 2449; x_wconf 89' lang='lat' dir='ltr'>qui</span> 
     </span>
    </p>
   </div>
   <div class='ocr_carea' id='block_1_3' title="bbox 128 2515 1450 2623">
    <p class='ocr_par' dir='ltr' id='par_1_6' title="bbox 128 2515 1450 2623">
     <span class='ocr_line' id='line_1_40' title="bbox 223 2515 1450 2580; baseline 0.001 -14"><span class='ocrx_word' id='word_1_335' title='bbox 223 2536 256 2575; x_wconf 80' lang='grc' dir='ltr'>ι)</span> <span class='ocrx_word' id='word_1_336' title='bbox 282 2529 365 2567; x_wconf 71' lang='lat' dir='ltr'>Luc.</span> <span class='ocrx_word' id='word_1_337' title='bbox 380 2539 411 2577; x_wconf 87' lang='lat'>1,</span> <span class='ocrx_word' id='word_1_338' title='bbox 429 2539 481 2568; x_wconf 86' lang='lat'>35.</span> <span class='ocrx_word' id='word_1_339' title='bbox 512 2538 634 2569; x_wconf 78' lang='lat' dir='ltr'>Matth.</span> <span class='ocrx_word' id='word_1_340' title='bbox 651 2539 681 2575; x_wconf 87' lang='lat'>1,</span> <span class='ocrx_word' id='word_1_341' title='bbox 699 2538 753 2568; x_wconf 84' lang='lat'>21.</span> <span class='ocrx_word' id='word_1_342' title='bbox 839 2536 874 2576; x_wconf 86' lang='lat'>2)</span> <span class='ocrx_word' id='word_1_343' title='bbox 903 2539 985 2568; x_wconf 75' lang='lat' dir='ltr'>Luc.</span> <span class='ocrx_word' id='word_1_344' title='bbox 1002 2539 1055 2578; x_wconf 86' lang='lat'>10,</span> <span class='ocrx_word' id='word_1_345' title='bbox 1072 2538 1126 2569; x_wconf 84' lang='lat'>20.</span> <span class='ocrx_word' id='word_1_346' title='bbox 1210 2515 1348 2580; x_wconf 43' lang='lat' dir='ltr'>ayma.</span> <span class='ocrx_word' id='word_1_347' title='bbox 1375 2536 1450 2567; x_wconf 77' lang='lat' dir='ltr'>Na-</span> 
     </span>
     <span class='ocr_line' id='line_1_41' title="bbox 128 2583 1353 2623; baseline 0.008 -12"><span class='ocrx_word' id='word_1_348' title='bbox 128 2590 323 2612; x_wconf 84' lang='lat' dir='ltr'>zaraeos.</span> <span class='ocrx_word' id='word_1_349' title='bbox 419 2583 456 2623; x_wconf 80' lang='lat'>4)</span> <span class='ocrx_word' id='word_1_350' title='bbox 482 2584 717 2623; x_wconf 76' lang='lat' dir='ltr'>Thren.4,7.-</span> <span class='ocrx_word' id='word_1_351' title='bbox 1351 2592 1353 2594; x_wconf 83' lang='lat'>&#39;</span> 
     </span>
    </p>
   </div>
  </div>
 </body>
</html>
