1604 2800
515 188 590 220 DE
626 189 824 220 CARNE
859 190 1110 220 CHRISTI.
1414 189 1474 226 τι

147 279 368 326 tentandum
406 286 635 332 putaverunt
671 282 708 319 in
746 281 839 320 illo?
886 282 1016 332 utique
1055 288 1217 320 natusne
1254 288 1376 329 esset,
1427 296 1473 322 an

143 340 248 376 non?
308 335 350 376 Si
386 338 486 376 enim
517 337 591 376 hoe
625 340 781 389 negavit
812 340 1013 390 responsio
1052 339 1163 385 eius‚·
1191 339 1266 379 hoc
1305 342 1476 392 captavit

146 396 334 434 nuntiatio
373 397 590 434 tentatoris,
652 394 731 434 Sed
764 396 866 434 nulla
897 397 1060 434 tentatio
1093 395 1256 436 tendens
1288 396 1336 435 ad
1367 399 1475 449 agni-

146 454 290 491 tionem
316 453 418 499 eius,
456 451 504 492 de
530 466 605 505 quo
633 452 842 492 dubitando
869 460 1011 499 tentat,
1050 454 1104 493 ita
1128 454 1255 492 subito
1281 455 1474 506 procedit,

146 518 187 549 ut
212 524 288 549 non
314 517 403 549 ante
429 509 641 562 praecedat
662 513 850 563 quaestio,
877 525 974 563 quae
1001 510 1278 551 dubitationem
1306 513 1476 554 inferens

149 575 268 619 cogat
294 569 561 607 tentationem.
623 567 747 607 Porro
780 570 812 607 si
844 582 1026 621 nusquam
1059 568 1108 608 de
1134 571 1336 609 nativitate
1363 570 1477 610 Chri—

145 626 194 664 sti
226 626 434 664 volutatum
466 633 544 672 est,
585 625 674 678 qnid
707 634 745 664 tu
776 628 1058 678 argumentaris
1089 627 1256 665 voluisse
1288 628 1376 666 illos
1407 642 1477 680 per

146 684 400 721 tentationem
427 684 632 730 sciscitari,
660 684 762 736 quod
788 698 976 736 nunquam
1003 684 1269 736 produxerunt
1294 686 1333 723 in
1360 699 1478 737 quae-

146 741 337 779 stionem?
396 739 453 788 Eo
480 740 681 780 adiicimus
707 743 843 787 etiam,
882 743 913 780 si
945 741 1150 780 tentandus
1174 748 1280 780 esset
1304 741 1352 780 de
1379 745 1477 781 nati-

145 799 285 843 vitate,
312 811 388 835 non
414 799 544 849 utique
572 798 644 836 hoc
671 798 785 836 modo
814 806 1041 845 tentaretur,
1068 812 1200 837 earum
1226 811 1476 850 personarum

145 853 451 900 adnuntiatione,
479 868 576 906 quae
604 862 783 906 poterant
808 856 922 894 etiam
950 863 1041 894 nato
1062 855 1216 910 Christo
1243 869 1319 895 non
1344 857 1475 896 fuisse.

147 912 288 952 Omnes
313 913 524 959 nascimur,
557 919 598 951 et
622 920 750 951 tamen
775 926 853 951 non
879 926 1011 952 omnes
1035 920 1102 952 aut
1126 914 1268 955 fratres
1294 915 1477 954 habemus

146 977 213 1009 aut
237 977 412 1022 matrem.
473 968 612 1008 Adhuc
639 978 768 1022 potest
793 978 833 1009 et
858 978 1004 1022 patrem
1037 971 1159 1022 magis
1190 971 1334 1010 habere
1368 987 1476 1024 quam

147 1035 321 1074 matrem,
348 1034 389 1066 et
413 1028 621 1066 avunculos
647 1029 768 1079 magis
793 1041 903 1079 quam
930 1029 1083 1066 fratres.
1131 1027 1245 1066 Adeo
1271 1043 1346 1067 non
1373 1043 1477 1068 com-

146 1086 244 1138 petit
269 1086 431 1124 tentatio
458 1086 679 1131 nativitatis,
706 1099 816 1136 quam
843 1085 988 1123 licebat
1011 1093 1051 1123 et
1075 1086 1315 1124 sine'matris
1336 1094 1375 1125 et
1395 1088 1476 1125 sine

146 1143 308 1183 fratrum
334 1143 596 1180 nominatione
623 1150 816 1181 constare.
879 1142 1045 1181 Facilius
1071 1143 1182 1194 plane
1208 1150 1286 1189 est,
1325 1151 1365 1182 ut
1391 1157 1477 1183 cer-

147 1201 198 1246 ti,
235 1199 340 1238 illum
379 1206 418 1237 et
449 1206 607 1237 matrem
640 1207 680 1237 et
705 1201 845 1239 fratres
871 1199 1035 1245 habere,
1075 1198 1313 1242 divinitatem
1350 1202 1477 1252 potius

147 1257 383 1296 tentaverint
415 1257 515 1303 eius,
555 1269 664 1307 quam
697 1258 952 1303 nativitatem,
992 1271 1040 1295 an
1072 1258 1173 1295 intus
1194 1271 1319 1309 *agens
1344 1260 1474 1304 sciret,

149 1313 240 1367 quid
263 1315 360 1352 foris
384 1321 501 1360 esset,
528 1313 731 1353 mendacio
757 1316 898 1366 petitus
924 1315 1214 1366 praesentiae1)
1241 1329 1386 1362 eorum,
1415 1318 1477 1368 qui

116 1410 121 1414 ,
148 1373 187 1411 in
215 1372 410 1424 praesenti
435 1385 511 1409 non
537 1379 667 1418 erant,
706 1373 778 1410 nisi
804 1371 904 1424 quod
931 1374 987 1411 sic
1013 1373 1229 1414 vacavisset
1254 1375 1478 1412 tentationis

148 1430 357 1482 ingenium.
418 1428 579 1467 Poterat
611 1430 710 1467 enim
743 1430 920 1475 evenire,
940 1431 977 1476 2)
1006 1437 1065 1475 ut,
1103 1442 1199 1480 quos
1236 1430 1290 1468 illi
1327 1432 1478 1469 nuntia-

147 1487 241 1533 bant
265 1487 361 1525 foris
392 1493 515 1532 stare,
555 1487 619 1525 ille
645 1499 714 1525 eos
739 1487 860 1526 sciret
885 1486 1067 1526 absentes
1092 1500 1177 1525 esse
1204 1487 1265 1526 vel
1290 1487 1479 1527 valetudi-

149 1544 208 1583 nis
243 1544 305 1583 vel
336 1545 485 1595 negotii
523 1545 584 1582 vel
622 1545 950 1596 peregrinationis
987 1552 1079 1582 nota
1116 1546 1190 1587 iam
1228 1548 1476 1585 necessitate.

148 1601 274 1642 Nemo
300 1593 425 1647 tentat
448 1614 496 1640 eo
523 1599 656 1648 modo,
696 1616 769 1654 quo
803 1615 916 1654 posse
948 1615 989 1640 se
1020 1603 1119 1640 sciat
1148 1602 1329 1643 ruborem
1355 1611 1479 1642 tenta-

106 1675 110 1678 ’
151 1660 269 1699 tionis
291 1660 457 1700 referre.
509 1658 626 1697 Nulla
651 1660 770 1709 igitur
795 1660 957 1698 materia
983 1660 1207 1697 tentationis
1234 1669 1477 1712 competente

151 1717 342 1756 liberatur
376 1717 602 1767 simplicitas
639 1717 889 1762 nuntiatoris,
929 1715 1030 1767 quod
1060 1728 1152 1754 vere
1184 1724 1307 1755 mater
1337 1726 1378 1756 et
1401 1719 1479 1756 fra-

149 1782 230 1813 tres
256 1775 339 1812 eins
363 1773 688 1824 supervenissent.
751 1771 831 1810 Sed
857 1785 954 1825 quae
979 1773 1080 1810 ratio
1111 1775 1287 1823 responsi
1319 1782 1477 1814 matrem

152 1838 193 1870 et
217 1831 360 1868 fratres
384 1828 433 1867 ad
459 1842 644 1880 praesens
669 1830 859 1879 negantis,
887 1826 1011 1867 discat
1036 1830 1150 1867 etiam
1175 1828 1349 1881 Apelles.
1387 1831 1479 1871 Fra·

154 1896 233 1929 tres
251 1886 405 1927 domini
429 1899 505 1924 non
532 1885 781 1924 crediderant
806 1886 844 1924 in
870 1886 1033 1933 illum,³)
1058 1887 1159 1925 sieut
1182 1894 1222 1925 et
1248 1889 1285 1925 in
1311 1902 1479 1941 evange-

154 1946 206 1985 lio
243 1951 333 1984 ante
369 1943 609 1983 Marcionem
648 1942 753 1981 edito
792 1944 1024 1982 continetur.
1084 1943 1213 1983 Mater
1242 1959 1366 1998 aeque
1403 1961 1478 1986 nou

153 2002 439 2043 demonstratur
468 2000 690 2040 adhaesisse
717 2001 791 2049 illi,
830 2014 914 2040 eum
941 2001 1116 2040 Marthae
1142 2009 1183 2040 et
1204 2002 1353 2044 Mariae
1379 2005 1479 2043 aliae

153 2062 192 2099 in
230 2060 464 2100 commercio
502 2060 584 2098 eius
621 2058 929 2110 frequententur.
992 2058 1075 2098 Hoc
1112 2058 1277 2112 denique
1315 2063 1352 2100 in
1391 2063 1479 2101 loco

155 2125 318 2170 apparet
359 2115 609 2156 incredulitas
646 2129 798 2164 eorum3
837 2129 921 2155 cnm
957 2117 991 2156 is
1027 2115 1191 2156 doceret
1225 2120 1323 2158 viam
1363 2121 1478 2166 vitae,

156 2188 240 2213 cum
266 2173 329 2213 dei
354 2188 513 2226 regnum
540 2172 799 2226 praedicaret,
826 2187 910 2213 cnm
936 2174 1183 2226 languoribus
1209 2183 1249 2215 et
1274 2178 1374 2216 vitiis
1399 2190 1480 2216 me-

248 2360 285 2398 1)
310 2358 687 2397 Rhen.ed.1.potins
713 2360 994 2398 pne-entiae
1017 2369 1175 2390 eorum.
1225 2349 1480 2399 Rigsspetitus

157 2414 294 2445 praes.
319 2405 605 2436 adnuntiatae
636 2414 797 2446 eorum,
834 2406 903 2444 qui
936 2406 975 2436 in
1007 2405 1258 2445 praesentia
1282 2407 1347 2435 etc.
1441 2406 1480 2439 2)

157 2453 209 2482 lta
221 2451 425 2491 eod.Agob.‚
451 2450 622 2488 niniquod
636 2460 712 2481 cum
726 2450 804 2481 aliis
818 2450 974 2484 exhibet:
1002 2451 1238 2489 vacuisset3
1263 2450 1371 2485 Rben.
1387 2451 1480 2484 ed.1.

157 2497 193 2527 in
223 2497 393 2538 margine:
431 2496 693 2536 vacavisset,
731 2496 910 2528 Gelenius:
948 2497 1174 2528 valui-aet.
1233 2496 1319 2528 Edd.
1345 2506 1479 2529 omnes:

156 2542 242 2573 nini
279 2543 404 2582 quod,
443 2543 525 2573 etsi
562 2543 784 2574 vacuisset
819 2545 923 2574 tent.
959 2543 1056 2583 ing.,
1092 2545 1266 2582 poterat
1302 2545 1480 2576 evenire

157 2592 223 2619 etc.
319 2590 355 2628 3)
383 2591 428 2619 ιο.
444 2590 474 2626 τ,
492 2591 520 2618 5.
