1566 2808
122 231 220 270 132
376 232 502 265 ADv.
538 231 899 270 MARcmNEM
936 231 1112 262 ωΒΕΒ
1143 232 1200 263 111.

125 335 185 367 est
218 338 393 379 quassam
426 323 654 363 Iudaeorum
688 322 822 372 fidem,
858 338 936 362 non
971 324 1212 371 comminuit,
1247 323 1310 376 qui
1335 323 1451 361 linum

126 384 286 431 ardens,
325 382 364 421 id
402 390 462 421 est
499 389 808 420 momentaneum
846 381 1025 420 ardorem
1052 383 1242 433 gentium,
1283 393 1359 419 non
1386 393 1454 420 ex-

126 442 329 490 stinxit1):
363 454 439 478 non
471 447 602 491 potest
633 440 730 478 alius
765 453 869 486 esse,
905 453 1014 491 quam
1050 441 1111 491 qui
1137 437 1452 491 praedicebatur.

128 500 293 551 Oportet
331 505 457 536 actum
491 498 573 536 eius
605 496 654 535 ad
687 498 963 548 scripturarum
997 497 1169 548 regulam
1202 495 1454 547 recognosci,

127 557 285 608 duplici,
314 556 387 592 nisi
409 555 537 601 fallor,
566 556 795 606 operatione
823 554 1057 600 distinctum,
1085 552 1390 606 praedicationis
1417 558 1457 602 et

126 615 290 653 virtutis.
343 611 422 650 Sed
454 610 502 650 de
535 619 698 664 utroque
727 612 835 650 titulo
863 612 918 650 sic
946 611 1163 663 disponam,
1190 617 1251 657 ut,
1279 606 1458 664 quoniam

127 675 248 724 ipsum
275 683 426 722 quoque
446 670 658 708 Marcionis
685 670 924 721 evangelium
953 668 1091 707 discuti
1111 669 1269 720 placuit,
1297 667 1345 706 de
1372 680 1460 719 spe·-

130 730 262 768 ciebus
288 728 550 767 doctrinarum
578 736 618 766 et
643 728 839 778 signorum
873 728 963 765 illuc
991 726 1233 772 differamus,
1274 726 1381 777 quasi
1420 725 1458 763 in

129 800 211 826 rem
237 792 494 838 praesentem.
547 785 618 823 Hic
658 792 783 823 autem
826 785 1064 835 generaliter
1101 784 1364 836 exPungamus
1397 795 1460 820 or-

131 845 258 883 dinem
286 850 478 895 cocptum,
507 841 694 880 docentes
721 842 1032 894 praedicatorem
1060 842 1213 879 interim
1241 839 1460 878 adnuntiari

132 903 323 941 Christum
351 914 422 953 per
447 900 618 938 Esaiam:
647 900 729 951 quis
755 901 868 946 enim,
897 900 1030 950 inquit,
1058 900 1096 936 in
1111 898 1240 944 vobis,
1269 897 1331 949 qui
1348 895 1459 935 deum

131 961 268 998 metuit
305 966 345 997 et
370 957 553 997 exaudiet
577 970 712 995 vocem
739 957 806 994 filii
833 958 914 995 eius
929 958 995 1005 2)?
1033 957 1123 996 item
1162 954 1460 1004 medicatoreme

132 1019 214 1069 ipse
243 1017 357 1062 enim,
385 1016 518 1067 inquit,
547 1014 833 1053 imbecillitates
859 1021 1010 1053 nostras
1038 1014 1206 1060 abstulit,
1236 1019 1277 1051 et
1301 1013 1463 1064 languo-

133 1088 197 1113 res
223 1074 459 1125 portavitss).
1208 1071 1211 1075 ’

253 1135 318 1172 18.
370 1130 426 1168 De
454 1132 559 1169 exitu
585 1131 711 1182 plane,
739 1138 851 1182 puto,
880 1130 1143 1168 diversitatem
1171 1129 1330 1167 tentatis
1350 1125 1465 1165 indu-

137 1201 248 1234 cere,
276 1194 463 1238 negantes
478 1189 695 1238 passionem
722 1189 850 1225 crucis
876 1188 913 1224 in
929 1185 1120 1224 Christum
1149 1186 1466 1236 creatorifprae-

136 1246 315 1292 dicatam,
344 1252 383 1283 et
408 1251 721 1295 argumentantes
747 1246 1007 1295 insuperqnon
1034 1256 1119 1282 esse
1148 1241 1399 1288 credendum,
1426 1247 1468 1279 ut

137 1305 175 1341 in
213 1302 251 1341 id
291 1316 411 1354 genus
451 1304 584 1340 mortis
624 1303 849 1353 exposuerit
875 1309 1032 1355 creator
1058 1301 1326 1346 lilium-suum,
1365 1297 1468 1350 quod

137 1362 219 1411 ipse
247 1359 515 1399 maledixerat.
566 1359 812 1405 Maledictus,
839 1360 973 1410 inquit,
1002 1359 1124 1396 omnis
1151 1359 1211 1410 qui
1240 1355 1469 1410 pependerit

138 1418 177 1455 in
204 1418 307 1467 ligno
322 1418 374 1464 4).
427 1416 506 1454 Sed
531 1417 640 1454 huius
667 1416 950 1454 maledictionis
972 1421 1122 1454 sensnm
1144 1415 1297 1461 differo,
1326 1414 1467 1465 dignae

140 1474 223 1512 sola
249 1472 542 1526 praedicatione
570 1474 715 1518 crucis,
750 1473 797 1511 de
830 1486 903 1524 qua
934 1486 1033 1510 nunc
1066 1473 1229 1510 maxime
1257 1472 1467 1523 quaeritur,

129 1532 229 1582 *quia
255 1538 294 1569 et
324 1531 419 1569 alias
445 1530 643 1569 antecedit
667 1543 794 1568 rerum
821 1530 999 1581 probatio
1027 1530 1234 1569 rationem.
1260 1529 1344 1570 ,De
1371 1529 1469 1580 figu-

141 1589 194 1626 ris
231 1589 336 1639 prius
374 1587 565 1626 edocebo.
627 1587 678 1625 Et
714 1588 844 1638 utique
888 1588 950 1626 vel
987 1588 1150 1625 maxime
1189 1593 1468 1625 sacramentum

142 1644 244 1686 istud
277 1646 437 1696 figurari
469 1646 507 1683 in
539 1644 832 1697 praedicatione
866 1645 1090 1696 oportebat3
1125 1651 1266 1696 quanto
1300 1642 1471 1683 incredi-

140 1703 239 1749 bile,
273 1710 380 1740 tanto
407 1704 529 1753 magis
555 1702 738 1741 scandalo
764 1703 950 1748 futurum,
978 1703 1009 1740 si
1036 1701 1136 1750 nude
1163 1700 1470 1753 praedicaretur,

145 1767 364 1811 quantoque
391 1759 653 1810 magnifieum,
680 1767 788 1797 tanto
815 1760 936 1809 magis
963 1758 1284 1804 obumbrandum,
1311 1765 1352 1797 ut
1377 1757 1472 1796 difli-

146 1818 267 1857 cultas
299 1817 519 1856 intellectus
551 1817 713 1867 gratiam
746 1816 809 1854 dci
835 1823 1054 1868 quaereret.
1106 1816 1240 1868 Itaque
1271 1817 1309 1854 in
1342 1816 1473 1868 primis

145 1875 275 1920 Isaac,
315 1888 399 1912 cum
436 1888 459 1913 a
494 1881 605 1926 patre
643 1875 682 1912 in
719 1874 882 1912 hostiam
915 1873 1085 1921 deditus,
1124 1875 1266 1925 lignum
1293 1874 1367 1918 sibi,
1390 1874 1472 1924 ipse

144 1938 339 1983 portaret,
380 1932 522 1970 Christi
555 1933 697 1970 exitum
729 1932 803 1970 iam
835 1938 925 1970 tunc
952 1931 1180 1978 denotabat,
1218 1932 1257 1971 in
1282 1931 1473 1981 victimam

148 1989 325 2027 concessi
351 2002 374 2026 a
399 1996 508 2040 patre
535 1997 575 2027 et
600 1990 742 2040 lignum
755 1990 946 2041 passionis
961 2003 1051 2028 suae
1065 1989 1283 2028 baiulantis.
1334 1987 1473 2040 Ioseph

148 2052 188 2084 et
223 2044 305 2097 ipse
338 2046 375 2083 in
410 2045 599 2085 Christum
635 2047 838 2097 figuratus,
872 2060 945 2085 nec
972 2047 1045 2086 hoc
1072 2047 1267 2093 s010,'ne
1295 2044 1475 2083 demorer

150 2116 319 2151 cursum,
349 2102 449 2154 quod
482 2106 794 2154 persecutionem
828 2117 850 2142 a
875 2105 1059 2143 fratribus
1084 2116 1218 2155 passus
1249 2110 1309 2141 est
1335 2102 1384 2141 ob
1411 2101 1475 2141 dei

150 2161 331 2211 gratiam,
371 2161 482 2198 sicut*
501 2168 540 2198 et
566 2160 739 2200 Christus
772 2175 794 2199 a
821 2160 989 2210 Iudaeis,
1035 2162 1246 2200 carnaliter
1276 2159 1472 2206 fratribus,

152 2230 235 2256 cum
260 2216 505 2257 benedicitur
529 2225 695 2279 asspatre,
723 2219 837 2256 etiam
858 2219 895 2256 i'n
917 2220 1013 2258 haec
1027 2217 1145 2257 verba
1159 2221 1214 2268 5):
1241 2218 1340 2255 tauri
1356 2216 1477 2256 decor

246 2323 441 2362 1)11es.42,
458 2324 543 2361 2sq.
569 2324 606 2354 In
628 2323 679 2353 ed.
693 2323 796 2355 Fran.
814 2324 847 2354 et
860 2323 1023 2363 Rig.add.
1050 2322 1122 2353 sed
1146 2323 1366 2353 lucernam
1391 2330 1475 2352 mu·¹

117 2379 131 2390 ⁴
152 2369 214 2408 gis
240 2369 348 2400 fecit
374 2370 469 2400 ortu
493 2369 671 2399 luminis
697 2369 774 2408 sui,
802 2379 889 2408 quae
909 2379 962 2400 vv.
990 2379 1008 2399 e
1032 2369 1090 2400 lib.
1116 2369 1191 2402 adv.
1216 2369 1287 2399 tud.
1315 2369 1388 2399 019.
1408 2367 1475 2397 huc

151 2414 322 2445 translata
348 2416 439 2446 sunt.
534 2414 572 2454 2)
597 2417 661 2447 les.
678 2417 732 2453 50,
748 2417 802 2448 10.
900 2413 938 2458 3)
965 2416 1027 2446 les.
1044 2415 1098 2454 53,
1115 2416 1147 2446 4.
1241 2414 1278 2454 4)
1303 2413 1405 2443 D‘cut.
1419 2413 1474 2451 21,

155 2462 209 2492 23.
243 2461 316 2491 Gal.
338 2462 445 2500 3,13.
542 2459 577 2501 5)
603 2462 729 2492 Pamel.
757 2464 790 2492 et
815 2462 890 2501 Rig.
911 2470 1063 2500 passus
1090 2462 1158 2492 est
1181 2461 1223 2491 et
1249 2458 1475 2490 venumda-

154 2509 223 2536 tus
253 2507 294 2536 in
320 2509 554 2547 Aegyptum
581 2510 629 2539 ob
660 2508 691 2540 d.
723 2517 779 2548 gr.
801 2517 914 2539 carn.
941 2508 1154 2538 fratribus
1182 2505 1475 2544 venumdatus,

155 2562 176 2583 a
201 2553 301 2583 luda
329 2563 416 2584 cutm
437 2554 636 2584 traditur.
684 2555 784 2585 Nam
804 2555 844 2584 et
862 2553 1141 2584 benedicitur
1166 2552 1209 2582 in
1229 2551 1329 2581 haec
1349 2551 1477 2581 verba.

155 2599 239 2630 etc.:
272 2608 359 2636 quae
388 2609 406 2629 e
430 2600 487 2632 lib.
517 2601 591 2632 adv.
623 2601 695 2631 lud.
722 2610 751 2633 c.
774 2603 827 2633 10.
852 2598 963 2640 petita
988 2600 1078 2630 sunt:
1097 2615 1145 2622 —
1178 2597 1263 2628 Pro:
1292 2605 1312 2628 a
1336 2598 1475 2636 patre,

155 2644 230 2675 alii:
256 2647 415 2684 aperte.
