1566 2808
511 159 518 177 Χ

138 207 238 244 128
389 207 513 239 Anv.
549 207 912 238 MARcloNEM
948 207 1123 238 LlssER
1153 207 1228 254 1114

141 301 258 340 ducet
283 308 335 347 te,
361 301 495 352 inquit,
523 299 685 338 mirifice
713 298 875 338 dextera
900 307 976 346 tua,
1003 300 1123 338 virtus
1150 298 1301 337 scilicet
1314 298 1464 350 gratiae

141 359 336 411 spiritalis,
364 371 435 409 qua
454 358 595 396 Christi
621 357 768 408 agnitio
795 356 1012 398 deducitur.
1065 355 1239 407 Sagittae
1266 363 1354 394 tuae
1374 369 1465 394 acu-

139 424 216 462 tae,
243 416 485 467 pervolantia
510 415 650 467 ubique
676 422 887 466 praecepta
913 422 952 453 et
977 415 1101 453 minae
1135 421 1174 451 et
1199 412 1464 467 traductiones

141 472 270 511 cordis
292 479 594 525 compungentes
615 479 655 510 et
676 472 946 523 transfigentes
967 472 1243 510 conscientiam
1264 483 1463 523 quamque.

139 530 276 582 Populi
302 530 370 568 sub
398 538 435 569 te
463 529 683 575 concident,
711 531 841 581 utique
868 529 1088 568 adorantes.
1140 527 1206 567 Sic
1231 529 1465 580 bellipotens

140 595 179 626 et
205 588 374 638 armiger
401 587 575 626 Christus
603 588 804 634 creatoris,
833 587 887 625 sic
914 594 953 625 et
979 600 1077 624 nunc
1105 586 1302 638 accipiens
1327 587 1464 638 spolia,

139 659 216 683 non
243 646 361 684 solius
389 644 606 692 Samariae,
633 657 765 683 verum
792 651 832 682 et
857 646 1022 683 omnium
1048 645 1241 694 gentium:
1279 643 1465 694 Agnosce

141 709 180 740 et
206 704 329 754 spolia
361 696 543 753 figurata,
584 703 697 740 cuius
723 708 763 740 et
794 715 899 740 arma
931 702 1146 753 allegorica
1171 700 1353 740 didicisti.
1403 700 1466 739 Fi-

139 767 275 811 gurate
314 761 441 811 itaque
486 767 525 798 et
568 759 722 797 domino
762 759 948 797 eiusmodi
993 760 1172 810 loquente
1211 765 1251 796 et
1287 759 1464 810 apostolo

139 817 353 863 scribente,
387 831 463 854 non
496 824 640 855 temere
674 816 1059 867 interpretationibus
1086 817 1167 854 eius
1190 817 1344 863 utimur,
1373 828 1466 867 qua-

137 888 222 913 rum
249 875 424 926 exempla
451 875 565 912 etiam
591 873 804 912 adversarii
831 873 1051 920 admittunt,
1085 880 1198 925 atque
1231 874 1285 911 ita
1315 874 1354 910 in
1381 879 1465 911 tan-

138 939 217 970 tum
256 931 395 970 Esaiae
434 933 509 970 erit
535 932 728 981 ChristuS,
762 932 824 982 qui
861 932 984 978 venit,
1024 932 1061 968 in
1089 937 1267 982 quantum
1293 943 1368 979 non
1394 930 1466 968 fuit

138 989 318 1034 bellator,
347 990 435 1041 quia
461 1003 535 1026 non
562 989 649 1026 talis
675 989 729 1043 ab,
750 988 864 1026 Esaia
890 987 1150 1039 praedicatur.
1467 1022 1470 1025 Δ

257 1050 322 1088 15.
374 1046 431 1084 De
465 1047 689 1097 quaestione
726 1047 851 1083 carnis
884 1052 923 1083 et
959 1058 1030 1097 per
1066 1059 1149 1084 eam
1182 1046 1393 1083 nativitatis
1425 1052 1466 1084 et

138 1105 247 1142 unius
284 1104 437 1142 interim
476 1104 637 1141 nominis
674 1103 930 1141 Emmanuelis
968 1103 1183 1155 hucusque3
1235 1102 1282 1141 de
1321 1104 1464 1141 ceteris

136 1174 231 1199 vero
259 1161 472 1198 nominibus
504 1167 543 1198 et
574 1161 611 1199 in
643 1161 774 1212 primis
802 1160 943 1198 Christi
977 1160 1066 1212 quid
1095 1173 1186 1212 pars
1217 1159 1371 1199 diversa
1401 1173 1464 1198 re-

139 1217 370 1270 spondebit?
419 1216 461 1255 Si
492 1217 655 1270 proinde
689 1231 887 1256 commune
921 1225 980 1256 est
1005 1217 1105 1269 apud
1129 1231 1198 1256 vos
1225 1217 1368 1256 Christi
1394 1230 1464 1256 11οὲ-

138 1288 237 1322 men,
278 1274 592 1327 quemadmodum
631 1283 671 1314 et
708 1275 783 1322 dei,
821 1283 864 1313 ut
901 1276 1000 1313 sicut
1035 1276 1232 1327 utriusque
1259 1274 1463 1314 dei'fitidm
1515 1286 1526 1289 '*

139 1333 330 1372 Christum
371 1340 567 1385 competat
605 1333 696 1380 dici,
736 1335 792 1372 sic
831 1341 1031 1385 utrumqne
1069 1341 1217 1385 patrem
1250 1332 1462 1371 dominum:

139 1397 247 1428 certe
285 1391 384 1428 ratio
423 1392 509 1428 huic
549 1392 873 1441 argumentationi
910 1392 1184 1441 refragabitur.
1251 1390 1325 1429 Dei
1363 1391 1464 1429 enim

138 1460 276 1485 nomen
305 1449 410 1498 quasi
437 1449 609 1485 naturale
637 1447 845 1486 divinitatis
871 1456 1001 1499 potest
1032 1450 1070 1485 in
1087 1461 1228 1488 ,omnes
1255 1448 1464 1492 communi-

96 1529 101 1532 ·
139 1505 233 1550 cari,
274 1504 407 1556 quibus
446 1504 622 1542 divinitas
659 1504 888 1550 vindicatur,
928 1506 1027 1543 sieut
1065 1512 1105 1543 et
1140 1505 1267 1551 idolis,
1307 1504 1462 1543 dicente

137 1562 337 1613 apostolo:
371 1575 456 1600 nam
491 1569 530 1599 et
561 1569 648 1600 sunt
681 1563 743 1613 qui
770 1561 949 1600 dicuntur
981 1561 1033 1600 dii
1065 1563 1143 1600 sive
1176 1563 1213 1612 111
1241 1562 1354 1600 00010
1381 1563 1462 1600 sive

136 1619 174 1656 in
202 1620 316 1663 terris
331 1620 382 1668 1).
435 1619 577 1657 Christi
613 1632 717 1670 vero·
748 1632 887 1657 nomen
925 1633 1001 1657 non
1035 1614 1085 1658 ex¹
1122 1627 1258 1658 natura
1289 1621 1462 1666 veniens,

136 1675 204 1713 sed
238 1690 287 1714 ex
312 1676 582 1728 dispositione,
614 1678 810 1729 proprium
843 1678 924 1714 eius
957 1677 1137 1724 efficitur,
1171 1691 1194 1715 a
1225 1690 1298 1728 quo
1334 1676 1463 1727 dispo-

135 1734 247 1771 situm
275 1735 479 1771 invenitur.
530 1734 615 1772 Nec
648 1736 686 1772 in
713 1735 1101 1772 communicationem
1128 1735 1193 1772 alii
1227 1733 1301 1772 deo
1334 1734 1463 1772 subia-

137 1797 219 1838 cet,
247 1792 408 1829 maxime
441 1792 590 1829 aemulo
619 1799 657 1829 et
682 1791 838 1829 habenti
865 1805 968 1829 suam
996 1791 1306 1843 dispositionem',
1335 1792 1396 1829 cui
1423 1798 1463 1830 et

136 1849 289 1886 nomina
326 1849 474 1900 privata
512 1848 681 1888 debebit.
735 1848 854 1896 Quale
894 1856 954 1887 est
991 1850 1109 1896 enim,
1149 1848 1251 1901 quod
1290 1848 1461 1888 diversas

136 1904 410 1956 dispositioncs
443 1905 603 1944 duorum
626 1907 881 1945 *commentati
915 1906 1092 1954 deorum,
1132 1907 1359 1945 societatem
1391 1919 1461 1944 no-

134 1963 274 2000 minum
301 1963 505 2001 admittunt
530 1965 567 2001 in
595 1962 826 2002 discordiam
854 1963 1156 2016 dispositionum,
1185 1963 1336 2016 quando
1358 1963 1461 2002 nulla

132 2020 255 2070 magis
291 2021 468 2071 probatio
508 2020 714 2060 adsisteret
747 2021 906 2060 duorum
945 2029 984 2060 et
1017 2022 1252 2061 aemulorum
1285 2021 1458 2068 deorum',

134 2090 244 2128 quam
281 2078 312 2115 si
349 2078 387 2114 in
426 2077 676 2129 dispositione
715 2092 861 2118 eorum,
886 2080 1000 2117 etiam
1033 2079 1236 2118 diversitas
1267 2080 1458 2116 nominum

132 2135 394 2173 inveniretur?
429 2134 566 2174 Nullus
592 2137 691 2174 enim
717 2144 837 2175 status
865 2136 1166 2175 differentiarum
1192 2130 1342 2175 nohnisi
1367 2148 1459 2187 pro—

131 2192 361 2244 prietatibus
388 2193 688 2243 appellationum
716 2195 983 2244 consignatur,
1013 2194 1146 2245 quibus
1173 2192 1456 2240 deficientibus,

132 2250 164 2286 si
203 2248 373 2301 quando,
426 2257 514 2288 tunc
553 2263 696 2301 graeca
736 2248 966 2304 κατάχρησις
1009 2250 1056 2289 de
1096 2252 1223 2290 alieno
1262 2250 1456 2291 abutendo

132 2308 335 2345 succurrit.
393 2305 507 2359 Apud
534 2306 645 2346 deum
673 2314 799 2345 autem
833 2307 1022 2355 deficere,
1049 2315 1161 2359 puto,
1200 2303 1293 2347 nihil
1326 2307 1455 2354 debet,

131 2377 203 2402 nec
232 2363 279 2402 de
306 2365 433 2403 alieno
460 2366 596 2404 instrui
612 2364 884 2417 dispositiones
910 2367 1004 2403 eius.
1058 2365 1148 2414 Quis
1170 2364 1236 2405 hic
1263 2365 1356 2404 deus
1382 2372 1461 2411 est,-

133 2422 194 2471 qui
222 2422 298 2459 filio
326 2431 475 2474 qu'oque
502 2435 569 2461 suo
596 2424 750 2460 nomina
780 2436 802 2461 a
829 2430 1008 2461 creatore
1034 2423 1229 2462 vindicat?
1263 2436 1339 2461 non
1365 2421 1453 2460 dico

132 2478 276 2526 aliena,
315 2479 383 2518 sed
409 2487 543 2519 vetera
570 2488 609 2520 et
633 2481 807 2532 vulgata,
848 2494 944 2532 quae
983 2481 1044 2520 vel
1074 2482 1130 2520 sic
1155 2494 1231 2520 non
1258 2486 1455 2532 compete-

223 2604 258 2643 1)
286 2607 304 2635 1
320 2607 397 2637 Cor.
412 2609 443 2647 8,
461 2611 490 2638 5.
