1566 2808
176 222 281 260 12⁰
422 225 548 257 ADV.
584 225 950 257 MARCIONEM
986 225 1163 256 LIBER
1193 225 1250 255 111.

177 317 313 355 Totum
341 316 550 356 Christiani
576 318 738 356 nominis
765 324 806 356 et
830 317 977 370 pondus
1004 324 1043 355 et
1068 318 1234 363 fructus,
1261 328 1364 354 mors
1390 315 1504 355 Chri-

178 375 227 412 sti
253 381 429 425 negatur,
469 388 579 427 quam
605 382 681 413 tam
707 376 892 427 impresse
918 375 1116 428 apostolus
1142 372 1348 413 demandat
1371 374 1502 425 utique

176 444 319 478 veram,
347 445 528 470 summum
555 445 639 471 eam
664 432 949 471 fundamentum
976 432 1167 483 evangelii
1201 432 1438 469 constituens
1464 438 1505 469 et

177 489 310 527 salutis
341 496 500 528 nostrae
532 497 573 528 et
602 489 906 542 praedicationis
939 503 1043 529 suae.
1092 488 1251 528 Tradidi
1283 489 1403 536 enim,
1444 489 1503 526 in-

177 547 276 598 quit,
313 546 423 585 vobis
454 548 493 585 in
518 548 669 600 primis,
709 547 811 599 quod
838 547 1011 586 Christus
1042 553 1214 585 mortuus
1240 546 1291 584 sit
1314 552 1384 598 p'ro
1411 558 1504 598 pec-

178 605 274 641 catis
312 605 472 652 nostris,
512 612 552 643 et
590 604 690 657 quod
727 605 898 656 sepultus
924 607 991 651 sit,
1031 611 1070 643 et
1108 603 1212 655 quod>
1245 604 1505 642 resurrexerit

177 662 293 700 tertia
318 660 450 710 die1).
504 662 627 700 Porro
661 664 694 700 si
727 676 819 701 caro
853 664 934 701 eius
967 669 1149 713 negatur,
1184 660 1375 713 quomodo
1401 673 1504 699 mors

176 719 257 756 eius
283 717 553 766 adseveratur,
582 733 678 771 quae
704 721 863 772 propria
891 721 1017 758 carnis
1045 726 1104 757 est
1129 719 1278 770 passio,
1305 730 1378 770 per
1401 731 1504 769 mor-

176 782 252 814 tem
279 774 517 815 devertentis
549 779 588 814 in
621 785 783 824 terram,
819 777 866 815 de
900 791 973 828 qua
1006 784 1065 815 est
1091 783 1259 827 sumpta,
1293 774 1502 814 secundum

176 833 302 884 legem
335 834 392 872 sui
424 834 621 872 auctoris?
668 834 825 885 Negata
853 847 949 873 vero
976 840 1119 880 morte,
1148 832 1234 871 dum
1263 846 1355 871 caro
1383 845 1503 883 nega-

175 897 255 937 tur,
290 903 363 929 nec
396 890 443 929 de
470 893 758 930 resurrectione
792 892 996 930 constabit.
1048 889 1193 929 Eadem
1227 891 1326 928 enim
1351 890 1503 928 ratione

175 961 252 986 non
278 949 504 995 resurrexit,
532 962 605 1001 qua
630 956 801 987 mortuus
827 963 904 987 non
930 956 1001 995 est,
1029 962 1104 986 non
1131 946 1308 986 habendo
1329 946 1504 986 substan-

175 1006 265 1043 tiam
293 1007 444 1045 scilicet
470 1007 610 1053 carnis,
639 1008 746 1045 cuius
773 1007 874 1044 sicut
899 1013 938 1044 et
963 1018 1078 1052 mors,
1113 1006 1168 1043 ila
1201 1011 1240 1043 et
1265 1005 1502 1043 resurrectio

176 1069 246 1101 cst.
297 1062 466 1102 Proinde
491 1064 780 1102 resurrectione
809 1063 951 1102 Christi
977 1063 1187 1109 infirmata,
1222 1063 1337 1100 etiam
1370 1068 1503 1100 nostra

175 1120 358 1158 subversa
384 1127 454 1158 est.
504 1120 591 1160 Nec
618 1133 665 1159 ea
690 1122 790 1159 enim
814 1121 977 1167 valebit,
1004 1127 1165 1172 propter
1191 1132 1300 1171 quam
1328 1119 1502 1158 Christus

176 1178 298 1224 venit,
331 1178 363 1215 si
390 1177 564 1216 Christus
590 1191 667 1216 non
691 1178 837 1217 valebit
849 1180 902 1227 2).
953 1177 1052 1216 Nam
1079 1179 1179 1216 sicut
1203 1178 1278 1223 illi,
1306 1178 1368 1228 qui
1394 1175 1502 1215 dice-

173 1234 267 1273 bant
297 1236 624 1274 resurrectionem
655 1243 889 1274 mortuorum
928 1249 1004 1274 non
1037 1248 1141 1282 esse,
1174 1235 1424 1273 revincuntur
1453 1234 1501 1272 ab

174 1292 350 1344 apostolo
364 1293 402 1341 3)
431 1306 480 1331 ex
505 1294 794 1332 resurrectione
821 1293 978 1341 Christi,
1004 1294 1058 1331 ita
1083 1293 1373 1331 resurrectione
1390 1291 1502 1330 Chri-

174 1351 221 1387 sti
248 1363 325 1388 non
352 1351 590 1390 consistente
616 1352 790 1390 aufertur
815 1359 854 1390 et
873 1358 1109 1390 mortuorum
1130 1350 1398 1389 resurrectio.'
1429 1348 1502 1388 At-

175 1419 247 1458 que
273 1408 327 1444 ita
351 1408 475 1446 inanis
513 1416 573 1447 est
598 1408 693 1447 fides
718 1416 868 1457 nostra,
895 1409 1019 1447 inanis
1051 1415 1110 1446 est
1139 1406 1381 1460 praedicatio
1407 1420 1502 1459 apo-

174 1463 372 1502 stolorum.
422 1464 673 1504 Inveniuntur
703 1473 830 1504 autem
862 1467 978 1504 etiam
1010 1466 1098 1503 falsi
1130 1472 1250 1503 testes
1283 1463 1364 1512 dei,
1399 1463 1501 1516 quod

173 1522 430 1560 testimonium
457 1521 644 1570 dixerint,
680 1524 787 1575 quasi
806 1523 1111 1562 ‘resuscitaverit
1143 1522 1354 1569 Christum,
1389 1535 1500 1589 quenl

173 1593 249 1616 non
281 1580 538 1619 resuscitavit.
588 1580 639 1619 Et
670 1594 796 1619 sumus
828 1580 952 1619 adhuc
985 1580 1024 1617 in
1057 1578 1222 1618 delictis.
1285 1578 1337 1617 Et
1367 1580 1430 1631 qui
1460 1580 1498 1617 in

173 1636 327 1675 Christo
355 1636 605 1686 dormierunt,
632 1640 844 1690 perierunt,
872 1651 964 1677 sane
991 1637 1262 1706 resurrecturi,
1289 1635 1358 1675 sed
1378 1636 1499 1688 phan-

171 1701 333 1732 tasmate
359 1695 535 1742 forsitan,
563 1697 664 1734 sicut
688 1703 729 1734 et
754 1696 940 1735 Christus.

287 1755 325 1793 9.
377 1751 420 1790 In
452 1754 524 1791 ista
551 1754 777 1805 quaestione
811 1755 874 1805 qui
899 1755 1094 1806 putaveris
1127 1751 1379 1805 opponendos
1411 1765 1496 1792 esse

170 1808 280 1847 nobis
306 1810 467 1860 angelos
494 1812 702 1857 creatoris,
737 1812 843 1863 quasi
876 1818 916 1850 et
940 1811 1032 1849 illi
1021 1824 1059 1848 m
1090 1811 1356 1863 phantasmate
1387 1817 1498 1862 puta—

168 1867 269 1904 tivae
296 1868 426 1919 utique
454 1869 581 1906 carnis
609 1870 764 1920 egerint
789 1868 888 1921 apud
901 1867 1096 1907 Abraham
1123 1876 1163 1907 et
1175 1867 1289 1915 Loth,
1317 1875 1357 1906 et
1370 1874 1498 1907 tamen

168 1936 260 1961 vere
288 1924 364 1961 sint
389 1926 433 1963 et
455 1928 657 1977 congressi
689 1934 729 1965 et
759 1928 859 1978 pasti
891 1933 932 1968 et
963 1927 1113 1978 operati
1146 1925 1248 1978 quod
1270 1924 1497 1965 ,mandatum

168 1981 224 2018 eis
249 1980 395 2019 fuerat:
423 1983 546 2033 primo
573 1997 647 2022 non
665 1983 879 2022 admitteris
904 1983 952 2022 ad
979 1985 1061 2022 eius
1088 1983 1152 2022 dei
1168 1983 1357 2035 exempla,
1385 1996 1495 2035 quem

168 2036 348 2076 destruis.
398 2038 497 2077 Nam
529 2048 569 2078 et
599 2049 741 2093 quanto
773 2043 971 2080 meliorem
1005 2048 1045 2079 et
1074 2041 1350 2093 perfectiorem
1382 2039 1499 2081 deum

166 2094 329 2143 inducis,
356 2103 464 2134 tanto
491 2111 565 2135 non
594 2106 818 2151 competunt
843 2099 898 2137 illi
924 2100 1006 2138 eius
1021 2099 1210 2150 exempla,
1238 2111 1311 2149 quo
1337 2098 1410 2135 nisi
1436 2096 1495 2135 di-

164 2165 298 2191 versus
328 2154 367 2191 in
399 2160 520 2193 totum
553 2169 629 2194 non
661 2157 736 2194 erit
763 2157 916 2195 omnino
949 2156 1087 2198 melior
1117 2162 1231 2206 atque
1263 2155 1491 2206 perfectior.

166 2209 316 2249 Dehinc
349 2211 469 2259 scito,
504 2226 577 2251 nec
608 2212 703 2251 illud
736 2212 901 2252 concedi
927 2213 1016 2260 tibi,
1048 2219 1090 2251 ut
1114 2212 1286 2264 putativa
1309 2212 1428 2251 fuerit
1453 2214 1493 2251 in

165 2268 316 2335 angelis
331 2281 438 2316 caro,
465 2269 534 2308 sed
549 2282 664 2309 verae
692 2277 732 2309 et
756 2269 904 2309 solidae
931 2261 1168 2309 substantiae
1194 2269 1395 2311 humanae.
1447 2269 1491 2308 Si

165 2327 265 2364 enim
293 2324 448 2365 difficile
474 2341 551 2365 non
577 2328 650 2366 fuit
674 2328 748 2375 ini,
775 2329 970 2380 putativae
999 2329 1127 2366 carnis
1151 2340 1267 2367 veros
1293 2334 1333 2366 et
1357 2339 1491 2366 sensus

164 2390 203 2421 et
228 2390 338 2422 actus
369 2384 575 2432 exhibere,
614 2386 732 2424 multo
765 2386 918 2424 facilius
950 2385 1083 2424 habuit
1113 2386 1215 2424 veris
1246 2392 1287 2424 et
1316 2384 1490 2430 sensibus

163 2447 203 2478 et
229 2441 379 2481 actibus
404 2455 535 2481 veram
569 2441 721 2482 dedisse
755 2443 1006 2482 substantiam
1034 2444 1180 2490 carnis,
1212 2443 1274 2482 vel
1300 2455 1373 2494 qua
1399 2455 1488 2494 pro-

254 2577 292 2620 1)
320 2582 426 2613 1Cor.
447 2583 501 2625 15,
523 2583 554 2614 3.
575 2584 608 2615 4.
702 2582 739 2623 2)
765 2583 827 2614 Ed.
847 2583 948 2615 Fran.
969 2585 1003 2614 et
1022 2583 1096 2623 Rig.
1123 2582 1159 2613 si
1183 2580 1389 2613 Christus·
1406 2591 1487 2614 non

161 2626 420 2657 resurrexit.
518 2629 554 2669 3)
583 2629 687 2660 1Cor.
711 2631 828 2669 15„13
849 2639 919 2668 sqq.
