<?xml version="1.0" encoding="UTF-8"?>
<!DOCTYPE html PUBLIC "-//W3C//DTD XHTML 1.0 Transitional//EN"
    "http://www.w3.org/TR/xhtml1/DTD/xhtml1-transitional.dtd">
<html xmlns="http://www.w3.org/1999/xhtml" xml:lang="en" lang="en">
 <head>
  <title>
</title>
<meta http-equiv="Content-Type" content="text/html;charset=utf-8" />
  <meta name='ocr-system' content='tesseract 3.04.00' />
  <meta name='ocr-capabilities' content='ocr_page ocr_carea ocr_par ocr_line ocrx_word'/>
</head>
<body>
  <div class='ocr_page' id='page_1' title='image "./operatert34tertuoft_0392.png"; bbox 0 0 1604 2800; ppageno 0'>
   <div class='ocr_carea' id='block_1_1' title="bbox 138 163 1103 206">
    <p class='ocr_par' dir='ltr' id='par_1_1' title="bbox 138 163 1103 206">
     <span class='ocr_line' id='line_1_1' title="bbox 138 163 1103 206; baseline -0.005 -7"><span class='ocrx_word' id='word_1_1' title='bbox 138 169 214 206; x_wconf 71' lang='grc'><strong>60</strong></span> <span class='ocrx_word' id='word_1_2' title='bbox 504 166 578 197; x_wconf 89' lang='lat' dir='ltr'><strong>DE</strong></span> <span class='ocrx_word' id='word_1_3' title='bbox 615 165 810 197; x_wconf 77' lang='lat' dir='ltr'>CARNE</span> <span class='ocrx_word' id='word_1_4' title='bbox 848 163 1103 196; x_wconf 82' lang='lat' dir='ltr'><strong>CHRISTI.</strong></span> 
     </span>
    </p>
   </div>
   <div class='ocr_carea' id='block_1_2' title="bbox 126 253 1473 1107">
    <p class='ocr_par' dir='ltr' id='par_1_2' title="bbox 126 253 1473 1107">
     <span class='ocr_line' id='line_1_2' title="bbox 253 253 1472 312; baseline -0.004 -13"><span class='ocrx_word' id='word_1_5' title='bbox 253 264 321 303; x_wconf 89' lang='lat'><strong>39.</strong></span> <span class='ocrx_word' id='word_1_6' title='bbox 366 259 424 299; x_wconf 91' lang='lat' dir='ltr'><strong>De</strong></span> <span class='ocrx_word' id='word_1_7' title='bbox 450 260 534 312; x_wconf 90' lang='lat' dir='ltr'><strong>ipso</strong></span> <span class='ocrx_word' id='word_1_8' title='bbox 560 260 636 298; x_wconf 87' lang='lat' dir='ltr'><strong>iam</strong></span> <span class='ocrx_word' id='word_1_9' title='bbox 662 256 817 296; x_wconf 89' lang='lat' dir='ltr'><strong>domino</strong></span> <span class='ocrx_word' id='word_1_10' title='bbox 843 256 930 296; x_wconf 91' lang='lat' dir='ltr'><strong>Iesu</strong></span> <span class='ocrx_word' id='word_1_11' title='bbox 956 262 1097 309; x_wconf 90' lang='lat' dir='ltr'><strong>quanta</strong></span> <span class='ocrx_word' id='word_1_12' title='bbox 1128 253 1332 295; x_wconf 89' lang='lat' dir='ltr'><strong>diversitas</strong></span> <span class='ocrx_word' id='word_1_13' title='bbox 1367 255 1472 295; x_wconf 87' lang='lat' dir='ltr'><strong>sciu-</strong></span> 
     </span>
     <span class='ocr_line' id='line_1_3' title="bbox 140 312 1473 359; baseline -0.006 -1"><span class='ocrx_word' id='word_1_14' title='bbox 140 318 260 358; x_wconf 85' lang='lat' dir='ltr'><strong>ditur!</strong></span> <span class='ocrx_word' id='word_1_15' title='bbox 300 317 348 356; x_wconf 89' lang='lat' dir='ltr'><strong>Hi</strong></span> <span class='ocrx_word' id='word_1_16' title='bbox 374 331 424 357; x_wconf 84' lang='lat' dir='ltr'><strong>ex</strong></span> <span class='ocrx_word' id='word_1_17' title='bbox 450 318 615 356; x_wconf 90' lang='lat' dir='ltr'><strong>omnium</strong></span> <span class='ocrx_word' id='word_1_18' title='bbox 634 314 813 355; x_wconf 91' lang='lat' dir='ltr'><strong>Aeonum</strong></span> <span class='ocrx_word' id='word_1_19' title='bbox 832 315 1003 354; x_wconf 85' lang='lat' dir='ltr'><strong>flosculis</strong></span> <span class='ocrx_word' id='word_1_20' title='bbox 1028 327 1114 354; x_wconf 91' lang='lat' dir='ltr'><strong>eum</strong></span> <span class='ocrx_word' id='word_1_21' title='bbox 1141 319 1387 359; x_wconf 81' lang='lat' dir='ltr'><strong>construunt3</strong></span> <span class='ocrx_word' id='word_1_22' title='bbox 1414 312 1473 352; x_wconf 89' lang='lat' dir='ltr'><strong>illi</strong></span> 
     </span>
     <span class='ocr_line' id='line_1_4' title="bbox 138 368 1473 425; baseline -0.004 -10"><span class='ocrx_word' id='word_1_23' title='bbox 138 390 186 416; x_wconf 83' lang='lat' dir='ltr'><strong>ex</strong></span> <span class='ocrx_word' id='word_1_24' title='bbox 212 376 304 414; x_wconf 90' lang='lat' dir='ltr'><strong>solis</strong></span> <span class='ocrx_word' id='word_1_25' title='bbox 330 374 466 415; x_wconf 89' lang='lat' dir='ltr'><strong>decem</strong></span> <span class='ocrx_word' id='word_1_26' title='bbox 494 375 713 414; x_wconf 74' lang='lat' dir='ltr'><strong>constitisse</strong></span> <span class='ocrx_word' id='word_1_27' title='bbox 741 372 997 420; x_wconf 88' lang='lat' dir='ltr'><strong>contendunt,</strong></span> <span class='ocrx_word' id='word_1_28' title='bbox 1031 386 1125 425; x_wconf 90' lang='lat' dir='ltr'><strong>quos</strong></span> <span class='ocrx_word' id='word_1_29' title='bbox 1153 370 1290 410; x_wconf 90' lang='lat' dir='ltr'><strong>Sermo</strong></span> <span class='ocrx_word' id='word_1_30' title='bbox 1316 378 1356 410; x_wconf 89' lang='lat' dir='ltr'><strong>et</strong></span> <span class='ocrx_word' id='word_1_31' title='bbox 1379 368 1473 410; x_wconf 89' lang='lat' dir='ltr'><strong>Vita</strong></span> 
     </span>
     <span class='ocr_line' id='line_1_5' title="bbox 138 429 1473 486; baseline -0.004 -14"><span class='ocrx_word' id='word_1_32' title='bbox 138 434 400 486; x_wconf 88' lang='lat' dir='ltr'><strong>protulerunt,</strong></span> <span class='ocrx_word' id='word_1_33' title='bbox 435 432 524 472; x_wconf 87' lang='lat' dir='ltr'><strong>inde</strong></span> <span class='ocrx_word' id='word_1_34' title='bbox 551 440 591 472; x_wconf 93' lang='lat' dir='ltr'><strong>et</strong></span> <span class='ocrx_word' id='word_1_35' title='bbox 616 434 654 471; x_wconf 90' lang='lat' dir='ltr'><strong>in</strong></span> <span class='ocrx_word' id='word_1_36' title='bbox 680 433 801 485; x_wconf 88' lang='lat' dir='ltr'><strong>ipsum</strong></span> <span class='ocrx_word' id='word_1_37' title='bbox 828 430 1027 470; x_wconf 82' lang='lat' dir='ltr'><strong>Sermonis</strong></span> <span class='ocrx_word' id='word_1_38' title='bbox 1053 437 1093 469; x_wconf 87' lang='lat' dir='ltr'><strong>et</strong></span> <span class='ocrx_word' id='word_1_39' title='bbox 1116 429 1232 469; x_wconf 86' lang='lat' dir='ltr'><strong>Vitae</strong></span> <span class='ocrx_word' id='word_1_40' title='bbox 1261 441 1473 468; x_wconf 88' lang='lat' dir='ltr'><strong>concurre-</strong></span> 
     </span>
     <span class='ocr_line' id='line_1_6' title="bbox 138 486 1473 541; baseline -0.004 -11"><span class='ocrx_word' id='word_1_41' title='bbox 138 499 226 530; x_wconf 90' lang='lat' dir='ltr'><strong>runt</strong></span> <span class='ocrx_word' id='word_1_42' title='bbox 258 492 438 540; x_wconf 80' lang='lat' dir='ltr'><strong>oculi31)</strong></span> <span class='ocrx_word' id='word_1_43' title='bbox 472 492 534 530; x_wconf 91' lang='lat' dir='ltr'><strong>isti</strong></span> <span class='ocrx_word' id='word_1_44' title='bbox 567 503 616 530; x_wconf 83' lang='lat' dir='ltr'><strong>ex</strong></span> <span class='ocrx_word' id='word_1_45' title='bbox 649 489 853 529; x_wconf 82' lang='lat' dir='ltr'><strong>duodecim</strong></span> <span class='ocrx_word' id='word_1_46' title='bbox 877 491 916 539; x_wconf 83' lang='grc'><strong>2)</strong></span> <span class='ocrx_word' id='word_1_47' title='bbox 948 489 1094 541; x_wconf 88' lang='lat' dir='ltr'><strong>potius,</strong></span> <span class='ocrx_word' id='word_1_48' title='bbox 1134 500 1184 526; x_wconf 86' lang='lat' dir='ltr'><strong>ex</strong></span> <span class='ocrx_word' id='word_1_49' title='bbox 1222 486 1395 526; x_wconf 80' lang='lat' dir='ltr'><strong>Hominis</strong></span> <span class='ocrx_word' id='word_1_50' title='bbox 1433 493 1473 526; x_wconf 87' lang='lat' dir='ltr'><strong>et</strong></span> 
     </span>
     <span class='ocr_line' id='line_1_7' title="bbox 137 545 1472 601; baseline -0.003 -13"><span class='ocrx_word' id='word_1_51' title='bbox 137 548 340 588; x_wconf 83' lang='lat' dir='ltr'><strong>Ecclesiae</strong></span> <span class='ocrx_word' id='word_1_52' title='bbox 373 550 472 596; x_wconf 84' lang='lat' dir='ltr'><strong>fetu,</strong></span> <span class='ocrx_word' id='word_1_53' title='bbox 513 548 678 601; x_wconf 90' lang='lat' dir='ltr'><strong>ideoque</strong></span> <span class='ocrx_word' id='word_1_54' title='bbox 712 548 829 586; x_wconf 88' lang='lat' dir='ltr'><strong>filium</strong></span> <span class='ocrx_word' id='word_1_55' title='bbox 861 547 1025 586; x_wconf 89' lang='lat' dir='ltr'><strong>hominis</strong></span> <span class='ocrx_word' id='word_1_56' title='bbox 1056 547 1163 584; x_wconf 89' lang='lat' dir='ltr'><strong>aiunt</strong></span> <span class='ocrx_word' id='word_1_57' title='bbox 1182 546 1220 593; x_wconf 83' lang='lat'><strong>³)</strong></span> <span class='ocrx_word' id='word_1_58' title='bbox 1247 545 1472 597; x_wconf 81' lang='lat' dir='ltr'><strong>pronuntia-</strong></span> 
     </span>
     <span class='ocr_line' id='line_1_8' title="bbox 137 601 1472 658; baseline -0.004 -12"><span class='ocrx_word' id='word_1_59' title='bbox 137 615 232 655; x_wconf 81' lang='lat' dir='ltr'><strong>tum3</strong></span> <span class='ocrx_word' id='word_1_60' title='bbox 272 608 336 646; x_wconf 86' lang='lat' dir='ltr'><strong>alii</strong></span> <span class='ocrx_word' id='word_1_61' title='bbox 362 621 384 646; x_wconf 88' lang='lat' dir='ltr'><strong>a</strong></span> <span class='ocrx_word' id='word_1_62' title='bbox 412 607 565 645; x_wconf 85' lang='lat' dir='ltr'><strong>Christo</strong></span> <span class='ocrx_word' id='word_1_63' title='bbox 593 614 632 645; x_wconf 91' lang='lat' dir='ltr'><strong>et</strong></span> <span class='ocrx_word' id='word_1_64' title='bbox 664 605 810 658; x_wconf 78' lang='lat' dir='ltr'><strong>Spiritu</strong></span> <span class='ocrx_word' id='word_1_65' title='bbox 844 604 989 643; x_wconf 89' lang='lat' dir='ltr'><strong>Sancto</strong></span> <span class='ocrx_word' id='word_1_66' title='bbox 1023 601 1355 643; x_wconf 80' lang='lat' dir='ltr'><strong>constabiliendae</strong></span> <span class='ocrx_word' id='word_1_67' title='bbox 1386 603 1472 641; x_wconf 94' lang='lat' dir='ltr'><strong>uni-</strong></span> 
     </span>
     <span class='ocr_line' id='line_1_9' title="bbox 137 660 1472 717; baseline -0.003 -15"><span class='ocrx_word' id='word_1_68' title='bbox 137 666 312 704; x_wconf 87' lang='lat' dir='ltr'><strong>versitati</strong></span> <span class='ocrx_word' id='word_1_69' title='bbox 338 666 502 717; x_wconf 88' lang='lat' dir='ltr'><strong>provisis</strong></span> <span class='ocrx_word' id='word_1_70' title='bbox 529 665 734 703; x_wconf 81' lang='lat' dir='ltr'><strong>confictum</strong></span> <span class='ocrx_word' id='word_1_71' title='bbox 761 671 801 703; x_wconf 91' lang='lat' dir='ltr'><strong>et</strong></span> <span class='ocrx_word' id='word_1_72' title='bbox 826 664 862 702; x_wconf 93' lang='lat' dir='ltr'><strong>in</strong></span> <span class='ocrx_word' id='word_1_73' title='bbox 895 676 936 702; x_wconf 91' lang='lat' dir='ltr'><strong>se</strong></span> <span class='ocrx_word' id='word_1_74' title='bbox 955 664 994 711; x_wconf 74' lang='lat'><strong>4)</strong></span> <span class='ocrx_word' id='word_1_75' title='bbox 1022 669 1208 714; x_wconf 82' lang='lat' dir='ltr'><strong>paternae</strong></span> <span class='ocrx_word' id='word_1_76' title='bbox 1240 660 1472 714; x_wconf 85' lang='lat' dir='ltr'><strong>appellatio-</strong></span> 
     </span>
     <span class='ocr_line' id='line_1_10' title="bbox 136 718 1472 773; baseline -0.001 -14"><span class='ocrx_word' id='word_1_77' title='bbox 136 723 193 759; x_wconf 91' lang='lat' dir='ltr'><strong>nis</strong></span> <span class='ocrx_word' id='word_1_78' title='bbox 219 721 440 760; x_wconf 81' lang='lat' dir='ltr'><strong>haeredem.</strong></span> <span class='ocrx_word' id='word_1_79' title='bbox 504 720 619 768; x_wconf 83' lang='lat' dir='ltr'><strong>Sunt,</strong></span> <span class='ocrx_word' id='word_1_80' title='bbox 659 722 723 773; x_wconf 88' lang='lat' dir='ltr'><strong>qui</strong></span> <span class='ocrx_word' id='word_1_81' title='bbox 755 722 871 760; x_wconf 86' lang='lat' dir='ltr'><strong>filium</strong></span> <span class='ocrx_word' id='word_1_82' title='bbox 902 721 1068 759; x_wconf 90' lang='lat' dir='ltr'><strong>hominis</strong></span> <span class='ocrx_word' id='word_1_83' title='bbox 1094 718 1249 758; x_wconf 83' lang='lat' dir='ltr'><strong>aliunde</strong></span> <span class='ocrx_word' id='word_1_84' title='bbox 1276 729 1472 770; x_wconf 82' lang='lat' dir='ltr'><strong>concepe-</strong></span> 
     </span>
     <span class='ocr_line' id='line_1_11' title="bbox 126 777 1472 830; baseline -0.002 -13"><span class='ocrx_word' id='word_1_85' title='bbox 126 780 213 829; x_wconf 69' lang='lat' dir='ltr'><strong>rint</strong></span> <span class='ocrx_word' id='word_1_86' title='bbox 238 778 460 826; x_wconf 86' lang='lat' dir='ltr'><strong>dicendum,</strong></span> <span class='ocrx_word' id='word_1_87' title='bbox 503 792 725 830; x_wconf 79' lang='lat' dir='ltr'><strong>quamquam</strong></span> <span class='ocrx_word' id='word_1_88' title='bbox 759 780 880 830; x_wconf 89' lang='lat' dir='ltr'><strong>ipsum</strong></span> <span class='ocrx_word' id='word_1_89' title='bbox 907 778 1058 816; x_wconf 88' lang='lat' dir='ltr'><strong>Patrem</strong></span> <span class='ocrx_word' id='word_1_90' title='bbox 1086 790 1156 829; x_wconf 87' lang='lat' dir='ltr'><strong>pro</strong></span> <span class='ocrx_word' id='word_1_91' title='bbox 1183 790 1322 828; x_wconf 89' lang='lat' dir='ltr'><strong>magno</strong></span> <span class='ocrx_word' id='word_1_92' title='bbox 1349 777 1472 815; x_wconf 87' lang='lat' dir='ltr'><strong>nomi-</strong></span> 
     </span>
     <span class='ocr_line' id='line_1_12' title="bbox 137 833 1470 887; baseline -0.002 -14"><span class='ocrx_word' id='word_1_93' title='bbox 137 837 194 874; x_wconf 93' lang='lat' dir='ltr'><strong>nis</strong></span> <span class='ocrx_word' id='word_1_94' title='bbox 219 843 462 875; x_wconf 89' lang='lat' dir='ltr'><strong>sacramento</strong></span> <span class='ocrx_word' id='word_1_95' title='bbox 491 836 691 874; x_wconf 86' lang='lat' dir='ltr'><strong>Hominem</strong></span> <span class='ocrx_word' id='word_1_96' title='bbox 723 837 939 887; x_wconf 78' lang='lat' dir='ltr'><strong>appellasse</strong></span> <span class='ocrx_word' id='word_1_97' title='bbox 966 835 1306 887; x_wconf 85' lang='lat' dir='ltr'><strong>praesumpserint.</strong></span> <span class='ocrx_word' id='word_1_98' title='bbox 1367 833 1470 881; x_wconf 83' lang='lat' dir='ltr'><strong>Et5)</strong></span> 
     </span>
     <span class='ocr_line' id='line_1_13' title="bbox 137 890 1471 946; baseline -0.002 -14"><span class='ocrx_word' id='word_1_99' title='bbox 137 892 226 945; x_wconf 91' lang='lat' dir='ltr'><strong>quid</strong></span> <span class='ocrx_word' id='word_1_100' title='bbox 263 894 424 946; x_wconf 87' lang='lat' dir='ltr'><strong>amplius</strong></span> <span class='ocrx_word' id='word_1_101' title='bbox 456 907 590 945; x_wconf 88' lang='lat' dir='ltr'><strong>speres</strong></span> <span class='ocrx_word' id='word_1_102' title='bbox 623 892 670 932; x_wconf 95' lang='lat' dir='ltr'><strong>de</strong></span> <span class='ocrx_word' id='word_1_103' title='bbox 703 894 784 931; x_wconf 91' lang='lat' dir='ltr'><strong>eius</strong></span> <span class='ocrx_word' id='word_1_104' title='bbox 817 892 879 932; x_wconf 89' lang='lat' dir='ltr'><strong>dei</strong></span> <span class='ocrx_word' id='word_1_105' title='bbox 912 892 1005 939; x_wconf 84' lang='lat' dir='ltr'><strong>fide,</strong></span> <span class='ocrx_word' id='word_1_106' title='bbox 1046 893 1106 931; x_wconf 85' lang='lat' dir='ltr'><strong>cui</strong></span> <span class='ocrx_word' id='word_1_107' title='bbox 1141 905 1239 930; x_wconf 90' lang='lat' dir='ltr'><strong>nunc</strong></span> <span class='ocrx_word' id='word_1_108' title='bbox 1277 890 1471 944; x_wconf 85' lang='lat' dir='ltr'><strong>adaequa-</strong></span> 
     </span>
     <span class='ocr_line' id='line_1_14' title="bbox 135 949 1470 1003; baseline -0.002 -14"><span class='ocrx_word' id='word_1_109' title='bbox 135 952 213 989; x_wconf 83' lang='lat' dir='ltr'><strong>ris?</strong></span> <span class='ocrx_word' id='word_1_110' title='bbox 265 951 375 990; x_wconf 87' lang='lat' dir='ltr'><strong>Talia</strong></span> <span class='ocrx_word' id='word_1_111' title='bbox 399 953 555 1003; x_wconf 86' lang='lat' dir='ltr'><strong>ingenia</strong></span> <span class='ocrx_word' id='word_1_112' title='bbox 581 951 883 1003; x_wconf 81' lang='lat' dir='ltr'><strong>superfruticant</strong></span> <span class='ocrx_word' id='word_1_113' title='bbox 906 949 1007 1002; x_wconf 90' lang='lat' dir='ltr'><strong>apud</strong></span> <span class='ocrx_word' id='word_1_114' title='bbox 1034 950 1119 988; x_wconf 88' lang='lat' dir='ltr'><strong>illos</strong></span> <span class='ocrx_word' id='word_1_115' title='bbox 1146 963 1195 988; x_wconf 86' lang='lat' dir='ltr'><strong>ex</strong></span> <span class='ocrx_word' id='word_1_116' title='bbox 1220 949 1383 987; x_wconf 87' lang='lat' dir='ltr'><strong>materni</strong></span> <span class='ocrx_word' id='word_1_117' title='bbox 1409 961 1470 987; x_wconf 89' lang='lat' dir='ltr'><strong>se-</strong></span> 
     </span>
     <span class='ocr_line' id='line_1_15' title="bbox 136 1005 1471 1061; baseline -0.001 -15"><span class='ocrx_word' id='word_1_118' title='bbox 136 1010 245 1047; x_wconf 89' lang='lat' dir='ltr'><strong>minis</strong></span> <span class='ocrx_word' id='word_1_119' title='bbox 271 1008 539 1048; x_wconf 86' lang='lat' dir='ltr'><strong>redundantia.</strong></span> <span class='ocrx_word' id='word_1_120' title='bbox 598 1008 730 1061; x_wconf 83' lang='lat' dir='ltr'><strong>Atque</strong></span> <span class='ocrx_word' id='word_1_121' title='bbox 756 1010 811 1047; x_wconf 84' lang='lat' dir='ltr'><strong>ita</strong></span> <span class='ocrx_word' id='word_1_122' title='bbox 843 1009 1124 1047; x_wconf 90' lang='lat' dir='ltr'><strong>insolescentes</strong></span> <span class='ocrx_word' id='word_1_123' title='bbox 1156 1006 1358 1045; x_wconf 87' lang='lat' dir='ltr'><strong>doctrinae</strong></span> <span class='ocrx_word' id='word_1_124' title='bbox 1390 1005 1471 1045; x_wconf 91' lang='lat' dir='ltr'><strong>Va-</strong></span> 
     </span>
     <span class='ocr_line' id='line_1_16' title="bbox 136 1064 1332 1107; baseline -0.002 -3"><span class='ocrx_word' id='word_1_125' title='bbox 136 1066 431 1107; x_wconf 88' lang='lat' dir='ltr'><strong>lentinianorum</strong></span> <span class='ocrx_word' id='word_1_126' title='bbox 459 1068 497 1105; x_wconf 88' lang='lat' dir='ltr'><strong>in</strong></span> <span class='ocrx_word' id='word_1_127' title='bbox 523 1064 645 1106; x_wconf 69' lang='lat' dir='ltr'><strong>silvas&#39;</strong></span> <span class='ocrx_word' id='word_1_128' title='bbox 663 1068 737 1105; x_wconf 90' lang='lat' dir='ltr'><strong>iam</strong></span> <span class='ocrx_word' id='word_1_129' title='bbox 764 1067 1019 1106; x_wconf 84' lang='lat' dir='ltr'><strong>exoleverunt</strong></span> <span class='ocrx_word' id='word_1_130' title='bbox 1046 1064 1332 1103; x_wconf 88' lang='lat' dir='ltr'><strong>Gnosticorum.</strong></span> 
     </span>
    </p>
   </div>
   <div class='ocr_carea' id='block_1_3' title="bbox 308 1412 1294 1474">
    <p class='ocr_par' dir='ltr' id='par_1_3' title="bbox 308 1412 1294 1474">
     <span class='ocr_line' id='line_1_17' title="bbox 308 1412 1294 1474; baseline 0.002 -6"><span class='ocrx_word' id='word_1_131' title='bbox 308 1415 429 1469; x_wconf 78' lang='lat' dir='ltr'><strong>DE</strong></span> <span class='ocrx_word' id='word_1_132' title='bbox 497 1413 813 1471; x_wconf 83' lang='lat' dir='ltr'><strong>CARNE</strong></span> <span class='ocrx_word' id='word_1_133' title='bbox 881 1412 1294 1474; x_wconf 77' lang='lat' dir='ltr'><strong>CHRISTI.</strong></span> 
     </span>
    </p>
   </div>
   <div class='ocr_carea' id='block_1_4' title="bbox 130 1641 1467 2217">
    <p class='ocr_par' dir='ltr' id='par_1_4' title="bbox 130 1641 1467 2217">
     <span class='ocr_line' id='line_1_18' title="bbox 251 1641 1466 1692; baseline 0.001 -9"><span class='ocrx_word' id='word_1_134' title='bbox 251 1646 286 1684; x_wconf 83' lang='lat'><strong>1.</strong></span> <span class='ocrx_word' id='word_1_135' title='bbox 339 1643 411 1692; x_wconf 83' lang='lat' dir='ltr'><strong>Qui</strong></span> <span class='ocrx_word' id='word_1_136' title='bbox 436 1641 548 1682; x_wconf 85' lang='lat' dir='ltr'><strong>fidem</strong></span> <span class='ocrx_word' id='word_1_137' title='bbox 575 1645 874 1683; x_wconf 87' lang='lat' dir='ltr'><strong>resurrectionis</strong></span> <span class='ocrx_word' id='word_1_138' title='bbox 898 1651 987 1683; x_wconf 88' lang='lat' dir='ltr'><strong>ante</strong></span> <span class='ocrx_word' id='word_1_139' title='bbox 1021 1645 1116 1682; x_wconf 89' lang='lat' dir='ltr'><strong>istos</strong></span> <span class='ocrx_word' id='word_1_140' title='bbox 1149 1643 1466 1684; x_wconf 86' lang='lat' dir='ltr'><strong>Sadducaeorum</strong></span> 
     </span>
     <span class='ocr_line' id='line_1_19' title="bbox 132 1700 1466 1754; baseline 0.002 -16"><span class='ocrx_word' id='word_1_141' title='bbox 132 1700 367 1752; x_wconf 86' lang='lat' dir='ltr'><strong>propinquos</strong></span> <span class='ocrx_word' id='word_1_142' title='bbox 394 1703 475 1740; x_wconf 90' lang='lat' dir='ltr'><strong>sine</strong></span> <span class='ocrx_word' id='word_1_143' title='bbox 503 1703 770 1740; x_wconf 84' lang='lat' dir='ltr'><strong>controversia</strong></span> <span class='ocrx_word' id='word_1_144' title='bbox 795 1709 980 1741; x_wconf 86' lang='lat' dir='ltr'><strong>moratam</strong></span> <span class='ocrx_word' id='word_1_145' title='bbox 1001 1703 1038 1750; x_wconf 75' lang='grc'><strong>6)</strong></span> <span class='ocrx_word' id='word_1_146' title='bbox 1054 1700 1211 1740; x_wconf 89' lang='lat' dir='ltr'><strong>student</strong></span> <span class='ocrx_word' id='word_1_147' title='bbox 1235 1702 1466 1754; x_wconf 82' lang='lat' dir='ltr'><strong>inquietare,</strong></span> 
     </span>
     <span class='ocr_line' id='line_1_20' title="bbox 130 1758 1466 1811; baseline 0.002 -15"><span class='ocrx_word' id='word_1_148' title='bbox 130 1765 171 1796; x_wconf 91' lang='lat' dir='ltr'><strong>ut</strong></span> <span class='ocrx_word' id='word_1_149' title='bbox 203 1771 286 1797; x_wconf 86' lang='lat' dir='ltr'><strong>eam</strong></span> <span class='ocrx_word' id='word_1_150' title='bbox 317 1772 423 1811; x_wconf 89' lang='lat' dir='ltr'><strong>spem</strong></span> <span class='ocrx_word' id='word_1_151' title='bbox 456 1766 600 1810; x_wconf 86' lang='lat' dir='ltr'><strong>negent</strong></span> <span class='ocrx_word' id='word_1_152' title='bbox 637 1761 752 1798; x_wconf 82' lang='lat' dir='ltr'><strong>etiam</strong></span> <span class='ocrx_word' id='word_1_153' title='bbox 789 1758 839 1798; x_wconf 93' lang='lat' dir='ltr'><strong>a‹l</strong></span> <span class='ocrx_word' id='word_1_154' title='bbox 877 1772 1033 1799; x_wconf 88' lang='lat' dir='ltr'><strong>caruem</strong></span> <span class='ocrx_word' id='word_1_155' title='bbox 1074 1760 1288 1811; x_wconf 88' lang='lat' dir='ltr'><strong>pertinere,</strong></span> <span class='ocrx_word' id='word_1_156' title='bbox 1327 1760 1466 1799; x_wconf 88' lang='lat' dir='ltr'><strong>merito</strong></span> 
     </span>
     <span class='ocr_line' id='line_1_21' title="bbox 132 1816 1466 1870; baseline 0.001 -16"><span class='ocrx_word' id='word_1_157' title='bbox 132 1829 280 1867; x_wconf 91' lang='lat' dir='ltr'><strong>quoque</strong></span> <span class='ocrx_word' id='word_1_158' title='bbox 321 1830 476 1856; x_wconf 89' lang='lat' dir='ltr'><strong>carnem</strong></span> <span class='ocrx_word' id='word_1_159' title='bbox 511 1817 654 1856; x_wconf 85' lang='lat' dir='ltr'><strong>Christi</strong></span> <span class='ocrx_word' id='word_1_160' title='bbox 693 1818 980 1870; x_wconf 88' lang='lat' dir='ltr'><strong>quaestionibus</strong></span> <span class='ocrx_word' id='word_1_161' title='bbox 1013 1816 1248 1864; x_wconf 87' lang='lat' dir='ltr'><strong>distrahunt,</strong></span> <span class='ocrx_word' id='word_1_162' title='bbox 1288 1823 1466 1870; x_wconf 88' lang='lat' dir='ltr'><strong>tanquam</strong></span> 
     </span>
     <span class='ocr_line' id='line_1_22' title="bbox 132 1874 1467 1928; baseline 0.003 -18"><span class='ocrx_word' id='word_1_163' title='bbox 132 1880 196 1911; x_wconf 84' lang='lat' dir='ltr'><strong>aut</strong></span> <span class='ocrx_word' id='word_1_164' title='bbox 228 1874 367 1913; x_wconf 87' lang='lat' dir='ltr'><strong>nullam</strong></span> <span class='ocrx_word' id='word_1_165' title='bbox 406 1875 559 1913; x_wconf 91' lang='lat' dir='ltr'><strong>omnino</strong></span> <span class='ocrx_word' id='word_1_166' title='bbox 592 1882 657 1913; x_wconf 89' lang='lat' dir='ltr'><strong>aut</strong></span> <span class='ocrx_word' id='word_1_167' title='bbox 691 1889 843 1928; x_wconf 91' lang='lat' dir='ltr'><strong>quoquo</strong></span> <span class='ocrx_word' id='word_1_168' title='bbox 871 1875 986 1914; x_wconf 90' lang='lat' dir='ltr'><strong>modo</strong></span> <span class='ocrx_word' id='word_1_169' title='bbox 1013 1876 1125 1914; x_wconf 88' lang='lat' dir='ltr'><strong>aliam</strong></span> <span class='ocrx_word' id='word_1_170' title='bbox 1152 1881 1310 1927; x_wconf 87' lang='lat' dir='ltr'><strong>praeter</strong></span> <span class='ocrx_word' id='word_1_171' title='bbox 1334 1874 1467 1914; x_wconf 88' lang='lat' dir='ltr'><strong>huma-</strong></span> 
     </span>
     <span class='ocr_line' id='line_1_23' title="bbox 131 1932 1466 1986; baseline 0.004 -19"><span class='ocrx_word' id='word_1_172' title='bbox 131 1942 234 1976; x_wconf 88' lang='lat' dir='ltr'><strong>nam,</strong></span> <span class='ocrx_word' id='word_1_173' title='bbox 262 1945 329 1978; x_wconf 83' lang='lat' dir='ltr'><strong>ne,</strong></span> <span class='ocrx_word' id='word_1_174' title='bbox 363 1933 395 1971; x_wconf 90' lang='lat' dir='ltr'><strong>si</strong></span> <span class='ocrx_word' id='word_1_175' title='bbox 422 1933 619 1971; x_wconf 85' lang='lat' dir='ltr'><strong>humanam</strong></span> <span class='ocrx_word' id='word_1_176' title='bbox 654 1934 873 1972; x_wconf 87' lang='lat' dir='ltr'><strong>constiterit</strong></span> <span class='ocrx_word' id='word_1_177' title='bbox 905 1934 1040 1980; x_wconf 83' lang='lat' dir='ltr'><strong>fuisse,</strong></span> <span class='ocrx_word' id='word_1_178' title='bbox 1078 1932 1384 1986; x_wconf 86' lang='lat' dir='ltr'><strong>praeiudicatum</strong></span> <span class='ocrx_word' id='word_1_179' title='bbox 1415 1934 1466 1973; x_wconf 89' lang='lat' dir='ltr'><strong>sit</strong></span> 
     </span>
     <span class='ocr_line' id='line_1_24' title="bbox 131 1986 1462 2043; baseline 0.003 -18"><span class='ocrx_word' id='word_1_180' title='bbox 131 1986 313 2026; x_wconf 87' lang='lat' dir='ltr'><strong>adversus</strong></span> <span class='ocrx_word' id='word_1_181' title='bbox 339 1990 444 2037; x_wconf 89' lang='lat' dir='ltr'><strong>illos,</strong></span> <span class='ocrx_word' id='word_1_182' title='bbox 472 2003 556 2029; x_wconf 87' lang='lat' dir='ltr'><strong>eam</strong></span> <span class='ocrx_word' id='word_1_183' title='bbox 582 2003 788 2041; x_wconf 88' lang='lat' dir='ltr'><strong>resurgere</strong></span> <span class='ocrx_word' id='word_1_184' title='bbox 821 1992 922 2030; x_wconf 92' lang='lat' dir='ltr'><strong>omni</strong></span> <span class='ocrx_word' id='word_1_185' title='bbox 948 1990 1083 2038; x_wconf 85' lang='lat' dir='ltr'><strong>modo,</strong></span> <span class='ocrx_word' id='word_1_186' title='bbox 1118 2004 1216 2043; x_wconf 86' lang='lat' dir='ltr'><strong>quae</strong></span> <span class='ocrx_word' id='word_1_187' title='bbox 1241 1992 1278 2029; x_wconf 91' lang='lat' dir='ltr'><strong>in</strong></span> <span class='ocrx_word' id='word_1_188' title='bbox 1307 1990 1462 2030; x_wconf 86' lang='lat' dir='ltr'><strong>Christo</strong></span> 
     </span>
     <span class='ocr_line' id='line_1_25' title="bbox 131 2047 1462 2098; baseline 0.003 -16"><span class='ocrx_word' id='word_1_189' title='bbox 131 2047 405 2085; x_wconf 85' lang='lat' dir='ltr'><strong>resurrexerit.</strong></span> <span class='ocrx_word' id='word_1_190' title='bbox 470 2047 591 2098; x_wconf 85' lang='lat' dir='ltr'><strong>Igitur</strong></span> <span class='ocrx_word' id='word_1_191' title='bbox 615 2047 716 2087; x_wconf 89' lang='lat' dir='ltr'><strong>uude</strong></span> <span class='ocrx_word' id='word_1_192' title='bbox 747 2049 802 2087; x_wconf 90' lang='lat' dir='ltr'><strong>illi</strong></span> <span class='ocrx_word' id='word_1_193' title='bbox 834 2048 1035 2088; x_wconf 88' lang='lat' dir='ltr'><strong>destruunt</strong></span> <span class='ocrx_word' id='word_1_194' title='bbox 1067 2050 1194 2088; x_wconf 89' lang='lat' dir='ltr'><strong>carnis</strong></span> <span class='ocrx_word' id='word_1_195' title='bbox 1225 2055 1335 2093; x_wconf 80' lang='lat' dir='ltr'><strong>vota,</strong></span> <span class='ocrx_word' id='word_1_196' title='bbox 1373 2047 1462 2087; x_wconf 90' lang='lat' dir='ltr'><strong>inde</strong></span> 
     </span>
     <span class='ocr_line' id='line_1_26' title="bbox 133 2102 1462 2159; baseline 0.004 -19"><span class='ocrx_word' id='word_1_197' title='bbox 133 2102 242 2141; x_wconf 91' lang='lat' dir='ltr'><strong>nobis</strong></span> <span class='ocrx_word' id='word_1_198' title='bbox 280 2111 392 2142; x_wconf 88' lang='lat' dir='ltr'><strong>erunt</strong></span> <span class='ocrx_word' id='word_1_199' title='bbox 429 2105 722 2156; x_wconf 88' lang='lat' dir='ltr'><strong>praestruenda.</strong></span> <span class='ocrx_word' id='word_1_200' title='bbox 784 2106 1053 2146; x_wconf 84' lang='lat' dir='ltr'><strong>Examinemus</strong></span> <span class='ocrx_word' id='word_1_201' title='bbox 1092 2106 1335 2159; x_wconf 86' lang='lat' dir='ltr'><strong>corporalem</strong></span> <span class='ocrx_word' id='word_1_202' title='bbox 1373 2105 1462 2145; x_wconf 88' lang='lat' dir='ltr'><strong>sub-</strong></span> 
     </span>
     <span class='ocr_line' id='line_1_27' title="bbox 130 2161 1462 2217; baseline 0.005 -20"><span class='ocrx_word' id='word_1_203' title='bbox 130 2161 307 2199; x_wconf 86' lang='lat' dir='ltr'><strong>stantiam</strong></span> <span class='ocrx_word' id='word_1_204' title='bbox 335 2161 494 2210; x_wconf 82' lang='lat' dir='ltr'><strong>domini3</strong></span> <span class='ocrx_word' id='word_1_205' title='bbox 523 2162 571 2202; x_wconf 92' lang='lat' dir='ltr'><strong>de</strong></span> <span class='ocrx_word' id='word_1_206' title='bbox 597 2164 759 2215; x_wconf 85' lang='lat' dir='ltr'><strong>spiritali</strong></span> <span class='ocrx_word' id='word_1_207' title='bbox 780 2166 879 2204; x_wconf 89' lang='lat' dir='ltr'><strong>enim</strong></span> <span class='ocrx_word' id='word_1_208' title='bbox 907 2172 1053 2204; x_wconf 83' lang='lat' dir='ltr'><strong>certum</strong></span> <span class='ocrx_word' id='word_1_209' title='bbox 1080 2172 1151 2204; x_wconf 90' lang='lat' dir='ltr'><strong>est.</strong></span> <span class='ocrx_word' id='word_1_210' title='bbox 1215 2164 1317 2203; x_wconf 87' lang='lat' dir='ltr'><strong>Caro</strong></span> <span class='ocrx_word' id='word_1_211' title='bbox 1344 2176 1462 2217; x_wconf 87' lang='lat' dir='ltr'><strong>quae-</strong></span> 
     </span>
    </p>
   </div>
   <div class='ocr_carea' id='block_1_5' title="bbox 126 2299 1459 2614">
    <p class='ocr_par' dir='ltr' id='par_1_5' title="bbox 126 2299 1459 2614">
     <span class='ocr_line' id='line_1_28' title="bbox 128 2299 1459 2345; baseline 0.005 -17"><span class='ocrx_word' id='word_1_212' title='bbox 128 2299 187 2329; x_wconf 82' lang='lat' dir='ltr'><strong>tia</strong></span> <span class='ocrx_word' id='word_1_213' title='bbox 213 2309 354 2332; x_wconf 86' lang='lat' dir='ltr'><strong>eorum</strong></span> <span class='ocrx_word' id='word_1_214' title='bbox 381 2302 671 2341; x_wconf 69' lang='lat' dir='ltr'><strong>venientibus.</strong></span> <span class='ocrx_word' id='word_1_215' title='bbox 720 2305 854 2336; x_wconf 79' lang='lat' dir='ltr'><strong>irenaei</strong></span> <span class='ocrx_word' id='word_1_216' title='bbox 872 2305 894 2336; x_wconf 93' lang='grc'><strong>1.</strong></span> <span class='ocrx_word' id='word_1_217' title='bbox 913 2305 936 2337; x_wconf 90' lang='lat'><strong>1.</strong></span> <span class='ocrx_word' id='word_1_218' title='bbox 956 2306 1019 2337; x_wconf 79' lang='lat' dir='ltr'><strong>lat.</strong></span> <span class='ocrx_word' id='word_1_219' title='bbox 1032 2305 1175 2345; x_wconf 85' lang='lat' dir='ltr'><strong>interpr.</strong></span> <span class='ocrx_word' id='word_1_220' title='bbox 1189 2304 1264 2336; x_wconf 78' lang='lat' dir='ltr'><strong>sed</strong></span> <span class='ocrx_word' id='word_1_221' title='bbox 1283 2304 1337 2335; x_wconf 70' lang='lat' dir='ltr'><strong>de</strong></span> <span class='ocrx_word' id='word_1_222' title='bbox 1355 2313 1371 2335; x_wconf 72' lang='lat' dir='ltr'><strong>a</strong></span> <span class='ocrx_word' id='word_1_223' title='bbox 1384 2306 1459 2335; x_wconf 83' lang='lat' dir='ltr'><strong>ub—</strong></span> 
     </span>
     <span class='ocr_line' id='line_1_29' title="bbox 128 2346 1458 2392; baseline 0.005 -17"><span class='ocrx_word' id='word_1_224' title='bbox 128 2346 292 2378; x_wconf 76' lang='lat' dir='ltr'><strong>stantia</strong></span> <span class='ocrx_word' id='word_1_225' title='bbox 317 2357 472 2379; x_wconf 88' lang='lat' dir='ltr'><strong>eorum.</strong></span> <span class='ocrx_word' id='word_1_226' title='bbox 584 2347 622 2392; x_wconf 93' lang='lat'><strong>1)</strong></span> <span class='ocrx_word' id='word_1_227' title='bbox 647 2350 757 2382; x_wconf 87' lang='lat' dir='ltr'><strong>Rhen.</strong></span> <span class='ocrx_word' id='word_1_228' title='bbox 785 2361 872 2382; x_wconf 86' lang='lat' dir='ltr'><strong>corr.</strong></span> <span class='ocrx_word' id='word_1_229' title='bbox 899 2351 1091 2384; x_wconf 73' lang='lat' dir='ltr'><strong>flosculi.</strong></span> <span class='ocrx_word' id='word_1_230' title='bbox 1210 2352 1248 2391; x_wconf 83' lang='lat'><strong>2)</strong></span> <span class='ocrx_word' id='word_1_231' title='bbox 1273 2350 1330 2382; x_wconf 90' lang='lat' dir='ltr'><strong>Sic</strong></span> <span class='ocrx_word' id='word_1_232' title='bbox 1351 2350 1458 2384; x_wconf 71' lang='lat' dir='ltr'><strong>Rhen-</strong></span> 
     </span>
     <span class='ocr_line' id='line_1_30' title="bbox 128 2393 1458 2437; baseline 0.007 -18"><span class='ocrx_word' id='word_1_233' title='bbox 128 2393 276 2434; x_wconf 84' lang='lat' dir='ltr'><strong>emend.;</strong></span> <span class='ocrx_word' id='word_1_234' title='bbox 303 2394 354 2426; x_wconf 86' lang='lat' dir='ltr'><strong>ed.</strong></span> <span class='ocrx_word' id='word_1_235' title='bbox 373 2396 400 2426; x_wconf 88' lang='grc' dir='ltr'><strong>Ι.</strong></span> <span class='ocrx_word' id='word_1_236' title='bbox 419 2404 470 2426; x_wconf 86' lang='lat' dir='ltr'><strong>ex</strong></span> <span class='ocrx_word' id='word_1_237' title='bbox 490 2395 674 2429; x_wconf 80' lang='lat' dir='ltr'><strong>Christo.</strong></span> <span class='ocrx_word' id='word_1_238' title='bbox 724 2397 792 2428; x_wconf 87' lang='lat' dir='ltr'><strong>Sed</strong></span> <span class='ocrx_word' id='word_1_239' title='bbox 811 2397 974 2430; x_wconf 83' lang='lat' dir='ltr'><strong>librarius</strong></span> <span class='ocrx_word' id='word_1_240' title='bbox 996 2399 1074 2429; x_wconf 86' lang='lat' dir='ltr'><strong>xu.</strong></span> <span class='ocrx_word' id='word_1_241' title='bbox 1094 2399 1130 2429; x_wconf 86' lang='lat' dir='ltr'><strong>et</strong></span> <span class='ocrx_word' id='word_1_242' title='bbox 1145 2396 1224 2428; x_wconf 87' lang='grc' dir='ltr'><strong>ΧΡ.</strong></span> <span class='ocrx_word' id='word_1_243' title='bbox 1239 2396 1458 2437; x_wconf 74' lang='lat' dir='ltr'><strong>permutavit.</strong></span> 
     </span>
     <span class='ocr_line' id='line_1_31' title="bbox 128 2436 1458 2490; baseline 0.004 -22"><span class='ocrx_word' id='word_1_244' title='bbox 128 2436 177 2490; x_wconf 66' lang='lat' dir='ltr'><strong>Cf}</strong></span> <span class='ocrx_word' id='word_1_245' title='bbox 190 2439 277 2489; x_wconf 60' lang='lat' dir='ltr'><strong>iren.</strong></span> <span class='ocrx_word' id='word_1_246' title='bbox 292 2441 322 2480; x_wconf 87' lang='lat'><strong>1,</strong></span> <span class='ocrx_word' id='word_1_247' title='bbox 338 2442 393 2481; x_wconf 85' lang='lat'><strong>12,</strong></span> <span class='ocrx_word' id='word_1_248' title='bbox 408 2443 441 2472; x_wconf 79' lang='lat'><strong>4.</strong></span> <span class='ocrx_word' id='word_1_249' title='bbox 539 2443 576 2480; x_wconf 84' lang='lat'><strong>3)</strong></span> <span class='ocrx_word' id='word_1_250' title='bbox 601 2443 708 2474; x_wconf 86' lang='lat' dir='ltr'><strong>Rhen.</strong></span> <span class='ocrx_word' id='word_1_251' title='bbox 734 2443 859 2475; x_wconf 79' lang='lat' dir='ltr'><strong>avite.</strong></span> <span class='ocrx_word' id='word_1_252' title='bbox 907 2447 997 2476; x_wconf 86' lang='lat' dir='ltr'><strong>Iren.</strong></span> <span class='ocrx_word' id='word_1_253' title='bbox 1011 2446 1033 2478; x_wconf 75' lang='lat' dir='ltr'><strong>l,</strong></span> <span class='ocrx_word' id='word_1_254' title='bbox 1047 2444 1071 2474; x_wconf 92' lang='lat'><strong>1.</strong></span> <span class='ocrx_word' id='word_1_255' title='bbox 1084 2442 1120 2476; x_wconf 81' lang='grc' dir='ltr'><strong>οἱ</strong></span> <span class='ocrx_word' id='word_1_256' title='bbox 1131 2443 1168 2476; x_wconf 70' lang='grc' dir='ltr'><strong>δὲ</strong></span> <span class='ocrx_word' id='word_1_257' title='bbox 1178 2441 1213 2475; x_wconf 79' lang='grc' dir='ltr'><strong>ἐκ</strong></span> <span class='ocrx_word' id='word_1_258' title='bbox 1226 2442 1293 2475; x_wconf 72' lang='grc' dir='ltr'><strong>τῶν</strong></span> <span class='ocrx_word' id='word_1_259' title='bbox 1307 2437 1458 2474; x_wconf 78' lang='grc' dir='ltr'><strong><em>δεκαδύο</em></strong></span> 
     </span>
     <span class='ocr_line' id='line_1_32' title="bbox 126 2479 1456 2533; baseline 0.009 -22"><span class='ocrx_word' id='word_1_260' title='bbox 126 2479 268 2515; x_wconf 62' lang='lat' dir='ltr'><strong>Ammona</strong></span> <span class='ocrx_word' id='word_1_261' title='bbox 292 2485 359 2518; x_wconf 81' lang='grc' dir='ltr'><strong>τῶν</strong></span> <span class='ocrx_word' id='word_1_262' title='bbox 383 2485 417 2518; x_wconf 80' lang='grc' dir='ltr'><strong>ἐκ</strong></span> <span class='ocrx_word' id='word_1_263' title='bbox 440 2487 506 2520; x_wconf 87' lang='grc' dir='ltr'><strong>τοῦ</strong></span> <span class='ocrx_word' id='word_1_264' title='bbox 527 2484 743 2533; x_wconf 70' lang='grc' dir='ltr'><strong>Ἀνθρώπου</strong></span> <span class='ocrx_word' id='word_1_265' title='bbox 765 2489 824 2522; x_wconf 85' lang='grc' dir='ltr'><strong>καὶ</strong></span> <span class='ocrx_word' id='word_1_266' title='bbox 842 2489 941 2533; x_wconf 78' lang='grc' dir='ltr'><strong>Ζωῆς</strong></span> <span class='ocrx_word' id='word_1_267' title='bbox 965 2485 1168 2531; x_wconf 55' lang='grc' dir='ltr'><em>γενομένων.</em></span> <span class='ocrx_word' id='word_1_268' title='bbox 1271 2485 1322 2531; x_wconf 48' lang='grc' dir='ltr'><strong>ν4)</strong></span> <span class='ocrx_word' id='word_1_269' title='bbox 1347 2487 1456 2519; x_wconf 73' lang='lat' dir='ltr'><strong>Rhen-</strong></span> 
     </span>
     <span class='ocr_line' id='line_1_33' title="bbox 129 2531 1455 2579; baseline 0.007 -23"><span class='ocrx_word' id='word_1_270' title='bbox 129 2536 216 2559; x_wconf 86' lang='lat' dir='ltr'><strong>corr.</strong></span> <span class='ocrx_word' id='word_1_271' title='bbox 233 2532 272 2560; x_wconf 83' lang='lat' dir='ltr'><strong>et</strong></span> <span class='ocrx_word' id='word_1_272' title='bbox 297 2531 336 2562; x_wconf 87' lang='lat' dir='ltr'><strong>iu</strong></span> <span class='ocrx_word' id='word_1_273' title='bbox 347 2542 390 2563; x_wconf 84' lang='lat' dir='ltr'><strong>re</strong></span> <span class='ocrx_word' id='word_1_274' title='bbox 410 2543 458 2572; x_wconf 82' lang='lat' dir='ltr'><strong>ap</strong></span> <span class='ocrx_word' id='word_1_275' title='bbox 469 2535 567 2573; x_wconf 85' lang='lat' dir='ltr'><strong>pell.</strong></span> <span class='ocrx_word' id='word_1_276' title='bbox 663 2534 699 2579; x_wconf 87' lang='grc'><strong>5)</strong></span> <span class='ocrx_word' id='word_1_277' title='bbox 726 2537 833 2569; x_wconf 77' lang='grc' dir='ltr'><strong>Εᾱὶῐῐ.</strong></span> <span class='ocrx_word' id='word_1_278' title='bbox 848 2545 982 2569; x_wconf 79' lang='lat' dir='ltr'><strong>omnes:</strong></span> <span class='ocrx_word' id='word_1_279' title='bbox 1008 2537 1035 2566; x_wconf 92' lang='lat' dir='ltr'><em>U</em></span> <span class='ocrx_word' id='word_1_280' title='bbox 1047 2538 1074 2571; x_wconf 85' lang='lat' dir='ltr'><strong>t.</strong></span> <span class='ocrx_word' id='word_1_281' title='bbox 1171 2535 1208 2575; x_wconf 87' lang='grc'><strong>6)</strong></span> <span class='ocrx_word' id='word_1_282' title='bbox 1234 2534 1308 2575; x_wconf 74' lang='lat' dir='ltr'><strong>mg.</strong></span> <span class='ocrx_word' id='word_1_283' title='bbox 1321 2543 1455 2566; x_wconf 77' lang='lat' dir='ltr'><strong>mora-</strong></span> 
     </span>
     <span class='ocr_line' id='line_1_34' title="bbox 129 2575 625 2614; baseline 0.022 -12"><span class='ocrx_word' id='word_1_284' title='bbox 129 2575 229 2614; x_wconf 85' lang='lat' dir='ltr'><strong>tam,</strong></span> <span class='ocrx_word' id='word_1_285' title='bbox 256 2576 340 2608; x_wconf 79' lang='lat' dir='ltr'><strong>ista</strong></span> <span class='ocrx_word' id='word_1_286' title='bbox 366 2580 539 2612; x_wconf 83' lang='lat' dir='ltr'><strong>student</strong></span> <span class='ocrx_word' id='word_1_287' title='bbox 560 2583 625 2613; x_wconf 85' lang='lat' dir='ltr'><strong>etc.</strong></span> 
     </span>
    </p>
   </div>
  </div>
 </body>
</html>
