1604 2800
215 187 314 224 312
661 186 786 219 ADV.
822 186 1095 218 IUDAEOS.

215 282 492 320 convincentur
516 276 661 318 Iudaei.
698 278 935 330 Accingere,
963 279 1083 330 inquit
1108 275 1243 324 David,
1270 289 1399 316 ensem
1425 291 1539 331 supra
1576 292 1584 295 “

212 340 348 377 femur.
370 338 406 384 ¹)
481 335 559 375 Sed
596 334 686 388 quid
722 349 837 388 supra
873 336 969 387 legis
1006 335 1053 374 de
1092 335 1271 374 Christo?
1313 332 1452 389 ὡραῖος
1485 334 1541 387 τῷ

211 392 412 443 animast)
451 395 697 446 tempestivus
724 393 867 432 decore
893 406 1008 445 super
1033 393 1132 431 filios
1157 393 1368 440 hominum,
1401 391 1541 432 diffusa

212 459 272 491 est
301 452 425 504 gratia
450 452 488 490 in
515 452 624 490 labiis
655 453 741 490 tuis.
756 451 791 499 ³)
862 450 986 491 Valde
1012 457 1138 489 autem
1164 449 1368 489 absurdum
1394 457 1465 499 est,
1491 451 1538 498 si,

213 522 322 561 quem
347 508 396 548 ad
420 505 677 548 bellum.ense
705 508 898 559 cingebat,
925 509 962 547 ei
988 507 1036 546 de
1061 508 1358 559 tempestivitate
1384 505 1540 548 decoris

211 574 251 605 et
277 567 461 605 labiorum
488 567 612 618 gratia
636 565 916 613 blandiebatur,
944 564 990 604 de
1018 571 1091 617 quo
1111 565 1344 616 subiungens
1365 563 1539 604 dicebat:

210 623 377 663 extende
404 631 443 662 et
474 636 660 676 prospera
691 631 731 662 et
759 636 892 675 regna.
965 622 1016 661 Et
1045 622 1208 662 adiecit:
1247 628 1407 674 propter
1441 622 1540 661 leni-

210 688 325 720 tatem
352 688 392 720 et
415 682 597 719 iustitiam
635 682 803 728 maiust)
877 680 969 728 Quis
1006 693 1136 726 ensem
1168 680 1467 730 accingetur,⁵)
1499 685 1540 718 et

209 751 284 776 non
312 740 507 777 contraria
533 739 679 777 lenitati
706 745 746 776 et
771 738 938 776 iustitiae
970 744 1148 784 exercet,
1185 736 1224 775 id
1256 743 1316 775 est
1347 735 1474 775 dolum
1499 742 1541 775 et

210 796 457 846 asperitatem
483 802 523 833 et
546 796 786 841 iniustitiam,
819 796 976 846 propria
1007 795 1159 834 scilicet
1184 795 1342 845 negotia
1366 793 1539 846 proelio-

209 853 317 888 rum?
353 850 559 889 Videamus
585 864 694 901 ergo,
720 865 768 889 an
794 852 890 889 alius
915 853 966 889 sit
991 853 1092 890 ensis
1118 852 1196 898 ille,
1225 853 1331 890 cuius
1357 858 1418 890 est
1441 850 1538 889 alius

209 914 336 954 actus,
374 906 413 945 id
439 915 498 946 est
525 906 605 954 dei,
644 920 769 946 sermo
796 906 963 953 divinus,
1000 908 1060 946 bis
1085 915 1219 945 acutus
1245 906 1392 946 duobus
1417 914 1538 946 testa-

208 965 345 1002 mentis
371 965 468 1016 legis
494 966 670 1016 antiquae
697 972 736 1003 et
762 965 858 1014 legis
883 977 1019 1011 novae,
1047 971 1180 1002 acutus
1205 965 1418 1015 sapientiae
1443 976 1536 1002 suae

207 1022 415 1072 aequitate,
443 1020 609 1059 reddens
634 1022 838 1072 unicuique
863 1020 1070 1058 secundum
1097 1027 1223 1058 actum
1248 1033 1368 1058 suum.
1423 1019 1538 1060 Licet

208 1091 303 1129 ergo
330 1085 369 1116 et
396 1078 549 1116 Christo
576 1077 639 1115 dei
664 1078 702 1115 in
727 1077 880 1129 psalmis
905 1078 987 1115 sine
1012 1077 1165 1116 bellicis
1189 1076 1305 1115 'ebus
1330 1089 1422 1115 ense
1454 1089 1537 1115 ser-

207 1136 329 1173 monis
360 1134 423 1173 dei
461 1135 661 1186 praecingi
699 1135 883 1186 figurato,
924 1135 986 1173 cui
1022 1133 1223 1186 praedicta
1259 1134 1538 1186 tempestivitas

208 1198 398 1242 congruat
423 1205 506 1230 cum
534 1194 658 1242 gratia
685 1192 884 1238 labiorum,
914 1204 1024 1243 quem
1051 1199 1141 1229 tunc
1168 1190 1397 1241 cingebatur
1421 1203 1537 1243 super

205 1249 330 1287 femur
354 1248 452 1300 apud
479 1248 619 1295 David,
654 1248 804 1300 quando
830 1255 1012 1288 venturus
1036 1249 1075 1286 in
1102 1255 1226 1286 terras
1251 1260 1301 1286 ex
1325 1246 1389 1286 dei
1414 1249 1536 1299 patris

207 1303 366 1343 decreto
382 1306 638 1344 nuntiabatur.
679 1305 867 1352 Deducet,
894 1306 1026 1357 inquit,
1048 1313 1086 1344 te
1107 1304 1328 1356 magnitudo
1349 1304 1535 1344 dexterae

205 1363 365 1410 tuae,⁶)
405 1363 523 1401 virtus
566 1363 717 1401 scilicet
759 1364 907 1414 gratiae
951 1363 1150 1415 spiritalis,
1195 1361 1243 1401 de
1282 1375 1369 1414 qua⁴
1393 1360 1537 1401 Christi

206 1420 352 1468 agnitio
379 1418 594 1458 deducitur.
651 1419 825 1471 Sagittae
851 1427 954 1468 tuae,
981 1421 1114 1472 inquit,
1141 1419 1355 1472 acutae,'¹)v
1371 1432 1443 1472 per
1465 1431 1536 1458 vo-

206 1475 325 1514 lantia
353 1477 483 1527 utique
510 1476 571 1514 dei
598 1484 823 1527 praecepta,
862 1478 1051 1516 minantes
1088 1476 1369 1516 traductionem
1405 1476 1535 1515 unius-

207 1533 388 1584 cuiusque
415 1531 556 1579 cordis,
583 1539 622 1570 et
647 1540 948 1584 compungentes
969 1541 1010 1571 et
1034 1535 1305 1585 transfigentes
1331 1534 1535 1572 conscien-

204 1589 295 1627 tiam
322 1602 519 1640 quamque.
586 1589 720 1640 Populi
753 1589 820 1627 sub
846 1596 884 1627 te
912 1588 1120 1640 cadent‚⁸)
1151 1591 1280 1641 utique
1312 1589 1534 1629 adorantes.

205 1643 272 1684 Sic
297 1645 528 1697 bellipotens
554 1653 594 1684 et
618 1648 787 1697 armiger
811 1646 984 1684 Christus
1015 1653 1092 1693 est3
1125 1647 1181 1685 sic
1213 1647 1381 1698 accipiet
1410 1646 1535 1698 spolia

203 1715 280 1740 non
306 1703 423 1741 solius
451 1701 661 1749 Samariae,
692 1716 823 1741 verum
850 1709 890 1741 et
915 1704 1079 1741 omnium
1105 1704 1299 1754 gentium.
1347 1701 1533 1754 Agnosce

204 1766 244 1798 et
263 1760 386 1811 spolia
412 1760 587 1811 figurata,
615 1761 721 1798 cuius
747 1767 786 1798 et
810 1773 914 1798 arma
940 1760 1154 1811 allegorica
1179 1758 1364 1798 didicisti.
1392 1759 1534 1812 ‘Atque

204 1817 257 1854 ita
277 1818 316 1855 in
336 1824 479 1855 tantum
502 1817 687 1864 Christus,
715 1818 777 1868 qui
801 1818 918 1863 venit,
945 1830 1022 1854 non
1046 1817 1120 1855 fuit
1142 1817 1321 1863 bellator,
1349 1817 1436 1868 quia
1456 1830 1535 1856 non

203 1874 289 1912 talis
321 1874 367 1912 ab
400 1874 516 1913 Esaia
552 1873 862 1926 praedicabatur.
936 1872 1016 1912 Sed
1052 1875 1083 1912 si
1116 1873 1308 1920 Christus,
1346 1874 1533 1926 inquiunt,

203 1931 264 1982 qui
290 1938 470 1970 venturus
497 1931 680 1978 creditur,
707 1944 730 1969 a
751 1930 903 1970 ludaeis
927 1938 968 1969 et
995 1930 1146 1976 dicitur,
1173 1944 1250 1969 non
1275 1937 1335 1970 est
1358 1930 1532 1979 Iesus‚⁹)

204 2001 321 2039 quare
347 1989 397 2036 is,
437 1990 499 2040 qui
528 1990 652 2035 venit,
691 1987 797 2027 Iesus
823 1988 995 2026 Christus
1032 1988 1273 2040 appellatur?
1332 1986 1535 2027 Constabit

202 2051 327 2083 autem
365 2053 564 2098 utrumque
601 2059 740 2084 nomen
771 2046 810 2083 in
842 2044 995 2083 Christo
1034 2044 1116 2091 dei,
1153 2046 1192 2083 in
1229 2058 1303 2096 quo
1341 2045 1534 2084 invenitur

202 2103 316 2140 etiam
331 2102 436 2141 Iesus
455 2104 681 2155 appellatus.
719 2102 836 2141 Disce
857 2103 1002 2141 erroris
1021 2103 1075 2140 tui
1097 2113 1254 2140 morem.
1292 2100 1389 2139 Dum
1402 2100 1532 2152 Moysi

203 2171 406 2198 successor
430 2159 703 2199 destinaretur.
739 2158 866 2198 Auses
891 2159 989 2198 filius
1013 2158 1137 2206 Nave,
1163 2158 1396 2197 transfertur
1421 2164 1529 2197 certe

202 2214 249 2254 de
269 2217 430 2267 pristino
451 2218 616 2263 nomine,
639 2224 679 2255 et
698 2218 834 2268 incipit
851 2217 985 2260 vocari
1000 2215 1118 2255 lesus.
1135 2216 1199 2262 ¹⁰)
1239 2214 1370 2262 Certe,
1390 2215 1528 2267 inquis.

202 2271 309 2311 Hanc
334 2275 438 2325 prius
464 2273 623 2313 dicimus
654 2274 813 2326 figuram
843 2274 963 2312 futuri
987 2273 1123 2314 fuisse.
1180 2271 1280 2311 Nam
1305 2273 1394 2324 quia
1416 2268 1527 2320 lesus

293 2388 329 2427 1)
347 2388 513 2429 Ps.45‚4.
584 2387 618 2429 2)
642 2389 754 2419 Verba.
778 2397 903 2429 graeca
928 2397 998 2419 non
1023 2389 1104 2419 sunt
1127 2388 1164 2418 in
1186 2386 1421 2419 cofl.Fu1d.et
1433 2384 1526 2424 apud

201 2431 275 2471 Rig.
343 2431 378 2474 3)
393 2434 445 2464 Ps.
459 2436 514 2474 45,
530 2436 560 2465 3.
631 2434 723 2474 4)ib.
738 2444 767 2466 v.
783 2437 813 2464 5.
884 2431 922 2476 5)
937 2433 1019 2466 eod.
1031 2434 1129 2466 Fuld.
1143 2435 1177 2464 et
1190 2433 1265 2472 Rig.
1286 2433 1390 2468 Qui·
1416 2429 1526 2461 enim

201 2486 299 2507 ense
325 2481 587 2517 operabitur.
658 2478 697 2521 6)
711 2481 764 2511 Ps.
779 2482 834 2519 45,
850 2482 881 2511 6.
953 2480 1093 2518 Ἷ)ἰΙ).ν.
1109 2482 1139 2510 5.
1199 2479 1236 2519 8)
1249 2478 1350 2514 ibid.v
1389 2476 1426 2516 9)
1441 2475 1550 2508 Cod.‘

199 2522 295 2552 Fuld.
321 2526 355 2554 et
381 2525 453 2564 Rig'.
479 2526 548 2565 qui
579 2529 787 2556 venturus
826 2521 1037 2566 creditur,
1074 2534 1155 2556 non
1188 2526 1308 2556 Iesu·
1345 2521 1523 2562 dieitur,

201 2576 330 2604 quare
355 2570 390 2600 is
412 2573 476 2602 etc.
572 2570 633 2611 10)
650 2572 805 2602 Num.13
835 2573 888 2601 17.
