1566 2808
147 197 217 234 68
376 174 529 229 μΑΒν.
565 197 929 228 ΜΔΒΟΙΟΝΕΜ
964 195 1139 226 LIBER
1175 195 1203 227 1

148 290 238 328 nolo
265 290 338 327 iam
366 288 413 328 de
439 297 549 342 parte
582 290 728 327 maiore
761 290 1001 340 pereuntium
1027 287 1293 338 imperfectum
1320 284 1472 323 bonita-

147 348 195 385 tis
221 359 386 397 arguere
413 347 524 385 deum
549 346 779 393 Marcionis,
818 347 959 384 sufficit
984 347 1105 396 ipsos,
1146 357 1250 395 quos
1264 342 1390 392 salvos
1415 341 1473 380 fa-

149 405 219 450 cit,
258 405 508 455 imperfectae
547 404 679 442 salutis
721 404 915 450 inventos,
959 403 1223 454 imperfectam
1261 400 1472 438 bonitatem

149 462 230 499 eius
257 460 483 507 ostendere,
516 461 668 499 scilicet
693 461 816 499 anima
842 468 952 499 tenus
977 461 1120 506 salvos,
1149 470 1265 496 carne
1292 455 1474 508 deperdi-

148 526 227 564 tos,
261 531 357 569 quae
389 517 488 570 apud
522 519 626 556 ilium
652 531 726 555 non
753 519 936 569 resurgit.
1000 516 1109 555 Unde
1136 516 1231 554 baec
1259 513 1473 553 dimidiatio

149 576 298 622 salutis,
338 577 409 614 nisi
442 589 491 614 ex
523 574 743 614 defectione
775 575 982 613 bonitatis?
1049 572 1146 621 Quid
1178 574 1311 622 erat1)
1345 571 1474 624 perfe-

151 640 236 671 ctae
268 633 470 680 honitatis,
511 646 620 684 quam
653 640 772 670 totum
805 633 995 671 bominem
1014 630 1208 681 redigere
1235 631 1273 668 in
1299 630 1473 674 salutem,

148 697 269 728 totum
296 689 511 729 damnatum
537 704 559 728 a
585 697 777 736 creatore,
806 697 924 728 totum
950 703 972 727 a
999 688 1072 727 deo
1101 688 1244 740 optimo
1270 687 1476 727 allectum?

151 746 261 795 Quod
293 748 410 785 sciam
424 749 482 795 2),
522 755 561 785 et
592 761 683 785 caro
721 748 907 798 tinguitur
938 746 1037 798 apud
1070 746 1191 791 illum,
1231 751 1271 782 et
1301 757 1393 783 earo
1426 742 1474 781 de

151 805 293 856 nuptiis
319 805 483 851 tollitur,
518 812 557 843 et
590 818 682 843 caro
713 805 750 842 in
778 805 1024 843 confessione
1051 803 1214 840 nominis
1240 801 1474 840 desaevitur.

152 860 231 900 Sed
257 862 330 900 etsi
356 863 462 900 carni
488 861 632 900 delicta
657 869 894 914 reputantur,
927 860 1129 913 praecedit
1155 861 1303 898 animae
1331 858 1474 904 reatus,

151 927 191 958 et
218 920 352 971 culpae
379 920 615 971 principatus
641 920 790 958 animae
816 920 942 971 potius
968 916 1265 963 adscribendus,
1293 916 1354 954 eui
1381 927 1473 954 caro

149 977 312 1015 ministri
339 978 490 1015 nomine
512 977 694 1015 occurrit.
735 976 880 1026 Carens
908 975 1071 1026 denique
1098 975 1222 1013 anima
1249 986 1355 1020 caro,
1381 972 1475 1011 hac-

151 1041 261 1072 tenus
292 1041 443 1085 peccat.
506 1034 563 1072 lta
596 1041 635 1072 et
664 1034 702 1070 in
735 1034 809 1072 hooc
836 1034 974 1072 iniusta
998 1033 1150 1070 bonitas
1176 1038 1216 1069 et
1240 1032 1296 1069 sic
1323 1042 1473 1082 quoque

151 1092 393 1142 imperfecta,
421 1092 725 1129 innocentiorem
746 1091 993 1128 substantiam
1014 1090 1234 1141 relinquens
1250 1089 1287 1126 in
1302 1089 1473 1134 exitium,

153 1148 357 1199 obsequio,
398 1161 473 1186 non
499 1149 679 1193 arbitrio,
721 1144 1024 1199 delinquentem;
1064 1147 1170 1185 cuius
1197 1145 1369 1184 Christus
1401 1146 1475 1183 etsi

152 1219 227 1243 non
254 1204 376 1243 induit
398 1206 619 1251 veritatem,
653 1211 694 1242 ut
719 1211 806 1242 tuae
833 1205 985 1243 haeresi
1009 1205 1128 1242 visum
1155 1210 1230 1250 est,
1270 1203 1474 1253 imaginem

153 1270 277 1301 tamen
310 1264 391 1301 eius
424 1263 551 1300 subire
585 1262 762 1312 dignatus
794 1269 866 1300 est.
928 1261 1052 1314 Ipsum
1085 1259 1185 1313 quod
1211 1261 1388 1303 mentitus
1414 1266 1476 1298 est

151 1320 272 1366 iliam,
299 1319 442 1371 aliquid
469 1321 503 1358 ei
531 1319 712 1368 debuit3)
746 1319 936 1358 debuisse.
1001 1318 1098 1367 Quid
1124 1325 1183 1357 est
1207 1325 1332 1356 autem
1357 1317 1472 1355 homo

152 1376 273 1424 aliud,
301 1390 410 1428 quam
438 1390 549 1423 caro,
583 1376 768 1428 siquidem
795 1390 932 1415 nomen
959 1377 1120 1416 bominis
1146 1377 1306 1414 materia
1333 1388 1474 1426 corpo—

151 1434 262 1480 ralis,
301 1447 377 1471 non
403 1435 595 1480 animalis,
636 1434 682 1471 ab
709 1440 869 1473 auctore
896 1435 1034 1486 sortita
1060 1435 1144 1471 est?
1203 1432 1253 1470 Et
1283 1433 1378 1470 fecit
1402 1432 1472 1469 ho-

150 1492 288 1529 minem
315 1490 426 1538 deus,
460 1492 598 1542 inquit,
633 1491 758 1529 limum
785 1490 832 1529 de
859 1498 981 1537 terra,
1016 1504 1093 1528 non
1117 1490 1298 1536 animam,
1329 1489 1473 1543 (anima

135 1549 249 1586 -enim
288 1547 335 1586 de
374 1548 534 1600 afflatu,)
572 1555 612 1587 et
647 1549 771 1587 factus
809 1555 868 1586 est
904 1549 1017 1586 bomo
1055 1549 1092 1586 in
1130 1548 1292 1586 animam
1333 1548 1471 1594 vivam,

151 1607 276 1657 (quis?
311 1607 440 1658 utique
474 1607 535 1657 qui
568 1605 616 1644 de
643 1606 763 1654 iimo,)
791 1613 830 1644 et
854 1607 981 1657 posuit
1007 1605 1099 1644 deus
1124 1606 1315 1643 hominem
1341 1605 1379 1642 in
1403 1617 1472 1655 pa-

149 1662 277 1701 radiso
292 1665 346 1712 4),
373 1662 474 1715 quod
499 1663 626 1709 finxit,
655 1677 731 1700 nou
759 1661 859 1714 quod
885 1664 1006 1709 flavit,
1041 1664 1103 1714 qui
1130 1675 1222 1700 caro
1249 1675 1367 1708 nunc,
1394 1674 1471 1699 non

149 1721 210 1771 qui
237 1721 375 1758 anima.
436 1720 588 1771 Itaque,
627 1721 659 1758 si
690 1721 743 1758 ita
773 1726 850 1766 est,
891 1733 964 1771 quo
998 1733 1065 1758 ore
1099 1718 1310 1757 contendes
1341 1719 1472 1770 perfe-

148 1784 247 1815 ctum
273 1777 456 1816 bonitatis
488 1778 655 1822 titulum,
696 1790 792 1829 quae
825 1790 899 1814 non
931 1778 1005 1815 iam
1031 1791 1053 1815 a
1078 1777 1284 1828 partitione
1311 1776 1473 1828 speciali

146 1834 309 1872 hominis
335 1834 526 1874 liberandi
559 1834 721 1882 defecit,
755 1834 823 1873 scd
855 1848 877 1873 a
903 1836 1143 1886 proprietate
1170 1835 1369 1885 generali?
1426 1832 1472 1872 Si

145 1891 259 1942 plena
285 1899 343 1930 est
369 1894 494 1943 gratia
526 1900 566 1930 et
597 1892 720 1930 solida
752 1892 1038 1939 misericordia,
1080 1904 1175 1944 quae
1213 1892 1285 1930 soli
1321 1892 1471 1930 animae

145 1949 322 1986 salutaris
354 1956 430 1995 est,
469 1949 553 2000 plus
583 1956 756 2000 praestat
787 1950 884 1988 haec
921 1950 1017 1996 vita,
1057 1963 1130 2001 qua
1160 1950 1232 1987 toti
1264 1956 1304 1988 et
1329 1949 1471 2000 integri

143 2006 315 2044 fruimur.
379 2006 559 2044 Ceterum
593 2019 641 2044 ex
670 2013 781 2058 parte
813 2020 1038 2057 resurgere,
1077 2007 1229 2046 multari
1261 2008 1353 2053 erit,
1393 2019 1470 2044 non

143 2062 313 2101 liberari.
375 2063 471 2101 Erat
501 2071 541 2101 et
572 2063 664 2101 illud
695 2064 895 2115 perfectae
926 2065 1127 2111 bonitatis,
1165 2071 1207 2102 ut
1232 2064 1344 2101 homo
1373 2063 1470 2102 libe-

142 2128 247 2158 ratus
278 2122 317 2158 in
348 2120 460 2159 fidem
493 2120 556 2159 dei
589 2122 740 2172 optimi,
779 2123 904 2160 statim
938 2123 1173 2160 eximeretur
1197 2120 1244 2159 de
1271 2120 1468 2159 domicilio

142 2185 256 2230 atque
283 2175 478 2216 dominatu
504 2178 567 2216 dei
592 2179 709 2216 saevi.
771 2177 825 2217 At
856 2193 953 2218 nunc
988 2187 1027 2218 et
1052 2179 1275 2225 febricitas,
1316 2191 1337 2216 ο
1363 2178 1469 2216 Mar-

142 2236 303 2282 cionita,
338 2243 378 2274 et
403 2243 556 2275 ceteros
581 2235 743 2274 tribulos
775 2244 815 2275 et
840 2238 967 2288 spinas
994 2237 1106 2275 dolor
1132 2237 1258 2275 carnis
1284 2243 1372 2275 tuae
1398 2235 1468 2274 tibi

140 2292 240 2340 edit,
279 2306 351 2332 nec
389 2294 607 2332 fulminibus
638 2301 781 2332 tantum
813 2301 878 2332 aut
908 2295 1021 2333 bellis
1046 2302 1086 2333 et
1110 2294 1280 2346 pestibus
1305 2294 1466 2345 aliisque

140 2351 264 2402 plagis
291 2352 497 2399 creatoris,
522 2350 603 2390 'scd
635 2359 674 2390 et
698 2347 861 2404 scorpiis
893 2353 975 2391 eius
1008 2353 1196 2391 obiectus.
1258 2351 1299 2390 In
1326 2364 1399 2402 quo
1425 2355 1464 2388 te

233 2455 269 2494 1)
294 2455 369 2495 Rig.
397 2456 497 2494 quid
529 2456 636 2487 enim
666 2458 751 2487 tam
786 2458 887 2495 perf.
918 2459 1011 2489 bon.
1105 2457 1141 2496 2)
1168 2457 1276 2488 Rhen.
1303 2454 1467 2490 Quodsi

140 2499 232 2530 iam.
328 2502 364 2540 3)
390 2502 498 2534 Rheu.
524 2503 715 2534 v.debuit
743 2512 1039 2542 supervacaneum
1061 2512 1136 2533 esse
1151 2502 1290 2533 iudicat.
1327 2501 1464 2531 lunius:

139 2544 218 2618 3371>
229 2555 248 2576 u
261 2546 292 2575 it
319 2546 392 2578 deb
403 2549 529 2580 uisse.
579 2550 645 2580 Sed
658 2550 758 2581 locus
772 2550 915 2580 mutilus
931 2552 965 2580 et
987 2551 1171 2588 corruptus
1185 2550 1248 2579 est.
1326 2547 1363 2587 4)
1378 2547 1484 2580 Gen„

162 2611 171 2629 7
222 2600 270 2628 sq·
