1604 2800
449 170 575 204 ADV.
612 168 1048 202 HERMOGENEM.
1382 166 1415 202 5

73 265 139 305 ‘de
164 278 238 317 qua
264 264 491 303 universitas
517 263 704 302 consistit.
768 261 969 310 Quomodo
1001 258 1277 313 respondebit?
1324 258 1413 298 Non

90 324 218 363 statim
245 322 442 361 materiam
469 321 684 372 comparari
716 311 818 366 deos
850 320 881 357 si
914 318 1002 371 quid
1035 317 1096 357 dei
1129 317 1289 363 habeat,
1329 318 1416 368 quia

91 394 168 420 non
195 386 315 418 totum
340 376 518 418 habendo
544 391 620 416 non
653 383 861 416 concurrat
891 378 928 414 in
960 374 1233 428 plenitudinem
1262 387 1418 426 compa-

90 438 279 476 rationis?
304 435 400 485 Quid
426 434 501 474 deo
527 435 683 487 reliquit
707 434 879 486 amplius,
907 441 948 472 ut
974 433 1047 472 non
1075 439 1195 471 totum
1215 431 1278 470 dei
1299 439 1420 470 mate-

90 495 174 534 riae
200 493 352 533 dedisse
378 492 565 539 videatur,
592 492 653 530 vel
686 505 771 544 qua,
800 492 932 542 inquit,
961 498 1000 530 et
1024 492 1080 529 sic
1107 490 1273 528 habente
1299 496 1421 528 mate-

91 553 168 599 ria,
206 551 311 590 salva
347 552 397 589 sit
426 549 500 590 deo
533 557 573 588 et
602 551 814 588 auctoritas
840 557 878 587 et
904 549 1180 595 substantia‚¹)
1219 560 1293 598 qua
1317 547 1422 586 solus

91 617 132 649 et
162 609 305 661 primus
330 615 468 647 auctor
493 614 569 653 est,
608 615 648 646 et
673 606 847 644 dominus
880 607 1045 645 omnium
1074 612 1292 644 censeatur.
1341 604 1422 643 Ve-

91 668 187 706 ritas
212 673 338 705 autem
370 666 426 704 sic
460 678 571 703 unum
604 664 716 703 deum
752 665 891 714 exigit,
931 662 1196 709 defendendo,
1236 669 1277 699 ut
1301 662 1421 700 solius

91 724 162 772 sit,
189 722 369 776 quiequid
394 723 512 774 ipsius
539 729 611 760 est.
674 721 732 759 Ita
758 722 857 759 enim
884 722 1003 772 ipsius
1029 721 1123 765 erit,
1158 720 1191 757 si
1214 719 1334 757 suerit
1358 731 1422 756 so-

90 781 182 828 lius,
221 787 263 819 et
286 793 336 819 ex
361 780 435 818 hoc
462 779 559 817 alius
585 777 678 817 deus
705 791 780 815 non
806 778 928 828 possit
958 776 1126 822 admitti,
1165 775 1252 814 dum
1279 777 1420 814 nemini

90 838 186 878 licet
210 837 355 876 habere
381 835 430 875 de
456 834 530 874 deo
556 834 711 887 aliquid.
751 834 870 885 Ergo,
897 835 1033 886 inquis,
1061 846 1134 872 nec
1154 846 1224 872 nos
1238 833 1421 872 habemus

90 893 155 935 dei
179 893 343 947 aliquid3
380 895 457 932 imo
483 893 665 932 habemus
691 899 731 931 et
755 892 997 938 habebimus,
1036 890 1103 930 sed
1130 891 1177 929 ab
1203 892 1306 943 ipso,
1345 904 1422 928 non

91 966 115 1003 a
135 952 260 991 nobis.
320 950 419 990 Nam
446 957 487 989 et
511 950 573 990 dei
601 951 760 996 erimus,
799 950 831 988 si
864 950 1114 988 meruerimus
1142 949 1196 987 illi
1222 961 1334 994 esse,
1374 947 1422 985 de

90 1009 225 1063 quibus
250 1007 508 1062 praedicavit:
543 1021 617 1059 ego
644 1007 742 1053 dixi,
768 1020 837 1045 vos
862 1006 915 1045 dii
941 1008 1100 1054 estis,²)
1129 1013 1169 1044 et
1193 1006 1301 1044 stetit
1326 1005 1422 1043 deus

90 1069 132 1108 in
156 1067 328 1106 ecclesia
358 1066 592 1118 deorum33)
626 1064 694 1103 sed
720 1077 769 1103 ex
795 1066 920 1115 gratia
947 1065 1083 1116 ipsius,
1111 1077 1188 1101 non
1214 1076 1263 1102 ex
1289 1069 1422 1101 nostra

93 1125 346 1177 proprietate,
375 1124 463 1175 quia
488 1124 570 1174 ipse
597 1129 657 1160 est
680 1122 798 1167 solus,
826 1122 888 1172 qui
915 1120 1012 1159 deos
1036 1121 1170 1159 faciat.
1230 1119 1422 1158 Materiae

92 1188 221 1220 autem
246 1181 444 1232 proprium
471 1180 583 1225 facit,
622 1177 722 1230 quod
750 1191 833 1216 cum
860 1177 934 1216 deo
962 1177 1098 1224 habet3
1144 1183 1211 1215 aut
1241 1177 1271 1215 si
1298 1190 1321 1215 a
1346 1175 1422 1215 deo

92 1238 268 1290 accepit,
296 1236 400 1289 quod
425 1243 485 1275 est
509 1235 591 1282 dei,
620 1234 793 1274 ordinem
819 1234 908 1273 dico
935 1235 1194 1281 aeternitatis,
1227 1241 1358 1286 potest
1384 1241 1424 1272 et

94 1294 204 1335 credi
236 1301 277 1334 et
302 1293 447 1332 habere
473 1293 576 1332 illam
603 1306 687 1331 cum
714 1291 788 1330 deo
815 1291 977 1344 aliquid,
1011 1299 1051 1331 et
1077 1291 1189 1330 deum
1216 1291 1318 1329 illam
1345 1304 1422 1329 non

93 1365 194 1393 esse.
246 1352 366 1400 Quale
392 1358 453 1390 est
476 1357 616 1396 autem,
645 1363 729 1388 cum
757 1349 964 1388 confitetur
989 1350 1053 1388 ille
1080 1347 1222 1400 aliquid
1250 1362 1333 1387 cum
1349 1347 1422 1387 deo

93 1410 259 1456 babere,
297 1415 338 1448 et
361 1409 441 1447 vult
464 1408 582 1446 solius
608 1406 671 1446 dei
697 1419 802 1452 esse,
841 1406 942 1458 quod
976 1407 1172 1445 materiam
1204 1419 1280 1444 non
1308 1413 1426 1457 negat

94 1468 266 1508 habere?

211 1529 250 1569 6.
289 1524 394 1564 Dicit
418 1524 560 1563 salvum
587 1522 662 1562 deo
689 1536 788 1569 esse,
817 1530 857 1561 ut
883 1530 924 1561 et
948 1522 1052 1562 solus
1078 1523 1128 1561 sit
1152 1529 1192 1561 et
1217 1522 1360 1574 primus
1386 1528 1427 1560 et

97 1584 262 1623 omnium
287 1589 426 1622 auctor
451 1589 492 1621 et
517 1582 681 1620 omnium
708 1580 883 1619 dominus
903 1588 944 1619 et
956 1581 1098 1619 nemini
1125 1578 1424 1631 comparandus3

95 1654 168 1694 per
199 1653 296 1692 quae
327 1652 401 1679 nec
433 1646 492 1678 est
523 1639 704 1684 materia,
743 1639 779 1676 ei
812 1650 963 1689 quoque
995 1636 1240 1684 adscribit.⁴)
1303 1636 1426 1682 111e⁵)

96 1697 248 1750 quidem
273 1696 380 1743 deus,
408 1696 689 1735 contestabitur
714 1694 820 1738 deus,
847 1702 887 1733 et
911 1695 1051 1732 iuravit
1075 1707 1341 1744 nonnunquam
1355 1705 1428 1744 per

96 1761 219 1794 semet
244 1749 436 1805 ipsum,⁶)
464 1751 564 1803 quod
596 1753 692 1789 alius
717 1764 792 1788 non
819 1752 886 1795 sit,
914 1751 1034 1802 qualis
1059 1751 1154 1802 ipse.
1217 1749 1295 1789 Sed
1322 1762 1427 1787 meu-

97 1811 233 1850 dacem
259 1823 344 1849 eum
370 1809 489 1847 fac-iet
516 1808 799 1858 Hermogenes3
827 1808 902 1845 erit
926 1808 1025 1845 enim
1046 1814 1086 1845 et
1105 1808 1278 1853 materia,
1306 1807 1428 1858 qualis

98 1869 206 1915 deus,
232 1868 390 1913 infecta,
417 1866 565 1910 innata,
592 1865 738 1903 initium
765 1878 840 1902 non
867 1864 1010 1903 habens
1036 1877 1108 1903 nec
1136 1865 1261 1903 finem.
1311 1864 1429 1902 Dicet

98 1926 211 1966 deus:
250 1938 326 1976 ego
363 1923 579 1975 primus.'¹)
641 1921 692 1960 Et
728 1920 919 1973 quomodo
957 1922 1122 1974 primus,
1167 1923 1228 1960 cui
1266 1922 1428 1961 materia

99 1990 314 2023 coaetanea
345 1983 428 2020 est?
478 1980 584 2018 Inter
615 1985 850 2018 coaetaneos
881 1986 1007 2018 autem
1039 1986 1079 2018 et
1116 1979 1428 2032 contemporales

100 2040 199 2080 ordo
227 2053 302 2078 non
329 2045 400 2078 est.
456 2037 535 2076 Aut
560 2043 599 2075 et
623 2037 783 2075 materia
808 2037 929 2088 prima
954 2039 1037 2076 est?
1066 2036 1252 2084 Extendi,
1291 2037 1426 2089 inquit,

101 2098 252 2138 coelum
272 2095 438 2149 solus.⁸)
469 2095 616 2146 Atquin
633 2107 708 2132 non
727 2095 844 2141 solus,
871 2107 955 2133 cnm
977 2107 1024 2134 ea
1045 2096 1144 2134 enim
1165 2093 1352 2141 extendit,
1379 2093 1427 2132 de

102 2168 176 2207 qua
201 2161 242 2193 et
265 2152 456 2193 extendit.
519 2152 611 2190 Cum
639 2153 832 2205 proponit,
859 2152 964 2191 salvo
992 2151 1054 2192 dei
1079 2159 1181 2191 statu
1205 2153 1322 2191 fuisse
1350 2165 1427 2189 ma-

198 2337 235 2379 1)
272 2338 329 2371 Sic
356 2337 487 2368 emend.
514 2337 640 2375 Rhen.;
677 2337 729 2368 ed.
754 2338 778 2367 1.
804 2338 848 2368 et
870 2335 1131 2368 autoritati·
1157 2337 1197 2366 et
1224 2336 1427 2366 substan-

101 2386 201 2418 tiae.
296 2385 332 2423 2)
356 2385 412 2414 Pu.
434 2384 490 2422 82,
517 2386 548 2414 6.
643 2385 680 2423 3)
706 2383 785 2414 ibid.
810 2392 843 2415 v,
867 2387 898 2415 1.
991 2380 1026 2421 4)
1051 2384 1102 2413 lta
1126 2381 1326 2421 scripsimus
1346 2389 1429 2411 nua-

103 2432 206 2463 dente
231 2431 284 2463 ed.
304 2432 334 2461 -Ι,
362 2439 434 2469 per
459 2438 565 2467 quae
590 2438 664 2459 nec
691 2431 766 2459 ent.
813 2428 1024 2460 Materiae
1051 2437 1112 2466 qu.
1139 2428 1274 2459 adscr.
1321 2427 1428 2458 Rhen.

104 2487 194 2509 corr.
230 2486 308 2508 cum
343 2479 408 2507 cet.
446 2475 541 2506 editt.
580 2483 690 2513 quae
717 2484 813 2506 mox
837 2475 1047 2505 materiae
1072 2483 1133 2512 qu.
1159 2473 1297 2505 adser.
1392 2473 1429 2512 5)

104 2524 167 2554 Ed.
190 2524 305 2561 Fran„
331 2523 403 2564 Rig.
430 2521 514 2562 Ego
533 2530 594 2559 qu.
620 2521 734 2552 deun.
828 2519 866 2563 6)
892 2521 1021 2560 lenuit),
1038 2521 1092 2552 23.
1186 2519 1223 2559 7)
1248 2519 1430 2560 1es.41‚4.

105 2570 277 2611 44‚o.48,
291 2570 344 2599 η.
462 2568 499 2607 8)
527 2568 659 2606 lemn,
675 2568 728 2597 24.
