1566 2808
348 212 475 246 anv.
509 213 872 245 ιιιΑιισιοΝΕΜ
906 214 1085 245 numa
1120 216 1163 247 11.
1294 193 1300 197 ’
1356 214 1421 252 61

89 306 277 359 praesciit
299 312 341 345 et
362 304 619 359 praesciendo
640 304 840 358 disposuit,
868 313 978 346 certe
1002 307 1122 359 ipsam
1142 308 1422 359 transgressio-

89 377 196 412 nem,
223 377 332 416 quam
357 364 429 403 nisi
454 364 720 416 praesciisset,
748 377 819 402 nec
848 366 1065 403 cautionem
1092 365 1174 403 eius
1200 363 1422 416 delegasset

89 421 158 460 sub
184 428 286 461 metu
309 422 469 460 mortis?
518 420 641 472 Igitur
665 422 696 460 si
722 429 761 460 et
786 422 939 460 fuerunt
969 423 1006 460 in
1033 421 1107 460 deo
1133 423 1229 460 istae
1255 422 1419 461 faculta-

88 480 162 526 tes,
186 491 280 531 prae
306 479 442 532 quibus
467 479 560 516 nihil
586 479 674 517 mali
700 480 856 518 evenire
883 480 1026 531 homin-i
1051 487 1117 518 aut
1141 481 1330 532 potuisset
1354 488 1421 519 aut

89 534 304 584 debuisset,
330 544 371 579 et
396 537 638 575 nihilominus
664 538 812 575 evenit:
850 537 1047 584 videamus
1073 545 1113 579 et
1138 537 1300 575 hominis
1326 551 1421 576 con-

89 592 287 641 ditionem,
314 607 362 633 ne
387 607 458 646 per
478 594 580 632 illam
600 596 727 646 potius
754 596 939 641 evenerit,
968 593 1068 646 quod
1094 607 1166 646 per
1191 594 1302 633 deum
1329 608 1421 634 eve-

88 651 174 690 nire
200 665 276 690 nnn
301 653 439 704 potuit.
501 646 682 707 Liberum
709 659 748 691 et
772 653 829 690 sui
855 652 1006 690 arbitrii
1034 659 1073 690 et
1097 665 1188 690 suae
1214 653 1421 718 potestatis

88 709 243 749 invenio
268 709 459 748 hominem
483 722 506 748 a
532 708 607 747 deo
633 710 862 755 institutum,
902 710 1041 747 nullam
1067 710 1188 759 magis
1214 705 1419 759 imaginem

88 772 129 806 et
158 765 454 805 similitudinem
471 765 536 804 dei
567 767 604 803 in
630 766 696 804 illo
727 765 1055 813 animadvertens,
1096 779 1205 818 quam
1232 765 1420 805 eiusmodi

88 829 210 863 status
235 823 418 866 formam.
491 822 628 875 Neque
661 824 760 861 enim
793 824 894 862 facie
927 830 967 862 et
1002 823 1270 875 corporalibus
1307 824 1420 862 lineis

87 887 165 920 tam
188 881 306 919 variis
326 883 368 920 iu
396 893 540 933 genere
561 881 724 919 humano
746 880 794 919 ad
814 882 1041 920 uniformem
1069 880 1180 920 deum
1213 895 1419 934 expressus

87 945 166 986 est,
204 937 308 977 sed⁰
298 953 335 977 ιιι
363 952 410 978 ea
433 939 664 985 substantia,
705 952 814 990 quam
840 939 887 977 ab
914 940 996 992 ipso
1024 938 1098 977 deo
1125 940 1255 985 traxit,
1296 938 1334 978 id
1361 947 1422 978 est

87 996 238 1035 animae
263 995 312 1036 ad
337 997 497 1036 formam
523 995 585 1035 dei
605 995 887 1048 respondentis,
916 1004 956 1035 et
980 996 1130 1049 arbitrii
1155 998 1212 1035 sui
1240 997 1419 1035 libertate

87 1060 129 1093 et
163 1060 357 1106 potestate
393 1056 565 1105 signatus
602 1061 673 1092 est.
736 1053 845 1093 Hunc
883 1061 1019 1092 statum
1058 1055 1140 1093 eius
1179 1055 1421 1093 confirmavit

88 1111 205 1167 etiam
214 1109 310 1163 'ipsa
337 1112 401 1150 lex
425 1119 514 1150 tunc
541 1125 563 1150 a
589 1111 663 1150 deo
689 1112 826 1163 posita.
878 1111 966 1150 Non
994 1113 1092 1150 enim
1120 1119 1331 1163 poneretur
1356 1112 1421 1149 lex

89 1169 161 1216 ei,
184 1165 256 1220 qui,
283 1180 358 1207 non
391 1169 554 1208 haberet
584 1169 807 1219 obsequium
840 1167 1008 1207 debitum
1041 1169 1118 1219 legi
1150 1169 1187 1205 in
1214 1181 1281 1206 sua
1306 1175 1419 1222 pote-

88 1232 207 1272 state,
246 1238 318 1264 nec
334 1239 480 1264 'rursus
498 1226 755 1264 «comminatio
782 1227 915 1267 mortis
932 1226 1245 1276 ,transgressioni
1271 1224 1420 1264 adscri-

88 1282 266 1330 beretur,
304 1284 336 1321 si
374 1297 449 1321 non
486 1290 527 1321 et
558 1290 798 1334 contemptus
831 1283 928 1333 legis
959 1284 997 1320 in
1023 1283 1175 1320 arbitrii
1196 1283 1419 1321 libertatem

88 1340 232 1379 ho'mini
270 1340 557 1392 deputaretur.'
594 1338 660 1378 Sic
699 1347 738 1378 et
774 1341 812 1377 in
848 1341 1016 1390 posteris
1049 1339 1197 1390 legibus
1229 1341 1420 1378 creatoris

87 1398 280 1444 invenias,
318 1398 568 1449 proponentis
600 1403 688 1434 ante
720 1397 911 1434 hominem
936 1396 1076 1434 bonum
1103 1403 1144 1434 et
1167 1397 1324 1442 malum,
1362 1397 1419 1434 vi-

87 1461 164 1494 tam
190 1460 231 1493 et
254 1451 428 1499 mortem.
491 1453 571 1492 Sed
601 1466 675 1492 nec
707 1454 802 1492 alias
833 1460 953 1493 totum
987 1452 1162 1492 ordinem
1189 1453 1418 1505 disciplinae

87 1525 159 1566 per
182 1519 390 1564 praecepta
418 1511 661 1564 dispositum,
688 1518 888 1563 ‘avocante
921 1510 995 1549 deo
1027 1518 1068 1549 et
1092 1512 1259 1549 minante
1286 1518 1326 1549 et
1350 1524 1420 1549 ex-

87 1569 290 1617 hortante,
316 1570 389 1608 nisi
414 1577 454 1608 ct
481 1568 527 1608 ad
554 1569 777 1621 obsequium
803 1576 844 1607 et
867 1567 917 1607 ad
943 1567 1201 1621 contemptum
1228 1566 1352 1608 libero
1379 1576 1420 1607 et

85 1627 304 1666 voluntario
335 1627 492 1666 homini.

201 1688 243 1727 6.
293 1683 372 1724 Sed
399 1686 575 1736 quoniam
601 1697 658 1723 ex-
675 1684 750 1723 hoc
777 1677 1144 1736 iam⁷intelligimus,
1172 1698 1240 1723 eos
1265 1692 1419 1723 struen-

87 1748 148 1780 tes
173 1741 337 1780 liberam*
358 1742 521 1785 hominis
546 1749 777 1793 potestatem
797 1743 947 1780 arbitrii
973 1743 1043 1787 sui,
1070 1749 1112 1779 ut
1138 1741 1238 1792 quod
1264 1743 1300 1778 ei
1327 1754 1419 1779 eve-

87 1799 167 1846 nit„
183 1801 267 1837 non³
285 1797 373 1846 deo,
400 1798 467 1836 sed
494 1799 566 1850 ipsi
592 1798 998 1849 debeatvexprobrari,
1026 1811 1073 1836 ne
1100 1805 1140 1836 et
1163 1805 1202 1836 tu
1229 1798 1317 1836 hinc
1343 1799 1418 1836 iam

89 1859 288 1909 opponas,
319 1869 395 1894 non
421 1857 474 1894 ita
500 1856 603 1893 illum
635 1856 779 1893 institui
805 1855 1014 1901 debuisse,·
1042 1857 1071 1893 si
1100 1855 1258 1894 libertas
1285 1862 1324 1894 et
1347 1869 1419 1907 po-

87 1921 208 1953 testas
233 1910 383 1952 arbitrii
410 1914 575 1951 exitiosa
605 1913 733 1951 futura
758 1920 881 1959 esset,
919 1913 993 1950 hoc
1026 1925 1177 1964 quoque
1207 1914 1315 1967 prius
1349 1912 1419 1953 de-

87 1970 265 2020 fendam,
299 1972 355 2010 ita
379 1971 525 2009 institui
555 1964 759 2016 debuisse,
792 1981 876 2022 quo
891 1970 1030 2008 fortius
1056 1969 1339 2017 commendem,
1378 1977 1420 2008 et

87 2029 143 2068 ila
167 2030 378 2068 institutum
404 2036 444 2067 et
469 2028 584 2079 digne
605 2027 685 2066 deo
716 2028 946 2074 institutum,
985 2028 1139 2079 potiore
1178 2035 1334 2066 ostensa
1371 2040 1419 2066 ea

89 2099 246 2142 caussa,
283 2100 380 2140 quae
418 2087 471 2124 ita
510 2086 797 2124 fecit-institui.
858 2084 1112 2135 Bonitasydei
1145 2092 1185 2123 et
1208 2086 1417 2139 rationeius

88 2143 179 2182 huic
205 2158 355 2197 quoque
386 2145 562 2182 instituto
591 2143 957 2196 patrocinabuntur,
992 2144 1031 2180 in
1064 2143 1237 2181 omnibus
1264 2143 1418 2194 conspi-

88 2208 224 2240 rantes
244 2201 345 2254 apud
371 2201 483 2240 deum
509 2199 694 2240 nostrum.
753 2200 839 2239 Nec
870 2201 988 2239 ratio*
1004 2201 1105 2239 enim
1132 2201 1214 2238 sine
1241 2200 1417 2237 bonitate

87 2259 188 2298 ratio
215 2258 288 2307 est,
315 2272 387 2297 nec
412 2259 565 2298 bonitas
588 2260 671 2297 sine
698 2259 850 2297 ratione
875 2259 1041 2304 bonitas,
1069 2259 1142 2295 nisi
1168 2258 1270 2295 forte
1296 2268 1417 2308 penes

88 2315 202 2355 deum
242 2316 454 2355 Marcionis
495 2317 775 2355 irrationaliter
813 2316 973 2362 bo'num,
1016 2315 1125 2353 sicut
1166 2308 1415 2352 ostendimus.

89 2373 306 2426 Oportebat
330 2373 441 2413 deum
474 2375 680 2425 cognosci,
717 2374 858 2412 bonum
883 2374 963 2411 hoc
989 2374 1120 2424 utique
1147 2378 1187 2410 et
1211 2370 1415 2409 rationale.

89 2431 307 2484 Oportebat
342 2431 497 2483 dignum
534 2430 675 2497 aliquid
713 2443 819 2477 esse,
858 2429 960 2482 quod
992 2429 1103 2468 deum
1142 2434 1415 2479 cognosceret.

91 2488 187 2538 Quid
215 2496 291 2529 tam
317 2489 470 2547 dignum
496 2489 667 2541 prospici
692 2495 840 2540 posset,
869 2501 979 2539 quam
1005 2488 1131 2537 imago
1158 2485 1223 2524 dei
1248 2492 1289 2524 et
1313 2486 1417 2524 simi-

89 2546 236 2586 litudo?
294 2547 345 2585 Et
376 2547 450 2586 hoc
482 2547 622 2585 bonum
660 2547 760 2584 sine
774 2544 889 2583 dubio
916 2551 956 2583 et
985 2544 1187 2582 rationale.
1250 2542 1417 2595 Oporte-

88 2604 156 2643 bat
192 2606 310 2656 igitur
344 2606 549 2657 imaginem
580 2611 621 2644 et
650 2599 933 2643 similitudinem
965 2601 1028 2640 dei
1059 2602 1172 2641 liberi
1201 2600 1351 2639 arbitrii
1377 2607 1416 2639 et

148 2675 347 2707 Ten-rum..
378 2676 434 2707 ΠΙ.
1101 2663 1127 2703 6
