1604 2800
184 168 198 187 ι
569 140 693 171 Αυν.
731 140 999 172 lvnAssos.
1340 139 1445 176 208

128 231 314 269 honorem
339 228 541 277 dederunt,
569 229 761 270 dicentes:
798 232 837 269 hi
862 239 948 270 sunt
971 231 1037 278 dii,
1064 232 1127 283 qui
1151 243 1221 269 nos
1245 232 1447 270 eiecerunt

129 286 178 327 de
203 294 308 326 terra
330 286 513 340 Aegypti.
530 289 566 335 ¹)
616 286 684 326 Sic
707 301 865 340 namque
890 288 1170 340 posterioribus
1195 287 1444 340 temporibus,

130 343 263 396 quibus
298 357 414 394 reges
450 345 506 382 eis
542 345 796 395 imperabant,
841 351 880 383 et
917 358 999 384 cum
1038 344 1271 383 Hieroboam
1305 357 1446 383 vaccas

129 413 267 450 aureas
290 408 331 439 et
354 401 461 440 lucos
487 401 667 439 colebant
685 409 724 440 et
742 401 875 439 Bahali
894 415 935 440 se
956 401 1234 452 mancipabant.
1248 398 1287 448 2)
1335 398 1446 439 Unde

129 457 331 510 probatur,
370 470 438 495 eos
474 471 625 509 semper
654 458 896 496 idololatriae
929 459 1086 496 crimine
1110 470 1202 496 reos
1226 456 1448 508 designatos

130 527 181 552 ex
193 515 441 552 instrumento
463 513 670 551 divinarum
691 516 974 566 scripturarum.
1012 513 1157 553 Noster
1174 527 1267 552 vero
1287 513 1447 565 populus

131 572 274 618 minor,
303 569 345 609 id
368 578 427 608 est
450 572 661 621 posterior,
693 572 839 609 relictis
870 571 1000 617 idolis,
1033 571 1166 622 quibus
1195 577 1284 608 ante
1316 569 1449 608 deser·

130 627 279 673 violat,
315 626 364 665 ad
394 626 555 665 eundem
592 626 703 665 deum
740 641 947 666 conversus
977 634 1054 673 est,
1092 641 1113 664 a
1140 640 1213 678 quo
1239 626 1371 672 Israel,
1408 633 1451 664 ut

132 697 247 736 supra
265 685 566 730 memoravimus,
587 684 841 723 abscesserat.
880 683 945 722 Sic
960 697 1121 735 namque
1141 684 1300 734 populus
1312 683 1448 728 minor,

130 739 171 779 id
196 747 257 779 est
278 741 491 792 posterior,
523 741 702 791 populum
727 742 909 779 maiorem
935 741 1144 791 superavit,
1178 739 1262 777 dum
1290 739 1451 788 gratiam

131 795 284 836 divinae
309 796 542 846 dignationis
568 797 825 846 consequitur,
852 810 874 834 a
895 809 967 847 qua
986 795 1107 833 Israel
1132 802 1191 832 est
1214 794 1450 845 repudiatus.

224 890 225 893 ,
247 856 289 894 2.
337 852 461 902 Igitur
484 850 643 902 gradum
669 852 922 897 conferamus,
949 858 990 888 et
1013 863 1191 888 summam
1217 850 1452 901 quaestionis

132 909 253 961 ipsius
282 909 400 947 certis
430 908 541 946 lineis
572 906 879 945 determinemus.
941 906 1019 944 Cur
1048 907 1187 945 etenim
1219 905 1332 952 deus,
1370 906 1454 944 uni-

132 966 328 1004 versitatis
359 963 556 1010 eonditor,
587 962 715 1002 mundi
746 964 863 1001 totius
894 963 1146 1014 gubernator,
1178 963 1340 999 hominis
1370 962 1453 1012 pla-

134 1028 308 1066 smator,
328 1022 587 1058 universarum
612 1020 780 1070 gentium
806 1026 929 1064 sator,
962 1020 1085 1068 legem
1110 1030 1182 1069 per
1203 1018 1366 1069 Moysen
1390 1018 1454 1054 uni

133 1077 277 1130 populo
298 1075 449 1114 dedisse
470 1074 662 1121 credatur,
689 1082 730 1113 et
754 1088 828 1112 non
849 1075 1020 1112 omnibus
1039 1074 1215 1125 gentibus
1234 1073 1454 1111 attribuisse

136 1134 313 1172 dicatur?
346 1132 432 1171 Nisi
458 1133 556 1170 enim
583 1132 755 1170 omnibus
780 1144 863 1169 eam
895 1130 1082 1177 dedisset,
1120 1131 1222 1168 nullo
1259 1136 1374 1181 pacto
1397 1127 1455 1166 =ad

136 1203 221 1230 eam
246 1190 360 1228 etiam
384 1189 603 1240 proselytos
628 1201 677 1226 ex
701 1188 877 1238 gentibus
901 1200 1096 1226 accessum
1127 1186 1270 1224 habere
1300 1186 1456 1237 permit-

136 1253 252 1285 teret.
314 1244 392 1284 Sed
418 1252 459 1283 ut
484 1246 662 1295 congruit
685 1245 847 1282 bonitati
873 1243 934 1282 dei
961 1251 1000 1282 et
1024 1243 1206 1295 aequitati
1231 1243 1367 1294 ipsius,
1398 1248 1458 1279 ut-

137 1310 230 1356 pote
254 1303 495 1354 plasmatoris
519 1302 673 1351 generis
697 1301 867 1346 humani,
900 1300 1071 1338 omnibus
1096 1299 1273 1350 gentibus
1297 1297 1459 1336 eandem

138 1361 265 1410 legem
301 1357 428 1405 dedit,
467 1371 575 1409 quam
607 1358 724 1396 certis
750 1364 789 1395 et
813 1358 962 1394 statutis
992 1356 1226 1407 temporibus
1262 1354 1460 1393 observari

137 1416 352 1470 praecepit,
380 1414 530 1466 quando
554 1415 687 1459 voluit,
714 1421 754 1451 et
779 1426 849 1464 per
873 1426 966 1464 quos
989 1413 1122 1458 voluit,
1149 1419 1189 1450 et
1209 1412 1308 1449 sicut
1324 1411 1459 1449 voluit.

138 1473 314 1523 Namque
337 1473 376 1509 in
400 1472 590 1522 principio
614 1469 741 1508 mundi
766 1470 836 1520 ipsi
861 1469 972 1507 Adae
997 1476 1038 1506 et
1055 1468 1158 1505 Evae
1186 1468 1309 1517 legem
1336 1465 1458 1511 dedit,

139 1543 190 1568 ne
214 1527 263 1566 de
292 1529 420 1566 fructu
449 1527 599 1565 arboris
628 1527 822 1578 plantatae
852 1526 890 1563 in
920 1524 1045 1563 medio
1082 1523 1250 1576 paradisi
1286 1522 1460 1567 ederent,

141 1583 243 1638 quod
267 1579 299 1622 si
325 1591 461 1622 contra
490 1584 691 1629 fecissent,
729 1589 852 1620 morte
889 1581 1194 1624 morerentur.³)
1268 1579 1373 1624 Quae
1399 1579 1463 1615 lex

141 1643 200 1681 eis
223 1640 432 1685 sufficeret,
470 1641 503 1676 si
534 1646 638 1677 esset
669 1637 871 1676 custodita.
943 1636 986 1672 ln
1017 1635 1089 1672 bac
1114 1636 1212 1672 enim
1238 1633 1325 1684 lege
1351 1631 1462 1670 Adae

142 1697 234 1735 data
264 1697 389 1734 omnia
418 1702 607 1746 paecepta
639 1690 794 1730 condita
824 1691 1154 1740 recognoscimus,
1194 1702 1290 1740 quae
1326 1695 1464 1739 postea

142 1751 424 1805 pullulaverunt
460 1749 550 1787 data
585 1761 656 1799 per
689 1748 870 1798 Moysen,
908 1746 946 1784 id
983 1753 1060 1784 est:
1099 1745 1236 1795 diliges
1272 1744 1462 1782 domiuum

145 1808 257 1847 deum
286 1813 390 1844 tuum
421 1804 469 1843 de
500 1812 582 1842 toto
609 1803 727 1842 corde
753 1811 818 1840 tuo
844 1810 884 1841 et
908 1815 957 1841 ex
986 1808 1067 1839 tota
1097 1802 1219 1839 anima
1251 1801 1385 1847 tua‚⁴)
1424 1807 1465 1837 et

145 1865 285 1915 diliges
308 1863 518 1914 proximum
545 1861 613 1898 tibi
639 1867 813 1910 tanquam
839 1866 892 1897 te.
906 1860 944 1906 ⁵)
1004 1858 1055 1895 Et
1078 1871 1153 1895 non
1180 1857 1353 1902 occides,
1387 1869 1463 1893 non

146 1919 426 1964 moechaberis,
446 1931 522 1955 non
541 1915 791 1961 fraudaveris,
812 1916 946 1953 falsum
966 1915 1221 1952 testimonium
1241 1927 1316 1951 non
1336 1911 1462 1958 ‹lices3

148 1979 297 2016 honora
327 1982 474 2027 patrem
499 1980 601 2010 tuum
626 1980 667 2011 et
690 1979 867 2018 matrem,
905 1978 945 2009 et
974 1971 1136 2008 alienum
1167 1983 1244 2007 non
1281 1970 1465 2019 concupi-

147 2033 300 2082 scesst)
371 2029 632 2068 Primordialis
667 2030 767 2067 enim
799 2029 862 2066 lex
892 2034 951 2065 est
981 2026 1071 2065 data
1094 2025 1203 2064 Adae
1234 2032 1274 2064 et
1297 2025 1400 2062 Evae
1426 2025 1466 2062 in

148 2088 345 2142 paradiso,
373 2087 479 2138 quasi
503 2086 642 2123 matrix
666 2086 827 2123 omnium
853 2091 1146 2135 praeceptorum
1166 2082 1240 2120 dei.
1278 2080 1464 2131 Denique,

150 2148 183 2184 si
207 2144 398 2183 dominum
424 2142 532 2180 deum
559 2155 665 2180 suum
691 2140 926 2186 dilexissent,
954 2147 1089 2177 contra
1113 2144 1357 2190 praeceptum
1383 2136 1466 2173 eius

151 2215 228 2240 non
258 2201 459 2245 fecissent3
496 2199 527 2236 si
557 2199 766 2249 proximum
791 2196 1015 2246 diligerent,
1053 2194 1092 2233 id
1122 2201 1181 2232 est
1204 2199 1325 2230 semet
1347 2193 1464 2242 ipsos,

153 2257 390 2310 persuasioni
421 2256 609 2306 serpentis
640 2267 714 2291 non
747 2252 1019 2298 credidissent,
1057 2258 1170 2301 atque
1201 2250 1254 2286 ita
1284 2248 1321 2285 in
1347 2254 1467 2285 semet

249 2404 285 2443 1)
306 2403 416 2434 Exod.
437 2405 491 2440 32,
511 2403 542 2433 4.
562 2403 594 2433 8.
630 2404 647 2431 1
663 2402 742 2442 Reg.
763 2402 817 2440 12,
839 2402 893 2430 28.
964 2397 1002 2441 2)
1024 2399 1129 2436 meg.
1145 2398 1199 2437 12,
1215 2397 1267 2425 28.
1294 2394 1402 2434 16,³1
1419 2403 1468 2431 sq.

159 2449 196 2493 3)
217 2452 299 2480 Gen.
314 2451 344 2491 2,
359 2450 411 2478 ιτ.
505 2449 542 2486 4)
562 2448 662 2477 nent.
677 2450 708 2486 o,
725 2449 756 2476 5.
852 2445 888 2484 5)
908 2446 986 2476 ιον.
1008 2446 1059 2482 19,
1082 2444 1134 2473 18.
1228 2442 1266 2480 6)
1285 2440 1394 2470 Exod.
1415 2440 1469 2478 2⁰,

161 2498 316 2528 12—16.
445 2499 451 2502 *
