1624 2826
235 209 341 248 2³6
450 199 615 243 >ADV.
646 210 1011 242 MARCIONEM
1045 209 1221 241 LIBER
1246 208 1302 239 lv.

236 317 332 344 ecce
358 316 458 343 emm
485 304 585 342 intra
609 317 678 342 vos
704 311 763 342 est
787 316 946 354 regnum
975 302 1050 341 dei.
1112 301 1162 340 Et
1192 314 1240 340 ne
1272 307 1561 351 argumentetur

236 361 398 402 audacia
421 362 631 407 haeretica,
659 360 706 399 de
733 374 855 412 regno
882 361 1084 407 creatoris,
1112 359 1158 398 de
1181 373 1253 411 quo
1275 358 1558 406 consulebatur,

236 434 311 458 non
338 418 385 458 de
411 432 479 457 suo
518 418 760 470 respondisse
794 420 849 457 eis
883 417 1093 464 dominum,
1132 417 1328 469 sequentia
1357 415 1558 471 obsistunt,

236 477 368 516 dicens
405 477 505 515 enim
543 477 657 514 filium
695 477 858 514 hominis
895 470 1138 514 ante'multa
1175 475 1253 527 pati
1286 480 1326 512 et
1355 473 1560 525 reprobari

236 542 437 587 oportere,
478 541 566 572 ante
598 533 799 572 adventum
833 534 1011 582 suum,1)
1050 534 1087 571 in
1115 546 1189 585 quo
1222 539 1261 570 et
1286 544 1444 583 regnum
1471 530 1559 571 sub-

235 592 465 632 stantialiter
501 592 752 638 revelabitur,
792 605 897 629 suum
930 590 1098 629 ostendit
1128 597 1167 629 et
1191 603 1370 641 regnum,
1409 587 1457 628 de
1484 603 1558 642 quo

234 649 507 702 responderat,
541 649 638 701 quod
666 650 864 701 passiones
891 657 931 687 et
956 648 1252 701 reprobationes
1277 648 1395 699 ipsius
1420 659 1560 700 exspe-

235 708 380 746 ctabat.
443 706 657 758 Reprobari
701 714 825 745 antem
870 707 1016 745 habens
1060 713 1099 744 et
1141 713 1278 758 postea
1321 707 1482 756 agnosci
1520 712 1561 744 et

209 765 371 803 *assumi
398 771 438 802 et
463 765 615 811 extolli,
655 765 769 802 etiam
801 765 920 815 ipsum
952 763 1109 802 verbum
1141 763 1343 815 reprobari
1375 761 1464 802 inde
1491 761 1559 802 de-

235 823 400 873 cerpsit,
444 821 508 860 ubi
546 822 583 859 in
622 821 758 873 lapidis
796 822 1012 872 aenigmate
1049 827 1210 871 utraque
1241 820 1437 858 *revelatio
1476 821 1558 859 eius

233 873 332 931 apud
358 878 479 917 David
507 879 746 925 canebatur,·
771 879 893 930 prima
918 877 1168 924 recusabilis,
1195 875 1364 916 secunda
1389 876 1559 916 honora-

231 937 333 975 bilis.
395 936 523 988 Lapis,
551 937 690 988 inquit,
718 949 828 988 quem
854 936 1160 988 reprobaverunt
1185 934 1456 982 aedificantes,
1483 936 1556 974 iste

230 995 356 1032 factus
394 1001 452 1032 est
490 995 527 1032 in
561 1001 674 1045 caput
711 995 852 1044 anguli.
873 995 911 1042 2)
971 993 1008 1031 A
1034 991 1188 1030 domino
1214 993 1356 1031 factum
1383 999 1442 1030 est
1466 993 1555 1032 boc.

230 1048 378 1090 Vanum
405 1052 524 1097 enim,
558 1053 589 1089 si
616 1049 846 1089 credidimus
873 1050 982 1089 deum
1010 1049 1057 1088 de
1086 1050 1319 1088 contumelia
1345 1056 1410 1088 aut
1429 1050 1558 1101 gloria

231 1109 383 1147 scilicet
407 1110 567 1147 alicuius
591 1107 851 1160 praedicasse,
878 1115 919 1146 ut
945 1122 1019 1145 non
1042 1120 1126 1146 eum
1150 1106 1416 1159 portenderet,
1445 1111 1557 1159 quem

231 1174 271 1204 et
296 1168 334 1204 in
360 1165 495 1218 lapidis
521 1173 561 1204 et
585 1167 621 1203 in
648 1173 782 1218 petrae
809 1173 848 1204 et
872 1167 909 1204 in
926 1166 1065 1203 montis
1092 1165 1214 1216 figura
1238 1163 1555 1217 portenderat.³)

231 1222 311 1262 Sed
342 1225 372 1262 si
405 1223 451 1262 de
483 1237 551 1265 suo
583 1224 750 1274 loquitur
779 1222 968 1269 adventu,
1001 1230 1077 1261 'cur
1108 1235 1192 1260 eum
1231 1222 1366 1261 diebus
1396 1221 1484 1261 Noe
1516 1229 1557 1262 et

229 1280 331 1319 Loth
358 1282 596 1332 comparat4)
625 1282 734 1319 tetris
761 1288 800 1319 et
825 1281 1032 1327 atrocibus,
1061 1279 1155 1319 deus
1181 1286 1221 1318 et
1246 1280 1344 1319 lenis
1369 1286 1410 1319 et
1427 1280 1556 1319 mitis?

231 1338 309 1377 Cur
346 1338 525 1377 admonet
561 1340 776 1377 meminisse
814 1339 944 1377 uxoris
983 1337 1108 1385 Loth,
1162 1351 1258 1390 quae
1301 1334 1553 1392 praeceptum

230 1398 419 1435 creatoris
444 1410 519 1434 non
545 1398 696 1448 impune
723 1398 970 1448 contempsit,
1010 1397 1041 1434 si
1068 1408 1142 1433 non
1170 1395 1423 1441 cumjudicio
1448 1396 1556 1435 venit

227 1453 542 1504 vindicandorum
569 1461 863 1505 praeceptorum
891 1455 1069 1491 suorum?
1111 1453 1271 1491 Etiamsi
1295 1452 1489 1501 vindicat,
1512 1459 1556 1492 ut

228 1512 307 1558 ille,
335 1513 365 1550 si
391 1510 537 1550 iudicat
561 1525 634 1558 me,
663 1522 738 1557 non
765 1510 896 1549 debuit
922 1524 991 1562 per
1016 1511 1097 1548 eius
1124 1509 1356 1562 documenta
1369 1511 1552 1558 formare,

229 1582 338 1620 quem
371 1568 559 1616 destruit,
597 1583 644 1608 ne
677 1569 740 1607 ille
774 1581 832 1607 me
865 1569 1031 1606 formare
1064 1566 1252 1606 videatur.
1315 1566 1357 1605 Si
1386 1580 1482 1606 vero
1514 1575 1554 1607 et

227 1626 298 1664 hic
326 1640 401 1664 non
436 1625 487 1672 vde
520 1640 587 1664 suo
620 1622 787 1677 loquitur
823 1624 1000 1671 adventu,
1039 1624 1108 1665 sed
1149 1624 1195 1663 de
1228 1622 1362 1663 Iudaei
1394 1624 1551 1673 Christ-i,
1594 1634 1599 1638 ”

226 1691 493 1734 exspectemus
520 1685 778 1734 etiamnunc,
818 1697 865 1722 ne
893 1682 981 1736 quid
1008 1682 1055 1721 de
1089 1696 1157 1720 suo
1188 1681 1409 1738 praedicet,
1447 1683 1551 1721 illum

224 1740 377 1778 interim
401 1753 488 1787 esse
516 1740 734 1788 credentes,
762 1754 871 1792 quem
899 1741 999 1779 omni
1025 1741 1113 1778 loco
1141 1738 1354 1791 praedicat.

339 1800 406 1839 36.
433 1797 538 1835 Nam·
559 1805 599 1835 et
624 1796 759 1836 orandi
784 1798 1113 1850 perseverantiam
1140 1803 1180 1835 et
1204 1796 1421 1850 instari-tiam
1447 1809 1553 1836 man-

224 1853 330 1900 dans,
356 1855 579 1906 parabolam
605 1854 743 1893 iudicis
768 1855 877 1907 ponit
902 1855 1030 1894 coacti
1050 1853 1184 1893 audire
1205 1853 1356 1894 viduam
1371 1854 1555 1894 instantia.

224 1916 264 1959 et
299 1913 590 1962 perseverantia
628 1913 980 1964 interpellationum
1021 1913 1115 1958 eius.
1130 1911 1167 1960 ⁵)
1241 1910 1353 1961 Ergo·
1385 1910 1554 1951 iudicem

224 1965 336 2004 deum
363 1968 532 2006 ostendit
558 1969 755 2015 orandum,
783 1983 858 2007 non
876 1968 939 2016 se,
967 1971 999 2008 si
1024 1975 1100 2007 non
1126 1969 1209 2020 ipse
1235 1974 1294 2006 est
1319 1966 1458 2016 iudex,
1482 1967 1555 2008 sed

223 2023 435 2079 subiunxit,
462 2025 650 2062 facturum
673 2025 789 2063 *deum
813 2026 1021 2065 vindictam
1049 2026 1261 2064 electorum
1289 2038 1456 2064 suorum.
1508 2025 1552 2066 Si

224 2092 318 2130 ergo
345 2080 426 2132 ipse
453 2082 528 2118 erit
552 2080 693 2128 iudex,
733 2084 796 2133 qui
822 2090 862 2120 et
885 2083 1052 2129 vindex,
1093 2081 1308 2121 creatorem
1342 2094 1438 2135 ergo
1469 2096 1550 2123 me-

223 2136 359 2175 liorem
385 2137 496 2175 deum
523 2137 718 2193 probavit,
746 2152 855 2190 quem
882 2141 1095 2178 electorum
1121 2149 1274 2178 suorum
1306 2140 1549 2181 clamantium

223 2193 272 2232 ad
309 2194 394 2233 eum
433 2193 494 2232 die
533 2198 575 2233 et
605 2203 720 2234 nocte
752 2195 943 2235 vindicem
977 2196 1157 2236 ostendit.
1220 2197 1268 2235 Et
1302 2204 1430 2237 tamen
1462 2211 1546 2238 cum

220 2252 400 2304 templum
427 2253 616 2290 creatoris
634 2252 801 2300 inducit,
829 2261 868 2292 et
893 2253 988 2293 duos
1013 2253 1220 2293 adorantes
1246 2249 1398 2294 diversa
1419 2263 1546 2300 mente

222 2308 419 2356 describit,
446 2310 687 2361 pharisaeum
713 2312 751 2348 in
777 2312 969 2363 superbia,
996 2313 1239 2364 publicanum
1257 2314 1297 2351 in
1315 2313 1544 2360 humilitate,

220 2365 386 2418 ideoque
407 2368 574 2406 alterum
600 2367 871 2420 reprobatum,
915 2370 1077 2408 alterum
1104 2371 1348 2422 iustificatum
1378 2369 1545 2409 descen-

221 2422 388 2474 disse‚⁶)
428 2426 557 2477 utique
584 2423 781 2474 docendo,
816 2441 888 2479 qua
914 2427 1116 2480 disciplina
1142 2429 1191 2466 sit
1216 2426 1413 2473 orandum,
1458 2440 1543 2466 eum

313 2559 351 2602 1)
378 2563 523 2604 Lu0.17‚
536 2566 589 2598 25.
684 2565 719 2605 2)
743 2567 796 2597 P.
812 2569 888 2606 118,
901 2569 954 2600 21.
1050 2565 1086 2609 3)
1113 2567 1221 2605 1e.8,
1237 2567 1291 2597 14.
1318 2567 1335 2596 1
1352 2567 1542 2607 00r21o‚4.

222 2603 258 2643 4)
286 2606 368 2636 Luc.
383 2609 436 2645 17,
452 2611 597 2643 26—32.
694 2612 729 2646 5)
756 2614 840 2644 Luc.
856 2615 910 2653 18,
927 2614 946 2642 1
960 2630 1006 2636 —
1020 2614 1073 2642 18.
1168 2612 1205 2650 6)
1230 2612 1313 2643 Luc.
1336 2613 1389 2653 18,
1406 2615 1540 2644 9—14.
