1624 2826
225 215 335 254 240
378 235 384 237 >
476 216 598 247 Anv.
634 213 999 246 MARCIONEM
1034 214 1211 244 LIBER
1240 212 1296 244 1v.

227 311 469 350 conflictatos
495 310 533 347 in
559 308 832 362 lenimentum,
871 313 910 345 et
941 319 1089 346 omnem
1123 305 1447 358 conscriptionem
1480 307 1552 345 ini-

227 383 337 422 quam
374 367 585 419 dissipans,
625 364 810 404 dicendo:
850 371 889 403 et
925 365 955 402 si
994 365 1054 403 cui
1094 363 1181 417 quid
1219 377 1289 416 per
1326 363 1552 403 calumniam

226 427 368 479 eripui,
397 423 645 477 quadruplum
671 422 807 461 reddo.
869 421 1001 474 Itaque
1028 421 1220 461 dominus:
1255 420 1390 468 hodie,
1415 422 1551 474 inquit,

225 485 326 526 salus
351 483 439 521 huie
467 481 606 525 domui.
668 481 943 519 Testimonium
969 479 1085 526 dixit,
1113 480 1294 518 salutaria
1321 492 1426 527 esse,
1454 492 1551 531 quae

223 539 479 594 praeceperat
514 539 723 590 prophetes
762 538 964 576 creatoris.
1026 537 1119 576 Cum
1155 550 1249 576 vero
1290 536 1403 576 dicit:
1445 538 1554 577 venit

223 601 324 638 enim
362 599 460 636 filius
498 596 659 635 hominis
697 597 838 635 salvum
865 596 1022 641 facere,
1064 594 1164 647 quod
1190 596 1329 647 periit,
1367 595 1442 634 iam
1475 607 1552 647 non

224 655 417 696 contendo
456 667 541 693 eum
573 655 747 701 venisse,
785 661 827 691 ut
857 654 998 692 salvum
1024 654 1199 700 faceret,
1239 651 1340 704 quod
1365 653 1550 706 perierat,

223 716 329 753 cuius
354 712 504 758 fuerat,
545 720 584 750 et
610 713 669 750 cui
695 713 884 764 perierat,
925 710 1025 762 quod
1051 711 1193 749 salvum
1218 718 1380 749 venerat
1403 711 1550 758 facere,

222 771 290 811 sed
321 773 359 809 in
384 771 542 809 alterius
569 770 803 822 quaestionis
828 767 987 819 gradum
1014 768 1154 819 dirigo.
1216 767 1273 807 De
1306 768 1460 808 homine
1487 769 1551 820 agi

223 829 325 868 nulla
351 827 538 866 dubitatio
566 835 642 874 est3
681 827 753 870 hic,
777 840 860 865 cum
893 839 941 864 ex
967 825 1112 864 duabus
1138 825 1358 864 substantiis
1385 832 1549 873 constet,

222 900 271 926 ex
297 898 461 938 corpore
489 892 528 924 et
553 887 695 931 anima,
735 882 993 940 quaerendum
1020 891 1096 930 est,
1135 896 1185 922 ex
1215 896 1288 935 qua
1314 882 1549 922 substantiae

221 945 351 996 specie
389 944 550 995 periisse
586 942 779 982 videatur.
855 941 897 980 Si
936 954 985 980 ex
1027 945 1218 993 corpore,
1269 953 1364 992 ergo
1409 954 1550 993 corpus

220 1003 415 1054 perierat,
454 1001 576 1039 anima
616 1014 703 1039 non.
767 998 878 1048 Quod
915 1000 1109 1051 perierat,
1149 999 1292 1038 salvum
1324 999 1419 1037 facit
1447 998 1550 1037 filius

159 1110 162 1111 ⁷
220 1060 403 1107 hominis3
440 1059 557 1097 habet
593 1059 710 1110 igitur
741 1065 780 1096 et
806 1070 897 1096 caro
924 1058 1097 1095 salutem.
1160 1055 1204 1095 Si
1235 1063 1275 1095 et
1304 1057 1428 1095 anima
1459 1069 1550 1109 per-

220 1118 345 1164 ierat,
383 1117 531 1155 animae
563 1116 730 1168 perditio
768 1116 879 1154 saluti
912 1114 1144 1165 destinatum
1184 1127 1297 1162 caro,
1336 1127 1433 1166 quac
1471 1127 1548 1153 non

219 1175 359 1227 periit,
398 1175 503 1213 salva
530 1181 599 1212 est.
663 1173 704 1211 Si
731 1181 833 1211 totus
859 1173 974 1211 homo
1000 1173 1172 1224 perierat
1197 1185 1247 1213 cx
1271 1179 1434 1224 utraque
1459 1172 1548 1212 suh-

220 1234 371 1279 stantia‚
401 1239 500 1270 totus
526 1232 640 1270 homo
666 1232 791 1270 salvus
817 1231 884 1269 fiat
909 1243 1069 1270 necesse
1097 1237 1168 1277 est,
1196 1237 1236 1269 et
1261 1230 1356 1269 elisa
1376 1237 1434 1269 est
1459 1243 1547 1270 sen-

221 1291 341 1328 tentia
377 1290 662 1328 haereticorum
706 1289 926 1340 negantium
973 1289 1099 1327 carnis
1143 1288 1319 1327 salutem.
1393 1287 1470 1328 Iam
1507 1294 1548 1343 et

221 1347 393 1386 Christus
432 1348 620 1386 creatoris
658 1348 928 1394 confirmatur,
981 1347 1043 1398 qui
1079 1345 1289 1386 secundum
1327 1344 1546 1386 creatorem

218 1405 334 1445 totius
383 1405 547 1443 hominis
590 1406 749 1443 salutem
793 1404 1062 1456 pollicebatur.
1137 1402 1345 1443 Servorum
1394 1416 1544 1456 quoque

217 1463 420 1514 parabola,
465 1464 527 1514 qui
552 1462 761 1501 secundum
793 1463 981 1500 rationem
1007 1462 1234 1500 foeneratae
1261 1463 1448 1514 pecuniae
1476 1460 1546 1500 do-

218 1516 380 1559 minicae
407 1519 676 1567 diiudicentur,
704 1519 868 1558 iudicem
891 1518 1059 1558 ostendit
1079 1519 1204 1566 deum,
1231 1520 1346 1557 etiam
1367 1533 1416 1558 ex
1433 1526 1544 1571 parte

217 1578 435 1617 severitatis
462 1592 538 1616 non
571 1585 715 1616 tantum
746 1577 1024 1624 honorantem,
1062 1590 1194 1616 verum
1226 1583 1266 1614 et
1290 1577 1543 1625 auferentem,

217 1635 319 1687 quod
344 1637 426 1687 quis
455 1635 634 1674 videatur
663 1636 855 1674 hahuisse.
915 1634 994 1674 Aut
1019 1634 1051 1673 si
1077 1642 1116 1673 et
1141 1635 1203 1672 hic
1231 1641 1448 1673 creatorem
1474 1634 1544 1672 fin-

213 1694 317 1731 xerit
342 1700 554 1741 austerum,
592 1693 791 1731 tollentem
825 1692 926 1744 quod
958 1705 1033 1731 non
1066 1692 1239 1744 posuerit
1270 1698 1310 1731 et
1335 1698 1542 1731 metentem

215 1749 418 1801 quodnon
444 1752 605 1797 severit,
640 1751 700 1789 hic
728 1763 877 1802 quoque
904 1763 963 1789 me
990 1751 1054 1789 ille
1081 1750 1254 1796 instruit,
1293 1751 1400 1789 cuius
1424 1762 1544 1803 pecu-

213 1808 312 1847 niam
338 1815 379 1846 ut
402 1809 602 1847 foenerem
629 1807 829 1857 edocet.¹)

329 1868 396 1907 38.
462 1865 621 1905 Sciebat
659 1866 833 1905 Christus
870 1865 1057 1918 baptisma
1095 1864 1249 1904 Ioannis
1285 1864 1385 1904 unde
1419 1872 1541 1913 esset,

213 1928 253 1959 et
279 1934 346 1959 cur
372 1924 478 1974 quasi
504 1925 681 1962 nesciens
706 1923 999 1975 interrogabat?
1016 1924 1053 1972 2)
1095 1922 1255 1961 Sciebat
1280 1936 1355 1960 non
1380 1935 1543 1975 respon-

213 1991 322 2016 suros
348 1980 419 2017 sibi
444 1980 688 2031 pharisanS‚
728 1988 768 2019 et
799 1995 868 2019 cur
891 1982 1033 2020 frustra
1059 1979 1356 2032 interrogabat?
1413 1979 1475 2019 An
1500 1987 1553 2020 ut

213 2048 262 2074 ex
287 2049 354 2074 ore
381 2037 549 2087 ipsorum
581 2037 772 2076 iudicaret
802 2039 908 2085 illos,
945 2040 1007 2078 vel
1034 2052 1083 2078 ex
1108 2037 1253 2077 corde?
1299 2037 1420 2076 Refer
1443 2047 1540 2089 ergo

213 2099 252 2130 et
282 2092 379 2131 haec
417 2092 466 2131 ad
502 2097 790 2134 excusationem
829 2098 1018 2135 creatoris
1049 2104 1089 2135 et
1124 2095 1174 2135 ad
1201 2087 1541 2148 comparatstmem

213 2149 380 2197 Christi,
419 2158 459 2189 et
484 2151 688 2191 considera
719 2154 817 2200 iam,
856 2154 945 2206 quid
977 2161 1196 2200 secuturum
1227 2161 1379 2202 esset„
1393 2154 1425 2193 si
1450 2151 1540 2206 quid

209 2207 402 2259 pharisaei
428 2207 478 2247 ad
503 2210 846 2262 interrogationem
872 2213 1169 2258 renuntiassent.
1243 2210 1339 2250 Puta
1363 2211 1451 2250 illos
1476 2223 1540 2250 re-

210 2267 404 2305 nuntiasse
430 2266 810 2313 humannmloannis
841 2270 1046 2322 baptisma,
1085 2268 1210 2309 statim
1238 2268 1428 2322 lapidibus
1445 2268 1539 2308 elisi

210 2323 385 2362 fuissent.
446 2323 665 2363 Exsisteret
696 2327 831 2378 aliquis
855 2323 1031 2367 Marcion
1070 2327 1253 2372 adversus
1283 2326 1536 2372 Marcionem,

211 2382 273 2431 qui
299 2379 472 2419 diceret:
500 2396 522 2419 o
549 2381 659 2421 deum
687 2385 879 2436 optimum⁷
908 2399 930 2424 ο
957 2385 1067 2424 deum
1094 2385 1284 2424 diversum
1308 2397 1331 2422 a
1348 2383 1537 2422 creatoris

211 2438 419 2490 exemplis!
461 2437 597 2478 Sciens
634 2454 821 2494 praeceps
859 2445 979 2481 ituros
1018 2443 1214 2489 homines,
1252 2442 1334 2493 ipse
1371 2441 1458 2479 illos
1497 2441 1535 2479 in

209 2503 454 2548 praeruptum
486 2497 675 2549 imposuit.
739 2498 804 2539 Sic
838 2502 937 2539 enim
970 2507 1009 2539 et
1041 2499 1088 2538 de
1116 2506 1294 2539 creatore
1320 2500 1358 2538 in
1384 2499 1535 2538 arboris

302 2623 339 2662 1)
364 2623 447 2654 Luc.
464 2625 515 2665 19,
532 2625 572 2654 11
586 2642 631 2648 —
645 2627 699 2658 27.
795 2625 828 2668 2)
854 2629 935 2659 Luc.
949 2627 1005 2670 20,
1019 2630 1037 2658 1
1049 2642 1096 2651 --
1110 2630 1141 2659 8.
