1604 2800
190 158 297 197 ³20
649 156 1087 191 Anv.1UnAEos.

185 254 384 298 facinora,
423 262 521 303 quae
559 250 764 289 fecerunt?
800 258 841 290 et
875 250 1001 291 adhuc
1038 251 1188 290 visurus
1225 262 1268 290 es
1299 249 1528 291 affectiones

187 312 355 350 maiores
386 321 539 356 eorum3
579 315 619 347 et
649 307 864 347 introduxit
893 322 953 348 me
985 310 1024 348 in
1055 307 1190 348 aedem
1225 307 1359 347 domus
1383 307 1528 349 domini

187 368 428 414 interiorem,
456 373 496 405 et
521 379 617 405 ecce
638 367 676 405 in
696 366 889 405 liminibus
914 366 1046 419 templi
1072 365 1216 406 domini
1242 367 1346 406 inter
1363 365 1528 406 medium

187 426 284 464 clam
301 432 340 463 et
360 426 463 463 inter
482 423 648 463 medium
668 425 814 472 altaris,
836 426 943 477 quasi
964 425 1099 476 viginti
1121 425 1285 478 quinque
1307 425 1380 463 viri
1399 430 1531 478 poste-

185 484 292 522 riora
318 496 387 521 sua
413 481 606 521 dederunt
625 480 674 521 ad
696 483 875 535 templum
897 482 1053 530 domini,
1081 489 1120 522 et
1145 483 1268 522 facies
1287 494 1374 522 suas
1395 488 1532 522 contra

188 542 398 587 orientem,
436 540 476 579 hi
509 539 726 579 adorabant
756 541 896 588 solem3
935 548 976 579 et
1000 539 1098 579 dixit
1122 539 1172 579 ad
1197 553 1278 580 me:
1316 538 1444 588 vides,
1477 539 1532 579 fili
1567 541 1569 543 ’

186 598 378 637 hominis?
415 597 597 650 numquid
622 598 762 650 pusilla
787 597 917 637 domui
944 597 1076 646 Iudae,
1102 605 1144 637 ut
1169 598 1316 638 faciant
1340 597 1531 645 facinora,

190 669 287 708 quae
308 656 488 695 fecerunt
512 656 603 694 hic?
634 657 812 708 quoniam
839 656 1096 709 impleverunt
1120 657 1339 708 impietates
1365 668 1467 702 suas,
1493 661 1534 694 et

190 726 286 753 ecce
313 714 385 766 ipsi
412 714 519 766 quasi
544 713 843 762 subsannantes3
876 726 951 766 ego
983 715 1123 753 faciam
1157 726 1242 752 cum
1268 712 1534 765 indignatione

190 785 290 819 mea,
312 785 389 810 non
412 778 548 824 parcet
567 771 701 810 oculus
715 785 834 819 meus,
857 784 981 824 neque
1002 771 1237 820 miserebor3
1264 770 1536 811 exclamabunt

190 828 240 867 ad
261 842 374 867 aures
395 842 500 868 meas
519 842 617 868 voce
639 843 790 880 magna,
817 836 858 868 et
883 843 959 867 non
980 828 1185 868 exaudiam
1205 842 1287 878 eos,
1314 827 1384 868 sed
1409 839 1534 881 neque

190 885 426 932 miserebor,
465 893 506 923 et
537 886 716 923 clamavit
741 887 779 923 in
805 899 919 923 aures
945 900 1050 925 meas
1080 900 1179 926 voce
1211 899 1350 937 magna
1380 885 1534 924 dicens:

192 943 474 994 approximavit
498 941 668 981 vindicta
695 943 861 981 civitatis
886 942 1015 990 huius,
1049 949 1090 982 et
1120 944 1377 996 unusquisque
1403 942 1538 982 habuit

190 1013 283 1038 vasa
309 1000 528 1038 exterminii
555 1001 594 1037 in
620 1013 732 1038 manu
758 1013 845 1047 sua3
873 1007 914 1038 et
938 1012 1034 1038 ecce
1060 1013 1130 1039 sex
1155 1001 1228 1038 viri
1252 1000 1463 1039 veniebant
1486 998 1537 1038 ad

192 1058 289 1096 viam
317 1064 456 1109 portae
482 1057 598 1103 altae,
626 1069 724 1108 quae
750 1057 987 1109 respiciebat
1012 1055 1061 1095 ad
1088 1057 1321 1109 aquilonem,
1347 1063 1389 1097 et
1408 1057 1538 1096 unius-

193 1115 377 1166 cuiusque
415 1113 592 1166 bipennis
631 1113 884 1167 dispersionis
917 1121 1003 1153 erat
1034 1115 1072 1153 in
1099 1127 1211 1153 manu
1236 1115 1338 1162 eius,
1377 1121 1418 1154 et
1442 1127 1537 1154 unus

192 1173 251 1210 vir
286 1173 325 1210 in
363 1170 491 1211 medio
529 1185 662 1211 eorum
700 1170 853 1211 indutus
891 1171 1039 1225 podere
1078 1179 1118 1211 et
1153 1185 1253 1211 zona
1289 1171 1461 1225 sapphiri
1498 1173 1537 1211 in

192 1229 329 1268 lumbis
361 1230 462 1277 eius,
496 1236 537 1268 et
566 1231 801 1269 introierunt
832 1236 872 1269 et
902 1236 1094 1269 steterunt
1125 1230 1163 1268 in
1193 1230 1380 1282 proximis
1404 1229 1538 1269 altaris

192 1288 314 1335 aerei,
341 1294 382 1326 et
407 1288 565 1326 claritas
591 1287 654 1326 dei
680 1287 802 1327 lsrael
827 1287 1032 1327 adscendit
1057 1301 1080 1327 a
1100 1287 1309 1335 Cherubin,
1342 1300 1440 1340 quae
1466 1287 1540 1326 fuit

193 1358 310 1398 super
335 1358 420 1384 eam
445 1346 484 1383 in
511 1344 699 1384 subdivali
726 1345 874 1394 domus,
907 1353 948 1384 et
971 1347 1126 1385 vocavit
1151 1345 1357 1394 hominem,
1391 1345 1453 1398 qui
1479 1346 1538 1384 in-

194 1402 306 1441 dutus
333 1410 420 1441 erat
445 1402 606 1454 podere,
635 1404 697 1455 qui
723 1403 857 1442 habuit
882 1417 1000 1456 super
1025 1403 1173 1443 lumbos
1198 1416 1288 1442 suos
1311 1415 1465 1451 zonam,
1498 1409 1540 1442 et

193 1459 291 1498 dixit
322 1459 371 1498 ad
403 1473 488 1497 eum
524 1460 719 1498 dominus:
758 1462 879 1500 transi
911 1475 982 1512 per
1012 1460 1178 1500 mediam
1204 1460 1465 1508 Hierusalem,
1499 1466 1540 1500 et

194 1516 323 1554 scribe
339 1517 487 1565 signum
501 1516 583 1554 Tau
603 1518 641 1554 in
661 1517 853 1555 frontibus
873 1519 1056 1565 virorum,
1085 1520 1147 1569 qui
1168 1526 1327 1570 gemunt
1345 1525 1386 1557 et
1405 1517 1540 1558 dolent

195 1585 313 1624 super
338 1573 466 1610 omnia
490 1573 680 1620 facinora,
708 1586 805 1625 quae
831 1574 926 1612 fiunt
950 1575 988 1612 in
1014 1574 1142 1612 medio
1169 1588 1322 1623 eorum3
1350 1582 1391 1614 et
1415 1577 1453 1613 in
1479 1575 1539 1613 his

196 1628 295 1668 (lixit
319 1627 368 1667 ad
394 1628 634 1668 audientem:
668 1631 722 1671 ite
748 1638 838 1681 post
863 1644 946 1670 eum
974 1632 1012 1669 in
1040 1632 1234 1670 civitatem
1261 1638 1301 1670 et
1327 1629 1536 1679 concidite,

195 1694 236 1726 et
256 1687 376 1725 nolite
397 1699 563 1738 parcere
586 1687 709 1725 oculis
729 1689 882 1735 vestris,
903 1695 944 1726 et
956 1701 1004 1727 ne
1019 1689 1279 1727 misereamini
1293 1689 1458 1727 senioris
1471 1695 1540 1728 aut

194 1745 343 1783 iuvenis
364 1751 430 1782 aut
449 1745 622 1796 virginis,
645 1752 687 1784 et
705 1746 886 1797 parvulos
906 1752 946 1784 et
960 1746 1141 1785 mulieres
1160 1746 1369 1785 interficite
1391 1759 1537 1794 omnes,

194 1809 237 1840 ut
250 1800 538 1854 perdeleantur,
562 1816 694 1842 omnes
714 1810 855 1850 autem,
878 1816 994 1855 super
1014 1817 1108 1856 quos
1129 1810 1189 1843 est
1200 1803 1282 1842 Tau
1301 1805 1463 1856 signum,
1489 1817 1538 1843 ne

196 1861 456 1908 accesseritis,
484 1867 525 1899 et
543 1874 565 1899 a
586 1862 731 1900 sanctis
757 1862 852 1900 meis
877 1862 1051 1913 incipite.
1068 1863 1105 1910 ¹)
1145 1861 1265 1900 Huius
1290 1868 1417 1900 autem
1437 1862 1539 1913 signi

197 1924 477 1957 sacramentum
495 1919 613 1957 variis
633 1918 757 1958 modis
778 1918 1044 1971 praedicatum
1065 1926 1136 1967 est,
1163 1920 1202 1958 in
1223 1933 1298 1972 quo
1319 1920 1396 1959 vita
1415 1919 1539 1958 homi-

197 1975 308 2014 nibus
340 1976 675 2027 praestruebatur,
714 1978 751 2015 in
786 1989 860 2029 quo
895 1976 1028 2016 Iudaei
1059 1990 1135 2015 non
1168 1984 1299 2016 essent
1335 1975 1537 2024 credituri,

196 2034 296 2070 sicut
326 2032 484 2085 Moyses
515 2041 604 2073 ante
637 2034 838 2073 nuntiabat
868 2035 907 2072 in
939 2033 1096 2082 Exodo,
1136 2033 1289 2073 dicensz
1327 2034 1537 2073 eiiciemini

197 2089 245 2128 de
261 2096 380 2137 terra,
408 2091 446 2128 in
473 2105 584 2143 quam
610 2092 832 2139 introibitis,
860 2099 900 2131 et
925 2093 964 2131 in
990 2092 1209 2131 nationibus
1234 2092 1310 2130 illis
1330 2104 1407 2130 non
1427 2092 1545 2130 eritis·

195 2148 234 2184 in
261 2149 445 2200 requiem,
473 2156 513 2188 et
538 2163 612 2188 non
640 2151 715 2189 erit
740 2150 928 2188 stabilitas
954 2151 1120 2202 vestigio
1146 2148 1256 2202 pedis
1275 2150 1343 2196 tui,
1370 2155 1411 2188 et
1430 2147 1538 2188 dabit

198 2204 265 2242 tibi
304 2204 398 2243 deus
436 2219 506 2245 cor
541 2207 718 2247 taedians
756 2214 798 2246 et
833 2208 1098 2247 tabescentem
1136 2209 1298 2246 animam
1330 2213 1371 2246 et
1401 2206 1537 2246 oculos

198 2260 437 2310 deficientes,
464 2271 506 2302 ut
531 2278 607 2303 non
633 2265 802 2313 videant,
829 2273 869 2304 et
893 2266 969 2304 erit
992 2266 1072 2304 vita
1098 2272 1160 2304 tua
1178 2263 1352 2318 pendens
1371 2265 1408 2303 in
1429 2264 1535 2316 ligno

199 2326 287 2357 ante
314 2321 448 2358 oculos
473 2328 574 2370 tuos,
601 2329 641 2361 et
667 2336 740 2360 non
769 2322 908 2362 credes
932 2324 1034 2362 vitae
1061 2323 1218 2371 tuae-²)
1256 2321 1388 2374 Itaque
1414 2334 1536 2374 qnon-

198 2376 272 2412 iam
306 2375 463 2427 im'pleta
494 2387 554 2417 est
583 2381 788 2432 prophetia
820 2393 892 2432 per
921 2379 1126 2419 adventum
1164 2380 1266 2426 eius,
1303 2378 1343 2418 id
1375 2385 1436 2418 est
1464 2391 1537 2431 per

200 2433 449 2480 nativitatem,
485 2448 593 2486 quam
620 2449 737 2490 supra
763 2438 1068 2485 memoravimus,
1101 2444 1141 2475 et
1165 2437 1396 2489 passionem,
1423 2448 1534 2489 quam

294 2559 329 2598 1)
344 2559 470 2591 Ezech.
485 2563 517 2603 8,
533 2564 615 2592 12—
627 2565 679 2592 18.
707 2565 738 2603 9,
755 2565 856 2595 1-6.
953 2561 990 2605 2)
1007 2564 1108 2594 Deut.
1123 2564 1178 2603 28,
1194 2564 1237 2592 65
1252 2571 1301 2600 sq.
