1604 2800
171 222 278 259 160
391 221 465 251 DE
500 215 1015 250 RESURRECTIONE
1053 216 1279 248 CARle.

170 329 243 367 qua
279 314 424 364 agitur,
462 319 589 350 tamen
626 310 799 361 singulae
832 310 1077 361 quaestiones
1108 315 1148 347 et
1179 320 1338 347 caussae
1369 322 1501 348 earum

168 372 346 424 proprios
384 382 533 422 quoque
570 368 746 419 flagitant
789 380 1044 419 congressus,
1094 366 1188 405 licet
1229 365 1384 405 aliunde
1427 367 1501 405 iam

169 441 320 468 caesae.
388 425 732 478 Interpretabimur
756 426 884 477 itaque
911 425 1059 477 plenius
1085 431 1125 462 et
1148 424 1221 462 vim
1248 431 1289 463 et
1313 425 1502 463 rationem

169 485 453 532 demutationis,
481 497 578 536 quae
604 483 724 522 ferme
751 482 1013 522 subministrat
1037 482 1194 520 alterius
1221 483 1348 520 carnis
1372 495 1503 528 resur-

167 551 347 583 recturae
385 542 756 596 praesumptionem,
796 541 902 594 quasi
939 539 1128 579 demutari
1166 538 1344 579 desinere
1383 540 1434 578 sit
1465 540 1503 578 iu

167 608 288 639 totum
321 607 361 640 et
391 600 440 639 de
470 600 632 652 pristino
671 599 815 651 perire.
889 596 1154 637 Discernenda
1191 604 1250 636 est
1281 604 1407 636 autem
1434 596 1503 636 de-

167 660 326 698 mutatio
353 658 400 697 ab
428 659 528 696 omni
554 664 781 708 argumento
807 655 1049 709 perditionis.
1099 654 1216 694 Aliud
1243 655 1342 694 enim
1369 654 1502 694 demu-

167 718 282 763 tatio,
315 715 417 755 aliud
449 714 631 767 perditi0.
699 714 821 753 Porro
854 728 929 754 non
956 712 1077 760 aliud,
1109 714 1141 752 si
1167 713 1220 752 ita
1245 711 1503 752 demutabitur

169 786 275 820 caro,
302 781 343 812 ut
368 780 516 826 pereat.
584 771 733 810 Peribit
757 779 883 810 autem
911 771 1118 818 demutata,
1146 772 1177 809 si
1204 784 1279 809 non
1305 766 1501 823 ipsaper-

166 832 350 870 manserit
381 832 418 868 in
452 830 731 876 demutatione,
772 843 867 880 quae
907 829 1078 868 exhibita
1108 829 1227 867 fuerit
1257 830 1295 867 in
1327 841 1502 867 resurre-

167 890 310 928 ctione.
362 886 687 936 Quemadmodum
713 887 813 925 enim
838 888 952 938 perit,
980 887 1011 924 si
1037 899 1113 924 non
1139 887 1320 936 resurgit,
1347 887 1401 924 ita
1427 886 1501 924 etsi

166 945 527 1042 resurgifflquidem,
553 958 684 984 verum
710 945 747 982 in
775 943 1073 982 demutationem
1101 942 1345 990 subducitur,
1377 955 1500 995 aeque

165 1005 279 1056 perit.
369 1016 466 1055 eque
493 1004 593 1042 enim
618 1016 694 1040 non
721 1003 807 1049 erit,
835 1003 866 1040 si
893 1015 969 1040 non
995 1001 1267 1040 resurrexerit.
1313 999 1364 1038 Et
1389 1013 1500 1051 quam

164 1063 353 1114 ineptum,
392 1062 424 1099 si
455 1062 493 1099 in
524 1061 599 1099 hoc
625 1061 811 1111 resurgit,
849 1066 890 1097 ut
921 1073 997 1096 non
1028 1060 1096 1105 sit,
1137 1070 1234 1110 quae
1267 1058 1392 1110 potuit
1423 1070 1501 1096 non

165 1120 445 1166 resurrexisse,
479 1131 551 1157 nec
584 1131 688 1165 esse,
722 1119 809 1169 quia
835 1131 911 1155 non
937 1129 1022 1155 esse
1048 1116 1123 1155 iam
1150 1121 1349 1167 coeperat.
1410 1114 1500 1154 Non

165 1177 427 1216 miscebuntur
451 1177 604 1214 omnino
631 1175 796 1222 diversa,
824 1176 983 1213 mutatio
1010 1181 1124 1226 atque
1149 1173 1336 1226 perditio,
1370 1173 1499 1226 operi-

164 1234 234 1273 hus
259 1236 389 1286 utique
416 1233 586 1282 diversa3
619 1232 750 1285 perdit
775 1233 886 1280 haec,
912 1233 978 1271 illa
1003 1239 1134 1271 mutat.
1175 1229 1375 1279 Quomodo
1402 1243 1498 1283 ergo

166 1291 266 1343 quod
293 1291 481 1344 perditum
508 1299 578 1338 est,
605 1298 786 1330 mutatum
813 1304 889 1329 non
916 1298 986 1338 est,
1013 1291 1066 1329 ita
1093 1288 1192 1342 quod
1219 1295 1400 1328 mutatum
1426 1295 1497 1335 est,

165 1348 355 1400 perditum
377 1363 452 1386 non
472 1356 542 1387 est.
582 1348 733 1388 Perisse
760 1349 859 1387 enim
887 1356 946 1387 est
971 1349 1009 1387 in
1035 1355 1154 1386 totum
1182 1360 1258 1385 non
1284 1359 1368 1386 esse
1396 1344 1498 1399 quod

164 1406 299 1452 fuerit3
327 1412 507 1443 mutatum
534 1418 618 1443 esse
645 1407 759 1444 aliter
784 1419 869 1445 esse
896 1413 968 1445 est.
1024 1405 1147 1444 Porro
1174 1404 1260 1443 dum
1286 1404 1401 1446 aliter
1425 1411 1496 1452 est,

165 1461 202 1499 id
230 1462 350 1512 ipsum
388 1468 516 1512 potest
552 1474 656 1508 esse3
700 1463 817 1501 habet
848 1464 946 1502 enim
980 1477 1087 1510 esse,
1130 1461 1231 1516 quod
1267 1475 1344 1500 non
1376 1462 1496 1514 perit;

166 1518 414 1556 mutationem
441 1518 539 1556 enim
566 1530 716 1569 passum
743 1526 814 1564 est,
841 1533 917 1556 non
938 1521 1210 1571 perditionem.
1247 1518 1375 1572 Atque
1397 1518 1498 1558 adeo

164 1582 295 1628 potest
326 1582 366 1613 et
396 1574 582 1614 demutari
617 1574 705 1626 quid
738 1582 778 1613 et
809 1576 930 1626 ipsum
962 1589 1047 1614 esse
1086 1577 1348 1623 nihilominus,
1386 1584 1428 1615 ut
1459 1583 1500 1615 et

163 1640 267 1671 totus
293 1633 405 1671 bomo
431 1633 469 1671 in
494 1632 569 1671 hoc
595 1645 691 1671 aevo
718 1633 930 1671 substan-tia
956 1632 1107 1685 quidem
1133 1634 1215 1685 ipse
1241 1634 1302 1680 sit,
1330 1633 1498 1672 multifa-

162 1691 258 1729 riam
283 1697 410 1729 tamen
436 1689 671 1736 demutetur,
705 1697 746 1728 et
770 1689 903 1728 habitu
929 1697 968 1728 et
992 1692 1075 1741 ipsa
1101 1690 1343 1742 corpulentia
1368 1697 1408 1730 et
1431 1703 1499 1730 va-

162 1746 332 1786 letudine
353 1755 393 1786 et
413 1746 634 1786 conditione
656 1754 696 1785 et
716 1746 904 1799 dignitate
926 1754 966 1786 et
985 1754 1128 1795 aetate,
1155 1746 1296 1796 studio,
1322 1748 1496 1799 negotio,

161 1805 341 1852 artificio,
368 1805 626 1852 facultatibus,
661 1804 834 1852 sedibus,
867 1805 1037 1856 legibus,
1070 1804 1258 1852 moribus,
1291 1817 1364 1844 nec
1391 1805 1499 1857 quic·-

162 1876 270 1915 quam
287 1870 410 1901 tamen
426 1863 576 1901 amittat
596 1862 772 1910 hominis,
801 1875 872 1902 nec
894 1865 947 1902 ita
965 1863 1063 1902 alius
1083 1862 1282 1910 efficiatur,
1308 1869 1350 1901 ut
1370 1869 1499 1902 cesset

161 1920 263 1959 idem
289 1933 387 1968 esse,
414 1921 489 1958 imo
516 1933 588 1959 nec
614 1921 710 1959 alius
729 1920 936 1968 efficiatur,
964 1920 1033 1960 sed
1053 1919 1170 1960 aliud.
1212 1920 1320 1960 Hanc
1334 1921 1496 1959 formam

161 1976 432 2016 demutationis
464 1976 591 2016 divina
628 1979 744 2017 etiam
781 1977 1013 2020 documenta
1049 1985 1251 2017 testantur.
1294 1977 1497 2018 rMutatur

159 2034 261 2073 Mosi
297 2048 447 2081 manus,
480 2042 520 2073 et
551 2035 702 2087 quidem
734 2034 782 2075 ad
814 2037 936 2075 instar
961 2043 1178 2084 emortuae,
1217 2036 1424 2087 exsanguis
1456 2042 1496 2074 et

159 2091 358 2138 exalbida,
399 2091 558 2143 frigida,
597 2093 666 2132 sed
697 2100 738 2133 et
762 2101 924 2147 recepto
957 2095 1088 2133 calore
1120 2101 1160 2133 et
1189 2094 1320 2132 refuso
1359 2093 1493 2132 colore

159 2148 294 2197 eadem
333 2162 425 2188 caro
458 2156 498 2188 et
528 2153 682 2202 sanguis
719 2153 844 2202 est.¹)
916 2151 1089 2191 Mutatur
1123 2157 1259 2204 postea
1295 2157 1336 2190 et
1371 2150 1494 2189 facies

158 2207 328 2246 ciusdem
355 2208 683 2261 incontemplabili
709 2209 899 2248 claritate.
957 2208 1035 2248 Sed
1059 2209 1190 2249 Moses
1207 2215 1302 2257 *erat
1325 2206 1492 2261 proinde

159 2266 221 2316 qui
247 2279 323 2303 non
347 2263 617 2317 videbatur.2)
690 2265 756 2306 Sic
782 2274 823 2306 et
849 2266 1066 2320 Stephanus
1092 2267 1307 2318 angelicum
1332 2267 1407 2304 iam
1434 2265 1492 2304 fa-

157 2323 311 2373 stigium
341 2321 537 2369 induerat,
575 2322 644 2361 sed
676 2338 752 2362 non
784 2325 857 2364 alia
891 2337 1016 2376 genua
1055 2324 1281 2377 lapidationi
1312 2321 1491 2363 succide-

159 2380 310 2427 rant.3)
383 2379 566 2418 Dominus
598 2393 747 2433 quoque
780 2383 818 2419 in
849 2394 1005 2421 secessu
1042 2383 1182 2421 montis
1220 2382 1333 2421 etiam
1371 2381 1488 2420 vesti-

160 2442 288 2473 menta
313 2436 398 2475 luce
424 2439 710 2490 niutaverat,4)
740 2438 808 2478 sed
835 2440 1065 2480 lineamenta
1091 2439 1207 2479 Petro
1233 2437 1484 2491 agnoscibilia

251 2571 287 2607 1)
301 2571 411 2605 Exod.
425 2576 454 2613 4,
467 2577 486 2605 6
500 2585 548 2614 sq.
620 2577 657 2618 2)
672 2577 782 2609 Exou.
796 2579 850 2616 34,
864 2579 917 2612 29.
930 2581 983 2610 35.
1044 2579 1081 2620 3)
1096 2579 1170 2609 Act.
1184 2579 1265 2616 App.
1277 2577 1484 2618 6‚15.7‚59.

160 2615 195 2659 4)
210 2616 332 2650 matth.
348 2620 400 2660 ιτ,
414 2620 431 2649 3
447 2629 517 2659 sqq.
1431 2622 1432 2626 ’
