1604 2800
166 237 268 277 12⁰
685 233 758 265 DE
793 234 991 266 ΛΝῙΜΑ.

168 326 433 384 philosophos·
472 323 650 365 Nondum
667 326 767 364 enim
782 325 1024 364 Christianae
1043 325 1248 391 potestatis
1273 322 1505 364 documenta

169 391 461 454 processerant,
495 396 592 435 quae
616 384 692 421 vim
717 383 828 422 istam
852 383 1219 450 perniciosissimam
1245 394 1317 421 nec
1343 394 1505 434 unquam

169 448 193 483 ἰ
199 458 309 483 onam
336 443 480 494 antiqui
507 441 653 480 erroris
678 440 882 488 artificem,
910 441 1031 479 omnis
1050 440 1227 479 veritatis
1246 440 1507 478 avocatricem

172 503 256 541 sola
283 499 462 539 traducit.
503 496 648 547 Quodsi
673 497 822 537 idcirco
849 498 1150 550 sapientissimus
1166 495 1350 536 Socrates
1371 509 1509 536 secun-

174 559 260 598 dum
287 558 413 610 Pythii
447 569 596 609 quoque
630 554 827 594 daemonis
858 555 1100 607 suffragium,
1133 555 1284 594 scilicet
1313 555 1510 606 negotium

172 617 348 656 navantis
373 616 482 654 socio
509 627 597 660 suo,
631 620 772 665 quanto
806 612 962 664 dignior
991 620 1106 665 atque
1133 612 1374 652 constantior
1399 611 1513 651 Chri-

174 676 322 713 stianae
344 673 557 724 sapientiae
583 669 768 718 adsertio,
796 672 904 710 cuius
929 670 1071 710 afflatui
1096 677 1177 709 tota
1201 671 1259 709 vis
1284 668 1512 709 daemonum

178 731 305 771 cedit?
358 729 464 769 Haec
491 729 680 782 sapientia
706 728 753 768 de
781 729 915 768 schola
948 729 1050 768 coeli
1081 727 1177 767 deos
1208 726 1360 780 quidem
1391 727 1515 766 seculi

176 801 322 840 negare
349 787 529 834 liberior,
562 799 659 838 quae
693 786 834 825 nullum
859 785 1094 838 Aesculapio
1122 785 1378 837 gallinaceum
1402 783 1515 824 reddi

176 846 313 885 iubens
338 845 644 896 praevaricetur,
677 856 749 882 nec
776 856 875 882 nova
900 844 1072 882 inferens
1098 842 1321 890 daemonia,
1353 840 1424 881 sed
1447 854 1517 881 ve-

176 910 264 943 tera
294 901 514 954 depellens,
553 914 625 940 nec
656 899 959 940 adolescentiam
990 901 1148 948 vitians,
1186 898 1255 938 sed
1286 900 1388 938 omni
1411 898 1518 938 bono

179 959 339 1013 pudoris
370 960 599 1006 informans,
637 957 804 1010 ideoque
837 971 913 996 non
946 959 1054 996 unius
1085 957 1210 1004 urbis,
1248 955 1318 996 sed
1348 957 1518 995 universi

180 1018 286 1057 orbis
322 1017 486 1068 iniquam
530 1017 760 1055 sententiam
803 1015 994 1053 sustinens
1030 1028 1101 1066 pro
1139 1015 1293 1053 nomine
1329 1014 1519 1060 veritatis,

179 1082 288 1114 tanto
308 1075 461 1114 scilicet
479 1075 706 1126 perosioris,
733 1079 873 1125 quanto
900 1071 1100 1124 plenioris,
1125 1079 1167 1110 ut
1191 1078 1231 1110 et
1254 1077 1418 1110 mortem
1442 1083 1519 1110 non

182 1132 231 1172 de
258 1132 398 1185 poculo
430 1144 501 1184 per
532 1131 701 1170 habitum
733 1129 982 1169 iucunditatis
1013 1129 1240 1176 absorbeat,
1278 1127 1348 1168 sed
1379 1126 1428 1168 de
1452 1141 1521 1181 pa-

182 1190 305 1229 tibulo
332 1197 372 1228 et
395 1189 674 1228 vivicomburio
706 1201 778 1240 per
810 1200 922 1226 omne
955 1186 1150 1239 ingenium
1182 1185 1423 1226 crudelitatis
1452 1198 1521 1224 ex-

182 1249 358 1294 hauriat,
397 1248 548 1286 interea
580 1247 618 1285 in
650 1247 724 1285 isto
762 1245 1032 1285 tenebrosiore
1070 1257 1232 1284 earcere
1268 1244 1391 1283 seculi
1421 1244 1525 1282 inter

185 1319 274 1343 suos
301 1304 469 1343 Cebetas
495 1312 534 1342 et
560 1318 650 1343 suos
675 1302 923 1350 phaedonas,
955 1303 987 1341 si
1020 1301 1110 1355 quid
1141 1301 1189 1341 de
1221 1302 1347 1341 anima
1378 1301 1523 1340 exami-

185 1361 352 1400 nandum
384 1368 461 1407 est,
499 1361 549 1399 ad
580 1361 644 1399 dei
675 1361 830 1412 regulas
863 1359 1018 1412 dirigat.
1093 1359 1210 1399 Certe
1241 1359 1383 1399 nullum
1409 1358 1524 1398 alium

186 1419 380 1469 potiorem
405 1418 555 1455 animae
582 1417 944 1466 demonstratorem,
971 1431 1082 1470 quam
1107 1424 1306 1457 auctorem
1332 1416 1525 1469 reperiet;

189 1487 213 1511 a
238 1472 313 1511 deo
339 1472 476 1519 discat,
504 1472 605 1523 quod
631 1486 654 1510 a
680 1473 754 1511 deo
780 1474 937 1521 habeat,
964 1482 1030 1513 aut
1055 1487 1127 1514 nec
1153 1474 1202 1514 ab
1228 1475 1319 1521 alio,
1345 1475 1378 1513 si
1403 1485 1477 1513 nee
1503 1485 1527 1511 a

193 1529 282 1568 deo.
346 1529 438 1577 Quis
464 1530 564 1567 enim
590 1529 791 1575 revelabit,
819 1530 921 1580 quod
947 1530 1041 1582 deus
1066 1533 1192 1570 texit?
1213 1529 1368 1583 unde‘1)
1392 1530 1528 1570 scisci-

191 1585 347 1625 tandum
373 1587 456 1624 est?
491 1584 592 1624 unde
620 1592 659 1623 et
683 1586 866 1636 ignorare
892 1587 1118 1625 tutissimum
1145 1594 1222 1634 este,
1261 1594 1434 1638 praestat
1457 1598 1530 1638 per

193 1643 304 1682 deum
323 1643 491 1689 nescire,
518 1644 607 1694 quia
625 1656 701 1680 non
727 1643 972 1691 revelaverit,
1000 1656 1110 1695 quam
1123 1656 1194 1695 per
1207 1643 1398 1683 hominem
1411 1644 1527 1690 scire,

194 1702 283 1753 quia
308 1702 391 1752 ipse
417 1699 730 1751 praesumpserit.

308 1762 353 1800 2.
415 1755 533 1795 Plane
558 1770 635 1795 non
661 1755 885 1807 negabimus
911 1755 1117 1808 aliquando
1142 1756 1394 1810 philosophos
1424 1757 1531 1797 iuxta

193 1822 327 1853 nostra
356 1814 543 1862 sensisse3
582 1814 840 1852 testimonium
866 1820 926 1853 est
948 1815 1125 1854 veritatis
1155 1815 1364 1864 eventus2)
1397 1815 1529 1867 ipsius.

194 1872 477 1924 Nonnunquam
502 1878 543 1910 et
567 1872 604 1909 in
631 1871 806 1923 procella
839 1871 1009 1910 confusis
1038 1872 1215 1923 vestigiis
1245 1871 1349 1912 coeli
1373 1878 1415 1911 et
1439 1871 1530 1912 freti

195 1930 316 1981 aliqui
340 1936 475 1981 portus
501 1927 711 1967 offenditur
735 1940 926 1981 prospero
951 1941 1102 1976 errore,
1134 1939 1404 1982 nonnunquam·
1428 1936 1469 1969 et
1489 1930 1531 1977 in

196 1986 368 2025 tenebris
400 1985 524 2025 aditus
557 1985 707 2038 quidam
734 1993 775 2025 et
799 1987 926 2025 exitus
958 1985 1299 2038 deprehenduntur
1329 1999 1450 2027 caeca
1471 1986 1532 2027 fe-

196 2044 367 2091 licitatet,
394 2043 463 2082 sed
485 2050 524 2082 et
543 2051 680 2083 natura
699 2043 882 2097 pleraque
903 2050 1162 2096 suggeruntur
1181 2045 1287 2096 quasi
1309 2042 1356 2083 de
1376 2043 1531 2096 publico

199 2113 332 2147 sensu,
365 2114 439 2153 quo
466 2102 627 2140 animam
655 2099 749 2140 deus
775 2098 911 2140 dotare
938 2100 1117 2153 dignatus
1142 2107 1212 2143 est.
1281 2099 1391 2140 Hune
1416 2107 1533 2141 nacta

198 2158 442 2210 philosophia
473 2157 521 2197 ad
552 2159 715 2211 gloriam
752 2160 935 2212 propriae
967 2160 1061 2198 artis
1095 2158 1243 2198 inflavit
1273 2170 1368 2211 prae
1405 2156 1532 2198 studio

201 2217 302 2265 (non
332 2217 486 2263 mirum,
519 2217 551 2255 si
583 2215 684 2255 istud
715 2217 769 2255 ita
800 2215 984 2266 dixerim)
1021 2217 1165 2268 eloquii
1203 2214 1356 2268 quidvis
1381 2221 1533 2255 struere

200 2279 315 2325 atque
342 2271 542 2312 destruere
569 2273 710 2319 eruditi
731 2275 927 2327 magisque
948 2273 1115 2313 dicendo
1135 2272 1402 2327 persuadentis
1422 2285 1533 2325 quam

201 2328 392 2369 docendo.
455 2330 611 2370 Formas
636 2331 751 2371 rebus
776 2333 949 2384 imponit,
982 2344 1048 2371 eas
1073 2345 1173 2371 nunc
1198 2337 1410 2383 peraequat
1433 2341 1533 2370 nunc

202 2390 340 2439 privat,
372 2388 418 2427 de
446 2390 563 2427 certis
589 2390 738 2428 incerta
762 2388 1023 2441 praeiudicat,
1055 2395 1244 2442 provocat
1268 2386 1317 2427 ad
1342 2387 1532 2439 exempla,

206 2447 311 2495 quasi
336 2445 602 2498 ‚comparanda
635 2447 711 2484 sint
738 2448 884 2494 omnia,
917 2447 1045 2486 omnia
1075 2445 1326 2499 praescribit,
1356 2444 1534 2498 proprie·

299 2583 335 2623 1)
360 2584 434 2625 Rig.
453 2585 550 2616 inde
576 2584 700 2616 ncisc.
726 2586 808 2624 est,
836 2585 943 2617 unde
956 2588 1022 2617 etc.
1113 2583 1150 2626 2)
1165 2581 1533 2622 Cod-U'ouw.etRig.

208 2632 404 2669 eventuum
431 2631 553 2662 ceteri:
579 2631 792 2663 inventus.
1447 2649 1449 2651 >
