1604 2800
447 192 571 226 A‘Dv.
608 193 1119 225 VALEN'rtNlANos.
1381 188 1446 224 ⁴2

119 287 284 325 omnium
310 285 569 326 defloratione
603 294 883 334 constructum,
922 286 1129 325 Graculum
1154 285 1321 337 Aesopi,
1349 283 1446 323 Pau-

118 343 252 382 doram
278 343 456 391 Hesiodi,
482 343 581 384 Acci
607 344 793 391 Patinam,
819 343 999 383 Nestoris
1025 344 1224 390 Cocetum,
1250 342 1447 382 Miscella-

117 414 228 440 neam
254 401 479 442 Ptolemaei.
541 403 660 451 Quam
691 404 847 455 propius
878 403 967 449 fuit,
1006 401 1054 441 de
1085 401 1274 454 aliquibus
1305 400 1447 439 Atticis

119 459 222 498 curis
251 461 496 512 pancarpiam
528 461 680 508 vocari,
702 463 739 511 ¹)
766 473 789 499 a
813 467 889 499 tam
916 461 1051 499 otiosis
1076 458 1299 498 auctoribus
1325 459 1446 497 nomi-

117 530 218 555 num.
280 516 330 556 Ut
359 524 486 556 aut-em
518 525 660 557 tantum
694 519 919 569 sigillarium
946 519 1187 556 extrinsecus
1213 530 1362 570 quoque
1389 518 1446 554 iu-

117 582 314 622 ornarent,
341 576 529 615 satellites
554 577 590 615 ei
617 577 777 628 angelos
803 576 1016 628 proferunt,
1043 589 1114 628 par
1132 588 1265 626 genus,
1293 575 1323 612 si
1345 576 1447 613 inter

115 644 158 670 se
190 639 319 684 potest
351 633 455 682 fieri3
493 635 525 672 si
555 647 650 673 vero
667 607 815 672 t’Soteri
852 633 1200 679 consubstantivos,
1239 632 1444 683 (ambigue

115 690 216 728 enim
243 691 406 742 positum
433 692 600 741 iuveni,)
634 705 729 744 quae
762 693 837 730 crit
862 692 1067 730 eminentia
1094 691 1176 729 eius
1202 690 1304 728 inter
1327 689 1446 728 satel-

115 747 203 786 lites
229 749 488 800 coaequales?

159 812 161 814 ’
232 807 297 846 13.
348 804 532 844 Continet
567 805 630 844 hic
668 807 787 857 igitur
823 805 919 843 ordo
958 805 1115 857 primam
1154 804 1441 856 processionem

111 862 260 913 pariter
289 869 330 901 et
366 863 602 910 nascentium
640 870 680 902 et
716 863 935 901 nubentium
969 868 1009 901 et
1039 863 1306 913 generantium
1337 860 1443 901 Aeo-

113 931 219 958 num:
258 919 428 973 Sophiae
461 933 510 959 ex
542 919 735 960 desiderio
761 921 882 973 patris
907 920 1271 972 periculosissimum
1299 933 1441 966 casum,

113 975 207 1015 Hori
234 979 568 1029 oportunissimum
594 979 793 1025 auxilium,
833 977 1114 1030 Enthymeseos
1145 984 1187 1016 et
1212 978 1442 1016 coniunctae

111 1033 306 1074 Passionis
331 1037 543 1088 expiatum,
582 1035 726 1075 Christi
758 1043 798 1075 et
829 1035 996 1088 Spiritus
1028 1033 1162 1073 Sancti
1192 1033 1443 1087 paedagoga-

111 1097 201 1138 tum,
227 1091 404 1132 Aeonum
430 1095 632 1133 tutelarem
659 1095 920 1139 reformatum,
948 1092 1099 1131 Soteris
1124 1093 1351 1144 pavoninum
1378 1105 1442 1130 or·

111 1155 253 1196 natum,
278 1150 516 1201 Angelorum
544 1152 857 1202 comparaticium
885 1151 1118 1188 antistatum.
1171 1148 1280 1197 Quod
1306 1161 1441 1201 super·

111 1213 188 1253 est,
226 1207 370 1259 inquis:
413 1220 482 1246 vos
512 1208 639 1246 valete
672 1214 711 1246 et
743 1206 929 1259 plaudite!
993 1207 1072 1245 lmo
1111 1206 1211 1259 quod
1249 1213 1438 1259 superest,

110 1264 282 1316 inquam:
319 1278 389 1303 vos
413 1264 543 1304 audite
569 1272 609 1303 et
633 1266 828 1317 proiicite.
889 1264 1071 1303 Ceterum
1097 1265 1194 1303 haec
1220 1265 1320 1303 intra
1347 1277 1439 1303 coe-

111 1327 187 1359 tum
227 1323 449 1374 pleromatis
487 1322 755 1361 decucurrisse
800 1322 996 1369 dicuntur,
1047 1324 1166 1374 prima
1212 1321 1438 1373 tragoediae

110 1391 243 1417 scena.
306 1379 394 1418 Alia
420 1388 545 1419 autem
579 1387 683 1419 trans
715 1381 893 1432 siparium
928 1380 1173 1418 cothurnatio
1212 1386 1288 1425 est,
1328 1387 1436 1418 extra

109 1436 282 1488 pleroma
307 1436 416 1485 dico;
459 1445 498 1476 et
528 1445 654 1476 tamen
687 1439 717 1476 si
751 1438 837 1476 talis
868 1437 936 1475 sub
968 1438 1051 1476 sinu
1082 1438 1202 1488 patris
1235 1437 1332 1475 intra
1359 1450 1438 1475 am-

109 1493 227 1532 bitum
255 1494 350 1533 Hori
375 1495 563 1543 custodis,
602 1496 723 1547 qualis
754 1503 864 1534 extra
889 1496 962 1534 iam
995 1497 1032 1534 in
1065 1495 1209 1541 libero,
1247 1495 1310 1533 ubi
1344 1494 1438 1533 deus

108 1563 184 1590 non
210 1555 320 1591 erat?

169 1614 235 1651 14.
283 1609 458 1663 Namque
486 1610 746 1663 Enthymesis,
779 1612 859 1649 sive
886 1611 958 1648 iam
983 1610 1214 1656 Achamoth,
1243 1608 1342 1662 quod
1369 1610 1437 1648 ab·

107 1666 197 1706 hine
234 1669 417 1720 scriptum
453 1668 529 1707 hoc
565 1669 649 1706 solo
688 1667 1009 1719 ininterpretabili
1048 1669 1221 1713 nomine,
1267 1674 1307 1704 ut
1353 1680 1435 1705 cum

106 1725 201 1763 vitio
228 1724 446 1764 individuae
472 1725 666 1763 Passionis
691 1725 850 1776 explosa
877 1731 937 1762 est
966 1726 1004 1762 iu
1037 1724 1122 1762 loca
1155 1725 1304 1762 luminis
1341 1725 1436 1762 alie-

107 1793 174 1826 na,
212 1781 315 1832 quod
346 1782 568 1833 pleromatis
599 1794 662 1820 res
694 1789 770 1827 est,
810 1783 846 1819 in
881 1794 1038 1819 vacuum
1065 1788 1178 1832 atque
1205 1783 1317 1819 inane
1343 1779 1435 1819 illud

107 1836 285 1890 Epicuri,
325 1838 552 1877 miserabilis
590 1840 703 1877 etiam
736 1837 784 1877 de
818 1839 905 1876 loco
937 1845 1008 1877 est.
1071 1838 1188 1877 Certe
1215 1851 1287 1877 nec
1313 1839 1434 1877 forma

108 1908 181 1934 uec
214 1896 336 1934 facie-s
368 1896 463 1943 ulla,
497 1896 690 1934 defectiva
709 1897 747 1941 2)
782 1897 935 1934 scilieet
966 1903 1006 1934 et
1035 1895 1211 1934 abortiva
1243 1897 1433 1947 genitura.

107 1951 203 1991 Dum
230 1954 283 1992 ita
309 1965 437 1993 rerum
463 1954 596 2000 habet,
624 1954 794 1992 flectitur
816 1967 838 1992 a
863 1953 1126 2006 superioribus
1153 1953 1340 2001 Christus,
1366 1953 1436 1993 de·-

107 2008 262 2050 ducitur
287 2024 358 2063 per
381 2011 534 2057 Horon,
573 2012 750 2050 aborsum
776 2018 817 2050 ut
841 2010 934 2050 illud
960 2011 1142 2050 informet
1166 2010 1215 2050 de
1241 2012 1318 2051 suis
1342 2011 1434 2051 viri·

106 2067 177 2106 bus
201 2069 320 2108 solius
346 2069 601 2115 substantiae,
635 2083 709 2107 non
736 2070 848 2108 etiam
876 2070 1076 2117 scientiae,
1104 2070 1240 2110 forma.
1301 2069 1351 2108 Et
1376 2076 1434 2108 ta—

107 2137 193 2164 men
231 2139 322 2164 cum
346 2127 474 2180 aliquo
508 2127 661 2180 peculio
695 2127 940 2180 relinquitur3
978 2128 1143 2166 iteratur
1174 2126 1274 2166 odor
1303 2128 1433 2166 incor-

198 2321 234 2362 1)
260 2323 342 2354 cod.
362 2323 495 2355 Pithoei
514 2327 547 2356 et
567 2325 674 2357 Rhen.
693 2325 746 2357 ed.
768 2326 792 2358 Ι.
811 2325 857 2356 de
878 2326 1097 2365 aliquibus
1122 2324 1288 2355 hostin
1314 2323 1430 2354 curis

106 2366 538 2406 (eod‚1¹ithoei.hostia
558 2370 1251 2414 και-τίη)ριιιοιρίριιιιιιὶηρίαιιι
1275 2370 1430 2401 vocari.

104 2413 212 2444 Rhen.
231 2415 363 2447 emend.
383 2416 431 2446 de
450 2417 612 2448 Attici·
633 2417 831 2448 historii-
851 2417 1124 2457 puncti-pium
1145 2415 1306 2448 vocari.
1354 2415 1428 2456 mg.

105 2458 151 2490 de
175 2460 393 2499 aliquibus
414 2463 574 2494 Atticis
603 2463 721 2494 curi·
749 2472 1002 2502 pancarpon
1029 2462 1195 2501 vocari,
1221 2471 1428 2501 quamquam

104 2506 303 2544 suspicatur
316 2510 483 2547 scriptum
499 2509 624 2541 suine.
650 2507 898 2553 πάγκαρπονΙ
879 2520 900 2539 r
914 2505 955 2541 τὸ
971 2509 1058 2540 πᾶν.
1088 2510 1161 2539 Non
1174 2513 1358 2547 utrumque
1372 2517 1427 2539 ue-

104 2552 318 2584 cuti-umus.
414 2555 456 2609 2)¹
480 2557 530 2586 lta
546 2556 680 2586 emend.
695 2555 820 2594 Rhen.;
846 2555 882 2586 in
902 2555 952 2586 ed.
973 2556 996 2585 t.
1010 2554 1245 2586 deve-tin.
1292 2556 1380 2586 Iren.
1394 2556 1427 2594 1,

104 2598 137 2635 4)
152 2598 183 2630 ¹·
194 2594 240 2635 ἇΙ
246 2610 351 2643 09‘103
365 2601 420 2633 καὶ
435 2598 599 2642 ἀνείδεος,
613 2598 727 2646 ὥσπερ
738 2600 903 2646 ἔκτρωμα.
