1566 2808
347 176 1165 229 Anv.MAn010NEMLissEniv.
1329 192 1432 233 181

99 304 249 330 rursus:
274 290 629 341 malitiam,'inquit,
656 289 819 341 proximi
845 289 902 326 sui
918 289 1074 340 quisque
1101 301 1148 327 ne
1174 290 1428 340 recogitet.¹)

99 348 224 388 Multo
242 348 369 400 inagis
393 348 616 400 patientiam
642 346 780 393 indixit
804 347 986 392 iniuriae,
1013 344 1075 397 qu'i
1102 345 1239 384 indixit
1265 347 1430 385 oblivio-

102 419 203 445 nem.
263 404 342 445 Sed
378 412 419 443 et
455 418 540 445 cum
565 403 679 443 dicit:
717 404 810 441 mihi
846 403 1072 450 vindictam,
1122 411 1166 442 et
1193 415 1273 454 ego
1304 403 1430 442 sindi-

103 463 262 510 cabo,²)
288 461 451 516 proinde
477 463 700 514 patientiam
728 460 845 499 docet
869 460 1063 499 vindictae
1090 462 1426 512 exspectatricem.

100 514 146 559 Ῐιι
171 527 349 573 quantum
374 533 470 572 ergo
491 519 609 558 fidem
636 532 718 557 non
738 520 853 570 capit,
881 525 920 556 ut
946 517 1044 556 idem
1069 518 1247 557 videatur
1270 525 1325 558 et·
1335 518 1429 558 den-

102 584 181 616 tem
203 591 274 630 pro
299 577 429 623 dente,
459 577 609 616 oculum
635 590 726 628 pro
733 577 846 614 oculo
874 577 910 613 in
927 577 1047 614 vicem
1063 576 1237 614 iniuriam
1248 578 1430 627 exigere,

103 636 167 688 qui
192 648 269 673 non
294 635 407 675 modo
433 636 576 680 vicem,
603 633 671 672 sed
699 635 815 674 etiam
841 634 1043 677 ultionem,
1071 635 1184 671 etiam
1210 633 1432 672 recordati-

103 703 215 731 onem
247 699 287 731 et
316 693 641 743 recogitationem
672 692 835 729 iniuriae
866 691 1066 742 prohibet:
1099 691 1136 731 iri
1169 692 1316 734 tantum,
1337 703 1431 742 ape-

102 750 201 788 ritur
235 749 369 794 nobis,
414 748 605 800 quomodo
643 747 793 786 oculum
830 761 901 798 pro
940 747 1053 785 oculo
1091 754 1131 785 et
1167 746 1324 786 dentem
1358 761 1430 800 pro

103 805 219 844 dente
245 806 452 852 censuerit,
479 818 555 843 non
581 803 630 842 ad
656 803 862 843 secundam
890 804 1065 842 iniuriam
1091 805 1245 842 talionis
1271 807 1430 857 permit-

101 862 275 910 tendam,
314 876 423 915 qnam
449 862 701 914 prohibuerat
725 861 934 900 interdicta
960 862 1131 907 ultione,
1170 861 1238 900 sed
1271 862 1319 900 nd
1350 863 1432 914 pri-

102 932 200 959 mam
226 919 503 966 coercendam,
542 933 652 972 quam
678 918 929 971 prohibuerat
956 919 1135 968 [talione]
1163 921 1362 972 opposito,
1389 927 1433 958 ut

102 979 359 1030 unusquisque
384 978 598 1029 respiciens
631 977 824 1015 licentiam
850 975 1044 1015 secundae
1070 978 1233 1015 iniuriae
1259 991 1280 1015 a
1308 979 1433 1029 prima

102 1041 226 1074 semet
251 1036 372 1087 ipsum
398 1036 658 1073 contineret.⁷
691 1034 856 1073 Facilius
893 1035 993 1072 enim
1019 1035 1092 1071 vim
1121 1035 1318 1086 comprimi
1357 1036 1433 1073 scit

102 1094 461 1144 repraesentatione
510 1093 689 1137 talionis,
750 1105 861 1143 quam
909 1092 1209 1143 repromissione
1259 1093 1430 1130 ultionis.

103 1147 314 1216 Utrumque
339 1157 465 1188 autem
492 1148 806 1199 constituendum
824 1149 896 1186 fuit
926 1161 996 1199 puro
1028 1156 1164 1189 natura
1195 1156 1236 1187 et
1261 1148 1335 1187 lide
1362 1149 1433 1186 ho-

103 1207 263 1253 minum,
300 1214 343 1245 ut
366 1207 430 1258 qui
455 1205 529 1245 deo
556 1205 755 1251 crederet,
794 1206 977 1243 ultionem
1008 1218 1031 1243 a
1064 1205 1138 1244 deo
1169 1213 1431 1257 exspectaret,

105 1264 170 1316 qui
200 1264 322 1303 minus
353 1263 508 1310 fideret,
548 1263 655 1314 leges
686 1263 840 1301 talionis
874 1264 1045 1300 timeret
1102 1262 1210 1302 Hane
1242 1263 1339 1314 legis
1361 1276 1434 1301 vo-

105 1321 291 1360 lu'ntatem
323 1320 378 1360 de
403 1321 602 1360 intellectu
633 1320 872 1359 laborantem
915 1319 1089 1359 dominus
1126 1327 1167 1358 et
1204 1320 1377 1358 sabbati
1391 1327 1434 1358 et

105 1378 206 1431 legis
241 1385 283 1418 et
316 1379 482 1416 omnium
519 1385 766 1434 paternarum
804 1376 1149 1428 dispositionum,
1160 1377 1352 1422 Christus,
1392 1388 1435 1416 ez

103 1436 299 1475 revelavit
335 1441 377 1474 et
419 1442 636 1486 compotem
679 1435 800 1481 fecit,
862 1433 1060 1479 mandans
1082 1420 1258 1473 alterius
1278 1447 1431 1486 quoque

103 1491 283 1532 maxillae
309 1492 562 1539 oblationem,
598 1499 641 1531 ut
665 1498 772 1530 tanto
798 1493 933 1542 magis
948 1493 1072 1530 vicem
1099 1492 1261 1530 iniuriae
1287 1493 1433 1531 exstin-

104 1557 255 1603 gueret,
282 1555 393 1602 quam
419 1557 460 1588 et
484 1550 548 1589 lex
571 1563 643 1602 per
667 1550 849 1588 talionem
861 1522 1052 1587 ¹³voluerat
1071 1549 1294 1601 impedisse,
1322 1557 1432 1589 certe

104 1619 216 1662 quain
245 1608 451 1660 prophetia
479 1608 681 1646 manifeste
714 1614 966 1653 coercuerat,
1012 1614 1059 1645 et
1081 1609 1302 1646 memoriam
1315 1604 1435 1646 liniu-

103 1666 189 1705 riae
213 1665 423 1718 prohibens
448 1663 490 1704 e't
512 1665 696 1703 ultionem
722 1663 771 1703 ad
802 1663 912 1703 deum
939 1663 1136 1715 redigens.
1201 1665 1259 1703 Ita
1283 1665 1430 1716 siquid

106 1722 282 1761 Christus
312 1723 458 1767 intulit,
497 1735 574 1759 non
604 1721 848 1767 adversario,
888 1721 954 1760 sed
988 1721 1166 1760 adiutore
1203 1729 1430 1773 praecepto,

106 1791 183 1818 non
220 1777 409 1816 destruxit
439 1777 661 1829 disciplinas
690 1779 893 1816 creatoris.
956 1778 1130 1829 Denique
1168 1779 1200 1816 si
1237 1780 1276 1816 in
1313 1780 1432 1830 ipsam

107 1836 299 1875 rationem
340 1835 551 1887 patientiae
582 1833 901 1886 praecipiendae,
939 1841 979 1872 et
1006 1834 1160 1886 quidem
1188 1842 1268 1874 -tam
1294 1837 1433 1888 plenae

107 1899 224 1945 atque
247 1893 451 1945 perfectae
474 1890 730 1934 considerem
756 1904 832 1929 non
856 1892 1057 1938 consistet,
1084 1894 1115 1930 si
1135 1902 1212 1930 non
1237 1900 1297 1932 est
1322 1906 1435 1932 crea-

106 1951 216 1998 toris,
243 1951 316 2002 qui
329 1948 536 1988 vindictam
561 1949 806 2000 repromittit,
833 1950 895 2001 qui
921 1949 1084 1988 iudicem
1111 1957 1295 2006 praestat.
1320 1950 1433 1990 Alio-

108 2008 197 2063 quin
228 2008 261 2046 si
289 2014 434 2046 tantum
467 2007 675 2058 patientiae
706 2005 853 2058 pondus
884 2020 960 2044 non
999 2006 1112 2045 modo
1143 2021 1220 2051 non
1246 2013 1433 2059 repercu-

106 2064 248 2111 tiendi,
274 2064 347 2103 sed
369 2071 409 2103 et
432 2064 546 2102 aliam
572 2063 760 2102 maxillam
786 2063 1015 2115 praebendi,
1040 2071 1089 2103 et
1113 2077 1190 2103 non
1213 2066 1328 2104 modo
1354 2079 1431 2104 non

106 2121 422 2168 remaledicendi,
449 2120 518 2159 sed
538 2122 653 2159 etiam
671 2108 941 2168 benedicendi,
963 2129 1004 2160 et
1024 2135 1098 2160 non
1119 2117 1323 2161 modonon
1339 2125 1431 2162 reti-

109 2178 228 2218 nendi
240 2180 420 2225 tunicam,
447 2177 516 2217 sed
531 2178 694 2230 amplius
703 2185 744 2216 et
755 2179 909 2230 pallium
925 2179 1192 2227 concedendi,'
1204 2181 1238 2218 is
1252 2181 1342 2219 mihi
1362 2182 1432 2218 im-

109 2237 236 2290 ponit,
263 2237 327 2288 qui
339 2249 416 2274 non
430 2236 479 2274 sit
492 2247 551 2274 me
565 2234 808 2282 defensurus,
834 2237 872 2274 in
891 2250 1050 2275 vacuum
1069 2239 1291 2289 patientiam
1319 2251 1431 2289 prae-

110 2294 227 2345 cepit,
253 2307 329 2331 non
349 2293 535 2332 exhibens
554 2293 645 2331 mihi
658 2292 876 2340 mercedem
892 2296 1103 2346 praecepti,
1118 2296 1328 2345 patientiae
1342 2294 1431 2333 dico

107 2350 287 2397 fructum,
302 2349 403 2402 quod
418 2357 477 2388 est
491 2351 597 2397 ultio,
624 2363 733 2402 quam
747 2351 836 2389 mihi
853 2352 1070 2402 permisisse
1085 2351 1285 2398 debuerat,
1302 2353 1334 2391 si
1346 2353 1431 2404 ipse

110 2421 186 2446 non
211 2415 400 2460 praestat,
438 2414 504 2446 aut
533 2407 566 2446 si
597 2408 686 2446 mihi
720 2421 794 2446 non
826 2409 1073 2459 permittebat
1104 2410 1185 2460 ipse
1216 2416 1430 2461 praestare,

111 2465 288 2517 quoniam
307 2472 348 2503 et
367 2464 591 2521 disciplinae
613 2466 775 2510 interest
793 2466 967 2508 iniuriam
985 2464 1187 2515 vindicari,
1215 2473 1317 2506 metu
1331 2469 1429 2506 enim

201 2591 240 2630 1)
267 2591 374 2625 Zaeh.
398 2593 432 2632 ⁷,
459 2593 514 2622 1⁰.
539 2590 573 2635 8⁷
599 2593 653 2624 17.
747 2590 786 2634 2)
811 2592 914 2624 Deut.
940 2592 994 2635 32,
1020 2593 1073 2626 35.
