1604 2800
355 187 429 220 DE
462 187 975 222 RESURRECTIONE
1012 189 1239 222 GARNIS.
1363 189 1464 229 125

132 288 278 329 motus,
305 287 347 320 et
369 280 612 320 accedebant
636 295 724 320 ossa
750 278 798 319 ad
825 294 924 319 ossa.
986 281 1037 320 Et
1060 281 1157 330 vidi,
1195 289 1236 321 et
1261 295 1376 332 ecce,
1402 299 1465 324 su-

133 352 208 392 per
231 352 319 378 ossa
343 339 452 378 nervi
476 346 517 378 et
542 352 634 377 caro
661 337 856 385 ascendit,
897 345 937 377 et
969 340 1266 392 circumpositae
1297 349 1385 380 sunt
1409 344 1466 382 eis

133 395 320 449 cutes,1)
350 403 391 436 et
420 397 575 449 spiritus
605 397 643 434 in
673 397 732 436 eis
763 410 841 434 non
871 403 969 435 erat.
1029 396 1081 436 Et
1105 399 1159 436 ait
1182 397 1232 437 ad
1256 411 1337 438 me:
1373 413 1467 452 pro-

132 454 251 506 pheta
275 453 325 493 ad
349 455 541 507 spiritum,
579 454 633 493 fili
657 454 839 501 hominis,
865 454 1056 507 propheta
1082 462 1123 494 et
1146 455 1254 495 dices
1279 455 1328 495 ad
1354 458 1466 509 spiri-

133 519 231 551 tum:
269 512 368 552 haec
404 511 501 551 dicit
536 511 712 551 dominus
749 510 910 550 adonai:
948 525 971 550 a
1002 520 1168 565 quatuor
1201 515 1326 553 ventis
1361 516 1464 559 veni,

130 570 302 622 spiritus,
328 575 369 610 et
391 571 496 623 spira
520 571 558 608 in
584 571 667 609 istis
691 570 945 622 interemptis,
972 577 1013 608 et
1036 572 1178 610 vivant.
1222 571 1273 610 Et
1297 572 1466 625 prophe-

130 629 210 666 tavi
246 626 297 666 ad
333 629 507 681 spiritum
543 629 643 667 sicut
679 629 880 680 praecepit
911 628 1021 675 mihi,
1061 636 1101 667 et
1136 630 1311 668 introivit
1341 631 1379 668 in
1418 643 1466 669 ea

129 686 306 738 spiritus,
333 692 374 724 et
396 687 576 724 vixerunt
599 693 641 724 et
664 687 904 734 steterunt2)
931 699 1048 737 super
1072 685 1193 738 pedes
1217 700 1308 726 suos
1331 687 1465 727 valen-

129 743 186 781 tia
221 755 359 795 magua
395 745 501 781 satis.
563 742 614 781 Et
649 745 703 782 ait
739 742 788 781 ad
824 755 905 781 me:
955 743 1010 781 fili
1046 743 1228 791 hominis,
1265 757 1355 783 ossa
1391 746 1466 783 ista

123 800 252 838 *omnis
277 797 412 838 domus
437 799 557 838 lsrael
584 807 655 839 est.
716 800 794 852 Ipsi
820 799 972 838 dicunt:
1011 807 1248 839 exaruerunt
1280 814 1367 851 ossa
1393 814 1464 841 no-

126 862 221 903 stra,
245 863 288 896 et
311 858 432 910 periit
455 870 543 909 spes
568 864 719 904 nostra,
753 857 874 896 avulsi
897 870 1026 895 sumus
1050 858 1090 895 in
1116 859 1186 897 eis.
1248 857 1465 911 Propterea

124 913 318 967 propheta
342 913 391 953 ad
418 927 505 954 eos:
533 928 649 962 ecce,
687 928 763 966 ego
793 915 991 967 patefacio
1022 916 1202 968 sepulcra
1235 923 1383 963 vestra,
1422 925 1464 956 et

123 972 288 1011 eveham
311 985 382 1011 vos
407 971 456 1011 de
483 973 671 1025 sepulcris
695 974 856 1018 vestris,
882 973 1046 1024 populus
1070 986 1190 1020 meus,
1217 980 1260 1012 et
1282 973 1462 1013 inducam

123 1042 195 1069 vos
230 1030 270 1070 in
306 1037 449 1069 terram
487 1030 627 1077 lsrael,
665 1037 706 1069 et
742 1030 1010 1081 cognoscetis,
1049 1029 1151 1082 quod
1184 1043 1259 1082 ego
1285 1030 1461 1070 dominus

118 1089 344 1139 aperuerim
381 1088 560 1139 sepulcra
594 1094 725 1126 vestra
761 1094 804 1126 et
840 1086 1040 1125 eduxerim
1077 1100 1147 1126 vos
1183 1086 1233 1126 de
1269 1090 1459 1140 sepulcris

121 1145 283 1192 vestris,
309 1145 472 1196 populus
498 1158 621 1191 meus,
648 1151 690 1183 et
713 1143 814 1182 dabo
838 1144 948 1182 vobis
974 1145 1166 1196 spiritum,
1193 1151 1234 1183 et
1256 1145 1394 1184 vivetis
1419 1153 1460 1184 et

124 1202 380 1253 requiescetis
405 1202 444 1239 in
471 1208 575 1240 terra
601 1208 748 1248 vestra,
787 1208 827 1240 et
853 1202 1119 1252 cognoscetis,
1157 1200 1260 1254 quod
1286 1215 1361 1254 ego
1388 1201 1458 1242 do-

123 1260 247 1298 minus
272 1259 424 1297 locutus
450 1260 519 1297 sim
545 1266 586 1298 et
608 1260 783 1306 fecerim,
810 1258 905 1297 dicit
931 1257 1165 1309 dominus.³)

240 1319 308 1359 30.
360 1315 468 1355 Hane
495 1330 644 1369 quoque
670 1316 1020 1369 praedicationem,
1047 1318 1143 1364 scio,
1171 1317 1337 1369 qualiter
1362 1331 1456 1357 con-

122 1375 271 1413 cutiant
295 1376 333 1412 in
359 1375 572 1426 allegoriae
604 1375 995 1425 argumentationem3
1034 1375 1122 1426 quia
1148 1373 1334 1413 dicendo:
1368 1389 1458 1414 ossa

122 1432 198 1470 ista
222 1433 344 1474 omnis
370 1431 504 1470 domus
529 1438 589 1470 est
613 1431 747 1479 Israel,
775 1432 979 1483 imaginem
1005 1445 1051 1470 ea
1077 1431 1219 1470 fecerit
1241 1426 1396 1471 Israelis
1417 1440 1458 1472 et

119 1501 145 1528 a
167 1491 328 1542 propria
353 1488 577 1528 conditione
603 1489 862 1536 transtulerit,
901 1496 1016 1541 atque
1047 1490 1101 1528 ita
1133 1489 1334 1541 figuratam
1368 1503 1454 1529 esse

118 1559 199 1589 nen
221 1559 351 1586 veram
377 1548 678 1586 resurrectionis
703 1546 1055 1599 praedicationem,
1095 1554 1232 1586 statum
1266 1548 1365 1586 enim
1394 1548 1455 1586 Iu-

119 1602 306 1643 daeorum
331 1604 542 1644 deformari
568 1604 850 1657 quodammodo
876 1612 1090 1643 emortuum
1117 1612 1157 1643 et
1181 1604 1379 1643 exaridum
1413 1613 1454 1643 et

117 1660 333 1715 dispersum
358 1663 396 1700 in
423 1675 559 1713 campo
585 1662 703 1700 orbis.
744 1662 875 1712 ltaque
901 1669 941 1698 et
967 1662 1170 1712 imaginem
1196 1664 1453 1700 resurrectio-

117 1720 246 1759 nis.iu
278 1719 382 1756 illum
414 1719 681 1769 allegorizari,
718 1719 807 1769 quia
840 1718 1020 1768 recolligi
1051 1718 1193 1756 habeat
1224 1726 1265 1757 et
1299 1719 1453 1757 recom-

117 1771 296 1827 1‘'gi‘os
321 1774 369 1813 ad
396 1788 458 1821 os,
495 1774 534 1812 id
567 1782 626 1812 est
657 1774 778 1812 trihus
810 1774 858 1811 ad
890 1774 1029 1813 tribum
1054 1782 1097 1813 et
1120 1776 1282 1826 populus
1307 1774 1355 1813 ad
1381 1789 1452 1828 po-

116 1788 264 1885 pffium,
292 1838 332 1870 et
356 1832 604 1883 recorporari
632 1832 760 1870 carnis
786 1831 1008 1870 facultatem
1022 1833 1061 1880 4)
1088 1834 1217 1871 nervis
1241 1834 1366 1884 regni,
1383 1833 1452 1871 'at-

116 1902 191 1942 que
217 1891 271 1928 ita
296 1888 345 1927 de
372 1889 579 1941 sepulcris,
617 1886 655 1926 id
688 1895 749 1927 est
779 1887 827 1927 de
860 1889 1090 1928 habitaculis
1120 1891 1356 1942 captivitatis
1380 1892 1452 1929 tri-

116 1948 292 1986 stissimis
317 1954 431 1999 atque
457 1947 686 1993 teterrimis,
719 1945 834 1985 educi
860 1954 899 1985 et
925 1948 1120 1999 refrigerii
1146 1948 1301 1986 nomine
1327 1949 1455 2000 respi-

114 2006 195 2044 rari
232 2012 273 2044 et
301 2005 433 2043 vivere
465 2002 606 2043 exinde
637 2004 675 2041 in
709 2011 813 2043 terra
844 2017 911 2043 sua
943 2004 1098 2043 Iudaea.
1160 2004 1211 2043 Et
1241 2004 1329 2058 quid
1360 2013 1450 2058 post

115 2062 240 2115 haec?
291 2060 510 2101 Morientur
533 2062 616 2100 sine
641 2059 770 2100 dubio.
826 2061 877 2100 Et
902 2062 990 2114 quid
1016 2069 1106 2115 post
1128 2065 1317 2102 mortem?
1351 2063 1448 2101 Nul-

116 2119 173 2166 la,
210 2121 366 2172 opinor,
403 2120 669 2166 resuscitatio,
705 2120 738 2158 si
763 2133 839 2158 non
865 2120 963 2159 haec
989 2122 1066 2159 erit
1088 2122 1189 2173 ipsa,
1223 2134 1320 2173 quae
1345 2120 1447 2160 Eze—

117 2175 234 2215 chieli
278 2176 485 2216 revelatur.
560 2175 639 2215 Sed
682 2177 781 2215 enim
825 2184 865 2216 et
900 2178 996 2217 alias
1032 2177 1282 2231 praedicatur
1316 2190 1446 2216 resur-

114 2234 260 2282 rectio,
298 2247 395 2285 ergo
421 2242 461 2274 et
484 2235 582 2273 haec
613 2235 707 2282 erit,
744 2241 784 2273 et
808 2241 955 2274 temere
980 2237 1018 2274 in
1043 2243 1180 2274 statum
1207 2249 1290 2274 eam
1318 2233 1446 2272 ludai-

114 2304 244 2330 carum
271 2303 398 2330 rerum
425 2298 671 2339 convertunt,
710 2298 775 2330 aut
806 2293 837 2330 si
862 2293 939 2331 alia
963 2300 1026 2332 est
1047 2293 1132 2339 illa,
1171 2305 1280 2344 quam
1306 2290 1443 2330 defen-

113 2348 248 2396 dimus,
274 2349 367 2388 nihil
393 2362 478 2387 mea
498 2350 676 2397 interest,
704 2348 789 2387 dum
817 2350 866 2388 sit
890 2357 931 2389 et
955 2345 1162 2403 corporum
1186 2350 1440 2394 resurrectio,

205 2501 242 2541 1)
268 2501 376 2543 Rhen.
396 2505 429 2531 et
452 2500 526 2531 cod.
554 2500 642 2530 Pith.
662 2509 825 2532 carnes.
922 2501 958 2541 2)
980 2501 1042 2532 Ed.
1061 2501 1164 2533 Fran.
1184 2501 1219 2531 et
1235 2500 1309 2541 mg.
1336 2508 1439 2531 eon-

111 2547 333 2579 ntiterunt.
429 2548 465 2585 3)
489 2546 615 2578 Ezecli.
630 2546 684 2586 37,
708 2547 842 2575 1—14.
936 2547 974 2585 4)
1000 2547 1092 2589 Gel.,
1115 2547 1168 2578 ed.
1187 2546 1289 2579 Fran.
1309 2548 1344 2578 et
1364 2546 1436 2587 mg.

112 2593 315 2625 carnibus
339 2594 601 2625 facultatum
623 2594 666 2623 et
686 2593 834 2623 nervis
855 2593 986 2633 regni.
