1566 2808
349 229 474 260 ADV.
511 227 874 258 MARCIONEM
910 226 1085 256 LIBER
1117 226 1172 256 111.
1319 223 1420 260 123
1460 225 1471 228 ’

96 323 161 375 qui
196 322 314 360 homo
346 318 564 365 videbatur,
603 326 714 357 natus
749 319 880 370 utique
920 316 1163 357 credebatur.
1243 307 1342 356 Nam
1381 325 1422 357 et

96 378 237 418 mulier
265 376 450 431 quaedam
483 377 787 416 exclamaverat.
821 376 956 414 beatus
987 383 1135 422 venter,
1164 375 1226 427 qui
1258 382 1297 413 te
1329 389 1421 427 por-

97 438 216 491 tavit,
245 442 287 475 et
312 435 453 481 thera,
491 446 588 486 quae
631 434 856 483 hausisti¹)
910 432 962 471 Et
998 432 1188 486 quomodo
1227 439 1351 471 mater
1382 440 1422 472 et

98 483 243 533 fratres
272 493 355 531 eins
386 491 480 530 dicti
511 499 598 530 sunt
623 492 718 529 foris
750 498 852 529 stare
866 492 933 538 ²)?
970 490 1020 528 Et
1043 489 1255 529 videbimus
1287 489 1336 529 de
1361 491 1420 529 his

98 550 277 603 capitulis
300 548 374 588 suo'
386 556 580 601 tempore·
634 548 749 587 Certe
777 561 860 586 cum
888 555 927 586 et
951 549 1032 600 ipse
1058 561 1099 587 se
1127 548 1241 586 filium
1256 547 1420 586 hominis

96 606 363 661 praedicaret,
408 614 551 650 natum*
575 607 728 645 scilicet
764 606 1028 658 profitebatur.
1095 605 1208 644 Nunc
1244 613 1285 643 ut
1321 605 1420 644 haee

97 666 227 704 omnia
251 663 301 704 ad
327 664 520 717 evangelii
547 663 760 702 distulerim
786 664 1121 709 examinationem,
1148 670 1289 709 tamen,
1317 661 1419 714 quod

94 736 212 775 supra
235 722 383 768 statui,-
402 723 433 760 si
466 721 566 759 omni
592 720 706 758 modo
733 727 844 758 natus
870 717 978 758 c'redi
1004 719 1187 765 habebat,
1214 720 1278 771 qui
1303 719 1418 757 homo

92 779 309 827 videbatur,
329 786 427 817 vane
454 776 667 816 nativitatis
693 777 805 815 fidem
826 777 990 814 consilio
1010 777 1261 827 imaginariae
1289 777 1418 814 carnis

92 835 385 890 expungendam
403 835 443 884 ³)
481 836 643 887 putavit.
714 833 811 882 Quid
855 835 955 873 enim
998 834 1162 886 profuit,
1206 847 1283 871 ιιοιι
1324 846 1417 872 vere

92 895 232 941 fuisse,
259 892 362 946 quod
391 906 464 944 pro
490 905 584 931 vero
622 891 851 938 haberetur,
878 898 954 929 tam
988 904 1144 930 carnem
1170 904 1281 943 quam
1317 892 1418 929 nati-

91 952 276 990 vitatem?
309 950 390 990 Aut
414 950 446 988 si
472 948 635 996 dixeris,
662 944 804 987 siderit
828 950 959 1000 opinio
986 949 1169 989 humana:
1202 950 1278 992 iam
1301 946 1417 987 deum

90 1016 195 1048 tuum
219 1007 583 1047 honorasfalta'ciae
608 1007 734 1053 titulo,
761 1009 793 1045 si
818 1006 920 1044 aliud
937 1020 979 1045 se
1005 1006 1155 1045 sciehat
1179 1019 1278 1061 esse,
1306 1019 1416 1058 quam

93 1057 219 1119 quiid
229 1066 405 1104 homines
441 1065 595 1104 fecerat
631 1065 794 1116 opinari.
862 1064 941 1102 lam
978 1071 1068 1102 tunc
1106 1064 1264 1116 potuisti
1301 1065 1416 1101 etiam

92 1125 328 1162 nativitatem
354 1123 561 1175 putativam
582 1123 636 1160 illi
662 1119 990 1167 accommodasse,
1016 1134 1065 1170 ne
1085 1122 1123 1159 in
1144 1121 1243 1158 hanc
1265 1133 1415 1171 quoque

95 1181 322 1232 impegisses
349 1180 626 1232 quaestionem.
677 1179 776 1216 Nam
802 1185 841 1217 et
866 1168 1115 1217 mulierculae
1148 1176 1416 1228 nonnunquam

93 1244 352 1290 praegnantes
382 1236 456 1274 sibi
486 1236 666 1274 uidentur
696 1243 762 1274 ant
791 1236 987 1286 sanguinis
1018 1235 1160 1273 tributo
1193 1241 1259 1272 aut
1289 1231 1417 1286 aliqua

92 1294 313 1334 valetudine
344 1294 514 1332 inflatae.
570 1293 619 1331 Et
650 1294 780 1344 utique
807 1292 995 1331 debuerat
1024 1292 1299 1344 phantasmatis
1330 1304 1416 1330 see-

95 1366 181 1391 uam
215 1351 503 1414 decucurrisse,
542 1363 608 1389 ne
624 1351 811 1416 originem
851 1351 979 1388 carnis
1010 1362 1087 1387 non
1119 1348 1414 1393 desaltasseth)

94 1411 161 1462 qui
189 1421 393 1463 personam
426 1408 664 1448 substantiae
695 1408 814 1458 ipsius
845 1407 1003 1458 egisset.
1053 1405 1172 1444 Plane
1204 1406 1416 1443 nativitatis

92 1465 334 1507 mendacium
371 1466 579 1511 recusasti,
612 1465 742 1516 ipsam
764 1465 863 1502 enim
897 1476 1052 1502 carnem
1082 1476 1212 1502 veram
1245 1461 1413 1501 edidisti.

91 1523 364 1576 Turpissimum
401 1523 557 1561 scilicet
594 1521 673 1560 dei
695 1522 810 1560 etiam
842 1534 935 1560 vera
963 1521 1157 1559 nativitas.
1205 1519 1293 1571 Age
1325 1521 1413 1565 iam,

92 1594 234 1634 perora
258 1595 298 1620 ιιι
322 1581 389 1619 illa
414 1580 655 1618 sanctissima
682 1586 722 1617 et
747 1577 964 1618 reverenda
996 1591 1117 1644 opera
1143 1585 1323 1623 naturae,
1357 1579 1415 1615 in-

90 1639 236 1678 vehere
265 1639 305 1676 in
337 1644 477 1684 totum,
517 1635 616 1689 q'u'od
644 1650 707 1683 es,
747 1638 874 1675 carnis
906 1643 1020 1688 atque
1046 1636 1196 1674 animae
1222 1636 1413 1686 originem

93 1695 268 1743 destrue3
295 1696 469 1734 cloacam
499 1708 597 1733 voca
631 1701 778 1732 uterum
804 1686 900 1732 tanti
925 1693 1117 1739 animalis,
1144 1691 1183 1731 id
1209 1699 1269 1730 est
1293 1693 1415 1730 homi-

93 1754 152 1792 nis
171 1726 414 1808 producendi
441 1751 647 1797 officinam,
680 1764 914 1803 persequere
941 1758 981 1788 et
1005 1757 1136 1802 partus
1161 1748 1351 1787 immunda
1377 1755 1417 1786 et

95 1809 274 1862 pudenda
314 1815 532 1861 tormenta,
583 1815 622 1846 et
658 1809 777 1859 ipsius
819 1806 959 1845 exinde
1003 1807 1197 1858 puerperii
1240 1819 1414 1858 spurcos,

94 1869 243 1914 anxios,
269 1858 439 1905 ludicros
454 1866 579 1904 exitus
593 1866 645 1912 ⁵).
693 1863 836 1903 Tamen
865 1877 948 1902 cum
973 1864 1101 1902 omnia
1126 1864 1199 1901 ista
1213 1862 1415 1902 destruxe-

94 1926 160 1972 ris,
191 1932 236 1963 ut
258 1923 335 1963 deo
360 1922 515 1974 indigna
531 1922 569 1970 ⁶)
597 1921 928 1968 confirmes,aenon
959 1922 1035 1959 erit
1064 1919 1260 1971 indignior
1289 1926 1413 1959 morte

63 1992 65 1995 “
94 1983 272 2022 nativitas
304 1989 344 2020 et
374 1993 491 2019 cruce
530 1979 690 2017 infantia
726 1986 767 2017 et
796 1986 933 2017 natura
968 1981 1096 2030 poena
1127 1985 1168 2016 et
1192 1990 1308 2016 carne
1346 1977 1415 2016 da-

95 2041 252 2078 mnatio.
314 2037 498 2077 Sie'vere
530 2038 602 2075 ista
628 2049 760 2087 passus
797 2043 856 2075 est
888 2036 1082 2082 Christus,
1121 2036 1242 2074 minus
1278 2035 1416 2073 fuisset

95 2098 214 2136 nasei.
277 2094 325 2135 Si
349 2094 553 2134 mendacio
586 2106 718 2146 passus
749 2101 826 2140 est,
863 2101 907 2132 ut
936 2094 1179 2145 phantasma,
1218 2093 1345 2145 potuit
1374 2099 1415 2130 et

96 2153 296 2208 mendacio
334 2155 454 2192 nasci.
518 2151 672 2189 Summa
707 2152 780 2190 ista
814 2151 1026 2190 Marcionis
1061 2157 1306 2202 argumenta,
1344 2162 1415 2201 per

95 2224 192 2264 quae
223 2211 338 2250 alium
370 2209 487 2249 efficit
518 2194 728 2255 Christum,
766 2210 859 2247 satis
897 2209 1037 2260 opinor
1068 2206 1304 2246 ostendimus
1335 2220 1413 2244 non

94 2269 311 2307 consistere
337 2270 513 2314 omnino;
545 2265 631 2304 dum
663 2265 847 2305 docemus
877 2267 999 2317 magis
1024 2266 1156 2317 utique
1189 2270 1413 2316 competere

93 2325 168 2365 deo
187 2326 414 2371 veritatem‚¹
432 2337 543 2376 quam
568 2322 808 2362 mendacium
834 2324 918 2362 eius
944 2323 1107 2368 habitus,
1134 2324 1171 2360 in
1199 2334 1273 2372 quo
1300 2321 1413 2359 Chri·
1463 2350 1468 2354 .

92 2390 189 2422 stum
215 2397 321 2422 suum
335 2382 520 2422 exhibuit.
572 2379 615 2419 Si
638 2381 782 2419 veritas
806 2381 890 2427 fuit,
918 2393 1011 2419 caro
1036 2381 1121 2425 fuit,
1148 2380 1180 2416 si
1207 2380 1300 2416 caro
1326 2378 1411 2423 fuit,

171 2487 221 2527 1)
245 2488 329 2529 Luc.
350 2489 406 2527 11,
427 2487 480 2517 27.
575 2485 612 2526 2)
635 2485 720 2515 Luc.
733 2485 768 2523 8,
788 2486 831 2514 19
851 2493 922 2523 sqq.
1017 2481 1055 2523 3)
1080 2483 1189 2513 Rhen.
1216 2481 1267 2512 ecl.
1286 2483 1311 2512 Ι.
1342 2491 1414 2513 ex-

92 2523 371 2587 pugnandam.
474 2531 512 2570 4)
539 2532 646 2562 Rhen.
674 2530 726 2562 ed.
745 2531 771 2562 1.
806 2540 857 2560 ne
890 2529 1102 2570 originem
1133 2537 1301 2559 carnem
1334 2528 1403 2567 (Fr

92 2579 212 2610 {nniu-
241 2580 331 2611 eoni.
357 2578 580 2616 carneam)
609 2586 690 2607 non
721 2576 976 2607 dealtasuet.
1095 2574 1131 2614 5)
1162 2575 1213 2606 ct.
1241 2574 1283 2606 de
1307 2583 1413 2606 earne

92 2619 219 2656 Chri-‘ti
238 2627 358 2666 ⁰⁸1²·4·
455 2625 492 2665 6)
517 2624 625 2654 Rhen.
642 2623 693 2654 ed.
709 2623 732 2653 1.
755 2622 832 2653 deo
858 2622 995 2662 digna.

111 2695 196 2753 3
