1604 2800
154 178 260 218 nso
601 173 1051 208 ADv.1³nAxEAN.

155 286 227 327 per
252 282 425 317 carnem,
464 267 554 320 quia
584 274 625 306 et
655 273 789 306 cetera
819 267 875 306 sie
907 266 1035 319 accipi
1066 267 1238 317 exigunt.
1312 263 1357 306 Si
1385 267 1487 310 onim

156 342 282 369 sermo
314 341 364 367 ex
393 325 732 377 transfiguratione
764 331 804 363 et
833 322 1094 364 demutatione
1125 323 1363 363 substantiae
1394 336 1488 366 cam

155 389 281 427 factus
306 392 379 433 est,
405 397 480 423 una
500 384 573 422 iam
594 384 669 422 erit
689 382 902 423 substantia
916 381 1023 421 Iesus
1042 394 1092 420 ex
1111 379 1270 429 duabus,
1297 394 1348 422 ex
1372 393 1491 422 earne

157 452 197 485 et
215 445 364 496 spiritu,
391 443 555 481 mixtura
575 439 775 493 quaedam,
802 447 843 480 ut
862 441 1049 480 electrum
1069 451 1119 479 ex
1139 452 1233 479 auro
1253 445 1293 479 et
1311 446 1491 492 argento,

158 510 198 542 et
222 502 359 554 incipit
384 513 455 540 nec
482 512 613 539 aurum
639 511 739 546 esse,
765 497 805 538 id
831 506 890 538 est
915 499 1090 551 spiritus,
1125 510 1249 550 neque
1275 503 1493 549 argentum,

120 578 125 594 1
158 560 196 599 id
223 566 283 599 est
308 572 420 606 οπο,
459 556 546 596 dum
578 557 740 596 alterum
772 557 896 596 altero
928 563 1113 602 mutatur,
1152 562 1193 597 et
1222 555 1376 594 tertiu‘m
1403 552 1494 607 quid

119 610 124 623 '
159 617 334 657 efficitur.
351 618 387 666 ¹)
443 615 581 667 Neque
607 627 703 666 ergo
730 613 825 654 deus
851 615 926 654 erit
952 613 1071 661 lesus,
1098 625 1224 653 sermo
1251 613 1353 652 enim
1379 611 1498 653 desiit

160 688 264 723 esse,
303 675 366 727 qui
392 687 484 713 οπο
511 674 635 712 factus
661 679 739 721 est3
778 685 902 724 neque
929 685 1041 719 οπο,
1079 670 1119 710 id
1144 678 1205 711 est
1228 671 1364 718 homo,
1403 681 1496 710 earo

114 742 120 757 ¹
161 734 262 772 enim
287 746 363 770 non
388 732 545 784 proprie
571 737 642 778 est,
670 731 731 783 qui
758 743 884 769 sermo
911 730 994 769 fuit.
1056 729 1114 768 Ita
1139 742 1190 768 ex
1213 729 1378 782 utroque
1403 740 1499 767 neu-

110 792 115 799 '
162 798 262 829 trum
288 796 365 836 est3
405 787 506 827 aliud
533 789 669 839 longe,
708 790 861 827 tertium
888 795 966 835 est,
1005 801 1116 839 quam
1141 794 1356 839 utrumque.
1419 782 1500 825 Sed

163 848 262 886 enim
277 847 487 884 invenimus
507 846 611 883 illum
632 844 783 883 directo
804 852 843 883 et
863 844 975 883 deum
995 852 1036 883 et
1055 845 1248 884 hominem
1269 843 1498 896 expositum,

163 907 246 957 ipso
273 903 347 941 hoe
372 903 517 955 psalmo
545 908 801 954 suggerente:
838 901 1016 953 quoniam
1042 900 1136 939 deus
1162 901 1276 940 homo
1303 907 1415 939 natus
1440 905 1501 939 est

163 963 201 1000 in
227 961 311 1008 illa,
350 967 391 999 et
416 959 637 998 aedificavit
661 972 744 998 eam
769 959 966 997 voluntate
991 959 1130 1010 patris3
1146 959 1183 1007 2)
1223 964 1331 997 certe
1361 969 1502 1009 usque-

165 1031 313 1072 quaque
341 1018 457 1056 fllium
483 1016 547 1055 dei
573 1023 612 1055 et
639 1016 755 1055 filium
782 1016 959 1061 hominis,
986 1028 1071 1054 oum
1097 1014 1208 1053 deum
1235 1022 1276 1053 et
1294 1015 1501 1060 hominem,

165 1078 246 1116 sine
268 1075 385 1114 dubio
406 1073 613 1114 secundum
633 1081 832 1126 utramque
853 1073 1103 1112 substantiam
1116 1073 1155 1112 in
1174 1085 1244 1111 sua
1261 1071 1504 1125 proprietate

167 1134 385 1180 distantem,
418 1133 507 1185 quia
533 1144 656 1184 neque
683 1145 810 1171 sermo
836 1130 953 1179 aliud,
986 1143 1098 1183 quam
1124 1129 1232 1178 deus,
1258 1140 1384 1182 neque
1410 1141 1503 1169 earo

167 1191 287 1239 aliud,
327 1204 438 1243 quam
468 1191 597 1229 homo.
661 1188 727 1228 Sic
754 1197 794 1228 et
823 1189 1021 1242 apostolus
1046 1188 1095 1228 de
1120 1195 1282 1240 utraque
1308 1188 1391 1228 eius
1415 1186 1505 1227 sub·

168 1250 307 1288 stantia
333 1248 462 1288 docet.
524 1247 596 1295 Qui
622 1247 745 1286 factus
778 1254 858 1297 est,
890 1248 1032 1299 inquit,
1069 1259 1120 1286 ex
1144 1246 1288 1286 semine
1314 1243 1450 1285 David.
1465 1244 1504 1292 3)

169 1307 241 1346 Hic
274 1308 350 1345 erit
379 1306 494 1344 homo
521 1312 560 1343 et
586 1305 684 1344 filius
709 1305 886 1353 hominis,
920 1306 982 1358 qui
1015 1303 1192 1344 definitus
1223 1310 1283 1343 est
1313 1302 1413 1342 filius
1443 1300 1508 1342 (lei

169 1363 378 1404 secundum
416 1364 602 1414 spiritum.
616 1364 655 1411 ⁴)
729 1362 802 1402 Hic
827 1364 904 1402 erit
929 1362 1023 1402 deus
1049 1369 1089 1402 et
1113 1369 1259 1410 sermo,
1297 1359 1362 1400 dei
1392 1359 1505 1400 filius.

169 1420 355 1460 Videmus
381 1419 572 1470 duplicem
603 1427 761 1467 statum,
800 1434 876 1458 non
909 1421 1127 1467 confusum,
1166 1418 1235 1459 sed
1262 1419 1508 1459 coniunctum

172 1479 211 1516 in
230 1490 305 1516 una
324 1489 503 1528 persona,
531 1475 643 1514 deum
670 1483 709 1514 et
733 1477 924 1515 hominem
946 1477 1083 1516 Iesum.
1122 1477 1180 1516 De
1201 1477 1356 1516 Christo
1381 1482 1509 1515 autem

174 1533 336 1573 dissero.
375 1533 426 1571 Et
450 1531 549 1571 adeo
575 1533 681 1571 salva
706 1540 765 1571 est
789 1534 988 1584 utriusque
1013 1536 1232 1584 proprietas
1258 1533 1509 1579 substantiae,

174 1599 216 1631 ut
235 1598 275 1631 et
293 1591 448 1643 spiritus
473 1603 537 1628 res
563 1603 649 1628 suas
675 1591 802 1641 egerit
826 1591 864 1628 in
889 1590 970 1638 illo,
997 1589 1036 1628 id
1062 1597 1123 1628 est
1146 1590 1309 1629 virtutes
1328 1596 1370 1628 et
1389 1601 1511 1640 opera

175 1657 214 1689 et
239 1649 367 1700 signa,
406 1655 446 1686 et
483 1659 575 1686 caro
612 1648 812 1699 passiones
849 1660 937 1686 suas
973 1648 1104 1686 functa
1136 1647 1204 1694 sit,
1243 1647 1417 1686 esuriens
1441 1644 1510 1685 sub

175 1707 346 1753 diabolo,
372 1706 506 1744 sitiens
532 1704 600 1742 sub
627 1703 874 1750 Samaritide‚
901 1705 996 1743 flens
1022 1703 1225 1751 Lazarum,
1251 1704 1366 1743 anxia
1390 1715 1510 1755 usque

175 1764 224 1804 ad
249 1770 431 1810 mortem,
470 1761 635 1814 denique
662 1769 703 1800 et
726 1769 877 1801 mortua
902 1769 974 1802 est.
1048 1760 1194 1810 Quodsi
1229 1762 1385 1801 tertium
1423 1758 1514 1813 quid

177 1829 292 1869 esset,
320 1834 370 1860 ex
393 1827 557 1872 utroque
585 1820 797 1868 confusum,
823 1827 866 1859 ut
890 1820 1092 1867 electrum,
1119 1833 1196 1858 non
1222 1825 1300 1858 tam
1330 1817 1514 1859 distincta

178 1880 408 1919 documenta
432 1885 618 1931 parerent
647 1878 845 1930 utriusque
877 1878 1126 1917 substantiae.
1189 1875 1268 1916 Sed
1294 1883 1334 1916 et
1357 1876 1514 1929 spiritus

179 1938 362 1984 carnalia,
390 1943 430 1976 et
449 1950 541 1975 οπο
562 1936 752 1988 spiritalia
771 1936 917 1988 egisset
937 1948 986 1975 ex
1005 1935 1272 1983 translatione,
1298 1941 1364 1974 aut
1388 1945 1514 1987 neque

181 1995 353 2034 carnalia
388 2007 512 2046 neque
549 1994 757 2046 spiritalia,
795 1992 864 2032 sed
901 1994 1042 2033 tertiae
1079 1992 1243 2032 alieuius
1279 1992 1429 2032 formae
1465 2003 1517 2031 ex

181 2053 426 2100 confusione3
459 2053 534 2090 imo
561 2058 627 2090 aut
652 2064 778 2090 sermo
803 2059 975 2090 mortuus
999 2058 1122 2099 esset,
1154 2056 1221 2089 aut
1246 2062 1338 2088 earo
1364 2054 1515 2088 mortua

181 2123 257 2149 non
289 2117 411 2157 esset,
449 2111 482 2148 si
513 2122 640 2148 sermo
674 2121 883 2149 conversus
914 2116 1019 2148 esset
1048 2108 1087 2148 in
1118 2120 1294 2156 carnem3
1332 2113 1398 2146 aut
1421 2118 1515 2147 caro

182 2169 282 2206 enim
307 2168 532 2206 immortalis
557 2167 704 2214 fuisset,
731 2174 798 2206 aut
821 2180 947 2206 sermo
972 2166 1161 2205 mortalis.
1209 2163 1288 2204 Sed
1315 2164 1403 2217 quia
1427 2162 1517 2203 sub-

183 2226 346 2264 stantiae
372 2225 507 2264 ambae
527 2226 566 2263 in
591 2230 693 2263 statu
717 2238 786 2264 suo
813 2237 986 2277 quaeque
1011 2222 1192 2263 distincte
1218 2221 1399 2274 agebant,
1424 2218 1515 2260 ideo

184 2283 260 2320 illis
286 2290 326 2322 et
349 2295 493 2335 operae
519 2289 560 2321 et
583 2282 709 2321 exitus
734 2283 792 2322 sui
817 2289 1086 2322 occurrerunt.
1146 2280 1262 2320 Disce
1287 2280 1408 2331 igitur
1431 2290 1519 2318 eum

186 2338 422 2378 Nieodemo:
450 2341 538 2392 quia
563 2339 664 2392 quod
689 2341 728 2378 in
754 2347 1025 2379 carnenatum
1045 2346 1117 2387 est,
1144 2351 1237 2378 οπο
1257 2343 1331 2384 est,
1355 2342 1397 2376 el
1414 2332 1524 2388 quod,

189 2395 236 2434 «le
263 2398 417 2449 spiritu,
448 2399 604 2449 spiritus
634 2404 706 2436 est.
721 2398 759 2448 ⁵)
820 2397 958 2451 Neque
989 2410 1083 2437 οπο
1114 2397 1270 2450 spiritus
1299 2394 1361 2443 iit,
1391 2405 1516 2445 neque

282 2536 318 2574 1)
339 2535 389 2566 cf.
410 2536 483 2567 adv.
502 2536 663 2577 Hei-mog.
685 2546 714 2567 ο.
735 2538 787 2567 25.
907 2538 944 2578 2)
963 2537 1094 2578 Ρι.,87,
1115 2538 1146 2568 5.
1251 2533 1290 2574 3)
1315 2533 1411 2564 Rom·
1432 2531 1465 2572 1,
1486 2531 1518 2564 3.

190 2578 228 2621 4)
243 2579 284 2611 ib.
302 2590 328 2610 v.
342 2582 374 2611 4.
470 2582 504 2621 5)
523 2583 570 2614 10.
588 2584 619 2624 3,
635 2585 666 2613 6.
