1604 2800
164 216 269 252 136
389 215 462 245 DE
499 214 1013 246 nesunaEcrroNE
1051 213 1282 249 cARN1s.

165 308 562 354 haberetur,animae
590 305 678 345 dico
707 307 825 345 solius
852 308 1194 356 resurrectionem,
1220 308 1326 347 velut
1351 315 1501 360 gustum

167 367 293 406 carnis
331 366 445 405 etiam
478 371 774 404 resurrecturae
806 377 874 403 suo
907 365 945 403 in
978 372 1170 418 tempore.
1234 363 1376 418 Atque'
1401 366 1501 406 adeo

165 422 374 464 secundum
400 430 567 462 nostram
593 423 677 461 veri
710 423 1017 462 aestimationem
1033 424 1068 473 1)
1094 423 1272 476 exempla
1301 424 1368 463 illa
1400 430 1504 464 mor-

165 490 315 521 tuorum
353 495 376 520 a
413 480 567 519 domino
607 482 879 519 suscitatorum
919 480 1239 520 commendabant
1271 480 1425 534 quidem
1463 489 1505 522 et

166 540 294 579 carnis
320 546 359 578 et
385 539 534 577 animae
561 539 909 586 resurrectionem,
948 552 996 577 ne
1031 540 1092 578 cui
1119 539 1356 579 substantiae
1383 538 1504 592 nega-

166 605 273 637 retur
309 597 383 636 hoc
422 596 581 644 donum3
621 610 718 649 quae
757 603 885 635 tamen
918 597 1094 649 exempla
1125 610 1173 636 eo
1207 598 1328 636 minus
1359 596 1504 650 aliquid

166 654 352 701 edebant,
391 654 491 708 (nen
530 655 629 692 enim
668 657 706 693 in
745 655 926 706 gloriam,
971 667 1043 693 nec
1081 656 1119 693 in
1157 655 1505 709 incorruptibilita-

168 720 261 759 tem,
301 711 369 751 sed
407 713 445 750 in
476 719 638 751 mortem
670 713 782 751 aliam
821 712 1147 762 suscitabantur,)
1188 726 1299 766 quam
1336 712 1507 753 ediderit

168 770 356 808 Christus.

283 830 351 868 39.
392 826 730 865 Resurrectionem
758 829 975 879 apostolica
1001 841 1151 881 quoque
1173 830 1428 868 instrumenta
1448 835 1508 869 te-

168 891 328 923 stantur.
390 882 488 922 Nam
516 891 555 922 et
580 884 766 936 apostolis
793 885 933 923 nullum
960 884 1062 923 aliud
1089 887 1288 937 negotium
1315 887 1386 925 fuit
1411 886 1510 925 dun-

169 949 276 981 taxat
301 940 399 993 apud
427 941 629 988 Israelem,
664 955 773 994 quam
799 943 943 980 veteris
970 944 1192 981 testamenti
1219 942 1442 994 resignandi
1469 949 1511 982 et

169 1001 258 1038 novi
285 997 539 1050 consignandi
565 1006 604 1037 et
629 1001 757 1050 potius
783 1000 856 1037 iam
884 998 946 1037 dei
973 1001 1010 1037 in
1044 999 1199 1038 Christo
1235 1000 1509 1039 concionandi.

168 1056 227 1096 Ita
253 1064 293 1095 et
318 1056 365 1094 de
392 1057 680 1094 resurrectione
707 1056 801 1094 nihil
827 1057 915 1094 novi
950 1057 1178 1103 intulerant,
1217 1057 1290 1095 nisi
1328 1056 1430 1110 quod
1469 1064 1512 1100 et

167 1115 287 1166 ipsam
320 1115 357 1152 in
390 1114 551 1165 gloriam
579 1113 721 1152 Christi
754 1112 1049 1160 adnuntiabant,
1088 1113 1136 1152 de
1177 1121 1311 1153 cetero
1344 1115 1512 1168 simplici

169 1179 209 1210 et
245 1178 337 1209 nota
368 1171 442 1209 iam
475 1170 550 1210 fide
582 1178 781 1223 receptam
814 1171 896 1209 sine
928 1171 1004 1210 ulla
1039 1172 1235 1224 qualitatis
1267 1173 1510 1225 quaestione,

170 1229 262 1268 solis
288 1228 573 1280 refragantibus
607 1227 860 1268 Sadducaeis.
922 1227 1036 1268 Adeo
1075 1230 1227 1269 facilius
1264 1230 1337 1282 fuit
1373 1231 1511 1283 neg'ari

170 1288 208 1325 in
241 1293 358 1326 totum
394 1293 628 1325 mortuorum
660 1287 1007 1335 resurrectionem,
1049 1300 1158 1340 quam
1185 1288 1300 1327 aliter
1324 1285 1509 1341 intelligi.

172 1343 301 1382 Habes
332 1343 489 1382 Paulum
522 1344 623 1395 apud
655 1359 819 1384 summos
851 1344 1082 1384 sacerdotes
1113 1346 1180 1384 sub
1214 1345 1370 1387 tribuno
1407 1347 1512 1385 inter

174 1399 425 1439 Sadducaeos
463 1408 503 1438 et
540 1401 769 1441 Pharisaeos
808 1402 897 1442 fidei
937 1417 1028 1442 suae
1067 1404 1341 1456 professorem.
1409 1402 1513 1451 Viri,

172 1458 308 1508 inquit,
335 1455 490 1503 fratres,
517 1470 592 1508 ego
620 1458 850 1497 Pharisaeus
876 1474 968 1506 sum,
998 1462 1095 1499 filius
1124 1461 1435 1510 Pharisaeorum,
1461 1460 1512 1500 de

174 1526 241 1565 spe
278 1527 378 1551 nunc
416 1520 456 1551 et
487 1513 534 1551 de
566 1517 854 1554 resurrectione
887 1516 1040 1555 iudicor
1070 1518 1171 1569 apud
1205 1519 1346 1573 vos,²)
1379 1520 1513 1572 utique

175 1571 384 1617 communi,
425 1583 490 1617 ne,
531 1572 618 1622 quia
650 1573 724 1611 iam
763 1580 1029 1624 transgressor
1067 1575 1165 1625 legis
1197 1575 1419 1623 videbatur,
1462 1576 1512 1615 de

174 1629 384 1681 praecipuo
413 1626 502 1667 fidei
530 1630 644 1668 totius
670 1631 854 1677 articulo,
893 1629 932 1668 id
971 1638 1028 1670 est
1061 1630 1108 1670 de
1141 1633 1432 1672 resurrectione
1459 1632 1511 1672 ad

176 1685 428 1724 Sadducaeos
453 1699 590 1738 sapere
618 1688 916 1725 existimaretur.
967 1688 1036 1735 lta,
1065 1702 1175 1740 quam
1201 1689 1360 1728 nolebat
1382 1689 1512 1730 videri

175 1742 419 1789 rescindere,
458 1743 572 1782 fidem
603 1746 902 1783 resurrectionis
934 1746 1064 1797 utique
1092 1746 1348 1785 confirmabat
1372 1760 1514 1787 secun-

176 1801 261 1839 dum
290 1800 534 1848 Pharisaeos,
562 1815 748 1854 respuens
775 1809 984 1854 negatores
1011 1804 1093 1842 eius
1109 1802 1376 1844 Sadducaeos.
1416 1804 1514 1845 Pr'o·

175 1858 264 1897 inde
292 1865 331 1897 et
361 1857 461 1911 apud
491 1858 703 1912 Agrippam
736 1860 830 1900 nihil
863 1873 904 1899 se
938 1862 991 1899 ait
1027 1862 1224 1914 proferre,
1265 1862 1363 1901 citra
1402 1875 1514 1915 quam

176 1917 391 1968 prophetae
418 1915 719 1956 adnuntiassent.
736 1919 776 1969 3)
837 1917 944 1970 Ergo
971 1919 1152 1958 servabat
1183 1921 1513 1960 resurrectionem

179 1986 348 2024 quoque,
387 1974 534 2024 qualem
573 1976 788 2027 prophetae
826 1975 1109 2016 adnuntiarant.
1171 1977 1270 2016 Nam
1304 1985 1343 2017 et
1376 1977 1424 2017 de
1450 1991 1514 2018 re-

178 2031 422 2069 surrectione
460 2039 695 2072 mortuorum
734 2033 835 2086 apud
866 2034 1030 2087 Moysen
1062 2036 1244 2087 scriptum
1277 2047 1513 2074 commemo-

180 2100 287 2134 rans,
322 2089 563 2139 corporalem
591 2103 673 2130 eam
700 2099 831 2139 norat,
865 2093 904 2130 in
931 2105 1004 2144 qua
1029 2093 1181 2132 scilicet
1205 2093 1362 2144 sanguis
1389 2092 1513 2132 homi-

179 2146 237 2183 nis
274 2146 423 2197 exquiri
459 2145 680 2198 habebit.4)
743 2150 876 2203 Itaque
902 2150 1017 2188 talem
1048 2149 1319 2203 praedicabat,
1360 2151 1513 2202 qualem

180 2209 220 2241 et
244 2201 443 2242 Pharisaei
475 2214 743 2257 susceperant,
782 2214 822 2246 et
852 2206 1026 2246 dominus
1063 2208 1145 2260 ipse
1184 2206 1434 2254 defenderat,
1469 2214 1513 2247 et

182 2259 420 2307 Sadducaei,
460 2274 507 2300 ne
536 2264 648 2302 talem
675 2278 825 2317 quoque
853 2264 1079 2312 crederent,
1117 2266 1156 2303 in
1181 2271 1301 2304 totum
1328 2277 1414 2308 esse
1442 2277 1512 2303 no-

182 2318 345 2356 luerant.
411 2316 490 2357 Sed
523 2333 593 2359 nec
619 2320 879 2362 Athenienses
905 2323 1016 2362 aliam
1043 2323 1318 2363 intellexerant
1342 2336 1365 2362 a
1390 2321 1512 2362 Paulo

277 2480 313 2518 1)
342 2481 679 2522 Rhen.etRig.sec.
704 2487 894 2516 nostram
923 2495 1023 2517 vero
1049 2484 1410 2517 aestimationem.
1447 2483 1514 2515 Ed.

183 2524 283 2555 Fran.
309 2535 389 2557 sec.
410 2537 443 2557 n.
468 2529 558 2559 veri
583 2530 969 2563 existimationem.
999 2531 1092 2563 cel.
1115 2533 1150 2562 et
1175 2532 1250 2563 cod.
1269 2530 1405 2561 VVouw.
1430 2538 1511 2562 sec.

184 2579 216 2600 n.
242 2572 480 2603 veritatem.
575 2573 610 2617 2)
637 2577 712 2609 Act.
734 2578 854 2617 Apost.
882 2580 937 2619 23,
965 2580 997 2610 6.
1092 2577 1129 2618 3)
1155 2577 1360 2616 Act.Apost.
1381 2576 1436 2617 26,
1456 2575 1511 2607 22.

183 2615 221 2653 4)
247 2616 330 2646 Gen.
346 2619 377 2657 9,
393 2619 413 2648 5
424 2627 472 2656 sq.
