1604 2800
147 148 222 186 24
523 146 646 178 ADV.
685 145 1121 178 HERMOGENEM.

265 243 338 284 42.
391 238 616 292 Dispersisti
655 239 801 285 omnia,
846 251 893 278 ne
926 238 974 278 dc
1006 240 1202 292 proximo,
1242 252 1350 292 quam
1391 254 1484 279 con-

152 301 271 340 traria
302 298 375 338 sibi
405 300 500 343 sint,
544 297 780 336 relucerent.
840 296 894 335 At
931 310 1006 348 ego
1045 298 1223 349 colligam
1263 298 1414 349 singula
1445 307 1486 338 et

152 359 365 397 conferam.
427 355 668 395 Inconditum
695 353 904 393 adseveras
929 363 1070 394 motum
1104 356 1291 395 materiae
1323 368 1485 409 eamque

150 416 288 455 adiicis
314 416 457 454 sectari
483 414 779 460 informitatem;
812 411 952 452 dehinc
978 413 1088 460 alibi,
1128 412 1353 454 desiderare
1380 427 1486 454 com-

148 474 242 527 poni
268 487 291 512 a
317 472 404 512 deo.
467 470 675 510 Desiderat
707 471 995 519 formationem,
1035 484 1132 523 quae
1165 478 1339 512 sectatur
1364 471 1487 511 infor-

149 532 347 571 mitatem?
405 529 486 568 Aut
509 535 683 568 sectatur
711 529 1007 576 informitatem,
1047 542 1145 582 quae
1177 528 1377 569 desiderat
1405 530 1488 570 for·

148 590 384 628 mationem?
454 586 545 626 Non
588 587 645 626 vis
686 586 811 626 videri
850 585 961 626 deum
999 588 1157 640 aequari
1195 588 1403 635 materiae,
1448 594 1488 626 et

152 648 321 693 subiicis,
349 646 495 684 habere
521 645 622 684 illam
650 658 734 683 cum
761 644 835 684 deo
863 646 1182 684 communionem.
1245 645 1486 698 Impossibile

153 706 272 751 enim,
310 704 453 755 inquis,
494 716 570 741 non
607 702 813 742 habentem
845 703 948 741 illam
981 716 1181 742 commune
1221 702 1364 755 aliquid
1402 716 1487 742 cum

151 761 247 807 deo,
288 761 417 799 ornari
450 772 534 798 eam
562 759 608 797 ab
635 761 733 811 ipso.
793 758 936 811 Atquin
963 761 995 798 si
1022 773 1222 800 commune
1249 759 1393 814 aliquid
1420 760 1490 800 ba·

151 818 270 857 bebat
302 831 387 857 cum
425 815 517 863 deo,
557 815 914 855 non-desiderabat
945 819 1127 856 exornari
1166 818 1214 856 ab
1253 819 1356 870 ipso,
1396 831 1487 870 pars

153 877 307 915 scilicet
338 874 400 913 dei
438 887 510 926 per
547 874 866 912 communionem.
926 873 1007 912 Aut
1038 882 1077 913 et
1110 874 1204 914 deus
1236 882 1392 928 poterat
1423 889 1490 914 or-

151 934 236 972 nari
263 947 285 971 a
312 932 493 978 materia,
521 930 698 970 habendo
725 945 810 970 cum
836 932 902 970 illa
927 932 1067 984 aliquid
1097 939 1137 971 et
1161 934 1244 985 ipse
1271 945 1487 972 commune.

151 991 278 1030 Etiam
315 991 354 1028 in
385 989 461 1028 hoc
494 989 716 1028 necessitati
748 989 905 1028 subiicis
937 988 1068 1035 deum,
1106 991 1139 1028 si
1171 991 1243 1028 fuit
1274 989 1419 1042 aliquid
1451 991 1489 1030 in

150 1049 328 1095 materia,
355 1054 518 1099 propter
543 1045 645 1098 quod
665 1060 750 1085 eam
776 1047 975 1085 formaret.
1039 1047 1248 1086 Commune
1276 1054 1405 1087 autem
1432 1049 1492 1087 in-

155 1114 215 1145 ter
233 1107 320 1144 illos
342 1105 451 1151 facis,
480 1103 581 1156 quod
603 1117 626 1142 a
645 1111 768 1142 semet
789 1105 881 1156 ipsis
906 1112 1146 1152 moveantur,
1174 1112 1214 1144 et
1233 1118 1388 1159 semper
1406 1119 1490 1145 mo-

149 1170 328 1203 veantur.
392 1160 491 1210 Quid
517 1162 639 1200 minus
665 1161 870 1209 materiae,
898 1175 1008 1214 quam
1035 1161 1109 1202 deo
1135 1162 1353 1203 adscribis?
1411 1163 1490 1202 To-

155 1230 229 1260 tum
264 1221 500 1260 consortium
532 1218 743 1258 divinitatis
775 1219 850 1259 hoc
882 1221 976 1269 erit,
1015 1221 1175 1260 libertas
1206 1228 1247 1260 et
1275 1222 1490 1261 aeternitas

150 1286 290 1318 motus.
354 1276 433 1316 Sed
460 1276 555 1317 deus
581 1278 816 1329 composite,
856 1279 1019 1317 materia
1044 1278 1243 1318 incondite
1269 1286 1488 1319 moventur.

150 1336 295 1375 Tamen
329 1334 494 1373 divinum
524 1334 708 1386 proinde,
746 1342 851 1374 motu
883 1335 1045 1387 proinde
1078 1337 1202 1376 libero
1239 1344 1281 1377 et
1309 1344 1489 1378 aeterno.

150 1392 298 1444 Atquin
322 1393 406 1444 plus
431 1393 616 1431 materiae
648 1391 735 1439 das,
774 1392 837 1431 cui
870 1393 979 1432 licuit
1009 1395 1064 1433 sic
1091 1396 1256 1443 moveri,
1294 1394 1488 1449 quomodo

154 1449 229 1488 deo
258 1462 333 1487 non
359 1449 478 1487 licuit.

268 1510 338 1548 43.
388 1505 445 1544 De
472 1512 576 1544 motu
602 1513 642 1544 et
661 1505 754 1545 illud
779 1508 1005 1546 notaverim.
1067 1507 1166 1548 Nam
1191 1509 1402 1550 secundum
1429 1511 1490 1550 ol-

153 1566 216 1604 lae
256 1562 540 1603 similitudinem
578 1564 634 1602 sic
672 1571 775 1610 erat,
807 1565 952 1617 inquis,
984 1567 1169 1605 materiae
1196 1573 1340 1613 motus,
1378 1574 1489 1607 ante·

156 1635 265 1674 quam
293 1621 582 1673 disponeretur,
623 1628 848 1669 concretus,
881 1623 1094 1675 inquietus,
1126 1624 1488 1676 inapprehensibilis

153 1692 248 1732 prae
273 1680 470 1718 nimietate
498 1679 732 1717 certaminis.
787 1679 938 1719 Dehinc
962 1681 1138 1720 subiicis:
1165 1683 1273 1721 stetit
1296 1689 1424 1721 autem
1449 1684 1487 1721 iu

153 1736 218 1776 dei
245 1737 583 1789 compositionem,
610 1743 651 1775 et
675 1737 1065 1789 inapprehensibilem
1093 1738 1228 1778 habuit
1251 1738 1497 1780 inconditum

153 1802 295 1833 motum
339 1807 433 1847 prae
472 1792 654 1832 tarditate
691 1793 879 1834 inconditi
917 1803 1053 1834 motus.
1128 1795 1254 1849 Supra
1291 1804 1489 1837 certamen

153 1859 279 1891 motus
299 1853 335 1899 ¹)
363 1851 572 1898 adscribis,
610 1851 673 1890 hic
705 1851 943 1892 tarditatem.
1006 1853 1105 1892 Nam
1132 1854 1181 1894 de
1206 1861 1343 1894 natura
1368 1862 1490 1895 mate—

156 1910 236 1948 riae
264 1911 414 1960 quoties
439 1908 576 1957 cadas,
602 1910 752 1961 accipe.
814 1909 939 1963 Supra
963 1911 1131 1951 iudicas:
1150 1914 1189 1959 2)
1217 1914 1249 1951 si
1273 1920 1400 1953 autem
1427 1925 1489 1952 es-

154 1973 217 2005 set
246 1967 408 2005 materia
439 1974 575 2005 natura
605 1967 723 2014 mata,
763 1981 839 2006 non
875 1970 1094 2021 accepisset
1124 1970 1417 2010 translationem
1450 1971 1488 2010 in

155 2024 310 2070 melius,
349 2037 421 2063 nec
448 2022 543 2062 deus
568 2023 711 2076 aliquid
739 2027 1028 2077 compositionis
1053 2026 1385 2067 accommodasset
1410 2028 1486 2075 illi,

154 2082 194 2120 in
219 2094 379 2120 vacuum
405 2082 504 2119 enim
532 2081 758 2121 laborasset.
821 2083 953 2122 Finisti
985 2085 1103 2137 igitur
1133 2084 1227 2124 duas
1257 2086 1484 2132 sententia,

156 2151 229 2177 nec
261 2139 458 2177 materiam
490 2145 625 2177 natura
656 2140 809 2186 malam,
849 2155 920 2181 nec
953 2150 1123 2181 naturam
1156 2143 1238 2182 eius
1263 2156 1286 2182 a
1312 2142 1386 2182 deo
1417 2156 1488 2196 po-

157 2197 275 2235 tuisse
302 2196 489 2235 converti.
553 2195 695 2234 Horum
728 2198 926 2238 immemor
955 2207 1093 2252 postea
1123 2200 1263 2240 infers:
1287 2198 1326 2252 ²)
1352 2206 1393 2240 at
1421 2199 1487 2239 ubi

156 2255 312 2306 accepit
337 2253 655 2306 compositionem
681 2268 704 2293 a
729 2253 803 2294 deo
830 2263 869 2295 et
900 2265 1037 2297 ornata
1062 2265 1139 2305 est,
1179 2259 1346 2298 cessavit
1368 2271 1392 2298 a
1418 2267 1487 2298 na-

156 2318 255 2351 tura.
317 2309 360 2350 Si
390 2312 428 2350 in
458 2310 599 2350 honum
629 2312 840 2352 reformata
870 2322 947 2363 est,
984 2316 1115 2369 utique
1147 2315 1195 2355 de
1226 2315 1327 2355 malo
1359 2314 1487 2356 rel'or-

251 2461 287 2499 1)
314 2460 534 2494 Rhen...corr.
552 2465 588 2494 et
607 2464 713 2495 ceteri
733 2464 827 2497 editt.
848 2467 992 2498 motui.
1121 2467 1158 2506 2)
1182 2466 1246 2498 Ed.
1267 2450 1292 2496 t.
1317 2465 1486 2505 aecipi-

156 2512 284 2543 supra
304 2506 469 2539 iudice·
489 2511 558 2540 etc.
604 2510 711 2541 Rhen.
732 2516 766 2542 et
781 2512 888 2542 ceteri
903 2513 998 2544 editt.
1014 2511 1177 2552 accipe.
1223 2514 1359 2551 Supra
1375 2511 1485 2543 dieis

157 2551 222 2580 etc.
318 2553 354 2589 3)
381 2550 695 2588 Ed.1.inferens.
