1566 2808
341 193 466 225 Anv.
494 168 854 224 ΜΛιιοιὸΝΕΜ
893 193 1067 223 maun
1097 194 1153 224 ur.
1305 189 1410 228 lau

87 284 188 330 tibin
211 292 254 325 et
275 284 545 338 sacerdotibus
571 283 813 324 Iudaeorum.
871 284 935 323 An
959 298 1036 323 nou
1060 285 1123 323 vel
1148 284 1324 331 maxime,
1350 285 1409 323 iu-

86 344 182 395 quit,
208 349 252 383 ut
271 343 432 383 alterius
457 341 520 381 dei
545 341 863 394 praedicatores?
909 341 1054 394 Atquin
1079 343 1198 393 ipsius
1222 340 1408 388 eiusdem,

87 401 198 440 cuius
219 400 450 453 scripturam
475 413 561 438 cum
588 401 752 438 maxime
779 399 1000 451 implebant.
1035 399 1254 445 'nivei-tite,
1282 398 1409 438 diver-

86 458 177 504 tite,
213 457 399 499 inclamat
432 456 587 503 Esaias,
637 455 817 496 excedite
855 457 979 502 illinc,
1017 463 1059 495 et
1094 455 1323 496 immundum
1362 469 1409 494 ne

85 515 314 566 attigeritis3
357 513 647 567 (blasphemiam
684 514 837 553 seilicet
872 516 910 552 in
954 514 1186 564 Christum3)
1229 512 1409 552 excedite

86 570 136 611 de
162 571 290 612 medio
315 572 411 618 eius,
440 571 587 625 (utique
613 568 878 624 synagogae,)
905 573 1149 623 separamini,
1178 572 1241 622 qui
1266 570 1410 609 domiui

85 641 179 678 vasa
201 630 366 681 portatis
380 630 432 677 ¹).
493 629 572 668 Iam
603 630 705 668 enim
735 628 944 668 secuudum
975 642 1091 680 supra
1121 629 1268 679 scripta
1298 641 1410 667 reve·

83 685 237 733 laverat
270 685 450 730 dominus
481 686 642 725 brachio
682 700 751 725 suo
787 693 978 731 sanctum,
1016 685 1055 724 id
1081 692 1140 724 est
1161 686 1304 723 virtute
1334 698 1410 722 sua

87 742 281 798 §histum
305 756 437 783 coram
467 743 705 789 nationibus,
738 750 781 781 ut
809 742 980 781 viderint
1002 743 1205 780 universae
1230 743 1409 780 nationes

85 806 127 839 et
150 793 296 840 summ
318 807 449 838 terrae
474 800 648 846 salutem,
676 813 772 851 quae
799 806 931 841 erata
955 798 1044 838 deo.
1093 798 1161 838 Sic
1186 806 1227 838 et
1250 799 1298 837 ab
1324 801 1408 851 ipso

86 854 281 896 Iudaismo
298 855 549 903 divertentes,
577 870 660 896 cum
683 858 786 909 legis
799 857 1058 908 obligamenta
1084 863 1125 895 et
1149 869 1269 895 onera
1294 869 1410 895 evan-

85 914 215 966 geliea
238 914 313 954 iam
337 914 516 953 libertate
542 921 745 962 mutarent,
770 915 953 966 psalmum
979 914 1306 966 exsequebantur:
1333 913 1410 952 dis-

85 980 302 1024 rumpamus
348 972 501 1010 viueula
544 985 677 1010 eorum
714 972 765 1011 et'
790 972 1015 1010 abiiciamus
1057 985 1080 1010 a
1127 972 1238 1010 nobis
1280 973 1409 1023 iugum

85 1041 239 1084 aqum,
272 1035 408 1081 postea
438 1037 548 1068 certe
580 1042 690 1081 quam
718 1030 972 1068 tumultuatae
1003 1036 1251 1080 suntgentes
1277 1036 1317 1068 et
1342 1043 1411 1081 po-

85 1085 167 1139 puli
190 1085 366 1126 meditati
390 1093 478 1125 sunt
501 1087 648 1133 inania,
674 1087 878 1125 astiterunt
904 1099 1019 1138 reges
1045 1094 1174 1125 terrae
1200 1094 1240 1124 et
1265 1087 1410 1138 princi-

87 1155 158 1195 pes
182 1144 413 1195 cougregati
443 1151 530 1182 suut
558 1145 597 1182 in
628 1157 740 1182 unum
772 1143 956 1182 adversus
981 1143 1174 1181 dominum
1206 1150 1246 1181 et
1270 1142 1410 1181 adver-

87 1212 153 1243 sus
189 1199 381 1239 Christum
417 1201 566 1248 eius2).
634 1200 740 1247 Quae
778 1200 918 1238 dehinc
955 1202 1057 1251 passi
1094 1207 1182 1238 sunt
1217 1200 1412 1251 apostoli?

89 1256 267 1305 Omnem,
303 1258 449 1310 inquis,
487 1258 726 1309 iniquitatem
762 1259 1072 1308 persecutionum
1110 1257 1157 1295 ab
1195 1251 1410 1295 hominihus

87 1314 242 1354 scilieet
271 1315 482 1361 creatoris,
520 1322 562 1353 ut
590 1314 803 1354 adversarii
834 1316 935 1361 eius,
975 1328 1087 1366 quem
1117 1314 1408 1366 praedicabant,

88 1378 251 1424 atquae
264 1372 303 1420 3)
330 1378 506 1418 creator,
539 1373 573 1410 si
604 1371 849 1410 adversarius
873 1378 960 1410 erat
990 1371 1153 1418 Christi,
1186 1384 1263 1409 nou
1295 1371 1408 1409 modo

86 1427 292 1481 praedicat
321 1429 411 1480 [hoc
436 1441 619 1480 passuros
643 1430 843 1480 apostolos
868 1430 988 1478 eius],
1032 1441 1163 1467 verum
1195 1435 1236 1466 et
1266 1441 1408 1479 expro-

85 1485 188 1525 brat.
235 1484 336 1527 Nam
361 1498 486 1537 neque
511 1485 759 1537 praedicaret
789 1486 949 1524 alterius
980 1484 1045 1524 dei
1071 1485 1265 1531 ordinem,
1299 1498 1409 1537 quem

87 1543 305 1593 ignorabat,
318 1550 373 1582 .ut
382 1543 507 1590 vultis,
530 1556 653 1595 neque
674 1543 959 1596 exprobrasset,
986 1542 1088 1595 quod
1113 1544 1195 1595 ipse
1210 1550 1407 1582 curasset.

86 1598 252 1647 Videte,
277 1599 469 1652 quomodo
494 1602 597 1653 perit
620 1602 752 1648 iustus,
779 1614 852 1639 uec
879 1603 1075 1653 quisquam
1101 1602 1247 1653 excipit
1272 1599 1407 1646 eorde,

87 1663 131 1696 et
152 1659 230 1701 >viri
251 1658 349 1697 'iusti
373 1653 616 1705 auferuntur,
655 1672 727 1698 uec
759 1660 953 1710 quisquam
983 1657 1318 1706 animadvertit4).
1371 1658 1409 1696 A

87 1726 256 1766 persona
278 1716 381 1754 euim
405 1716 612 1754 iniustitiae
638 1715 808 1754 sublatus
832 1724 892 1755 est
916 1717 1048 1762 iustus,
1076 1717 1171 1767 quis,
1199 1717 1270 1753 nisi
1296 1715 1408 1753 Chri-

88 1773 194 1810 stus?
227 1771 389 1818 Venite,
414 1773 606 1823 inquiunt,
637 1771 855 1811 auferamus
880 1774 1036 1819 iustum,
1070 1774 1158 1824 quia
1183 1773 1326 1810 inutilis
1350 1779 1410 1810 est

88 1828 201 1868 nohis
212 1830 264 1878 ⁵).
313 1827 568 1867 Praemittens
589 1829 717 1880 itaque
742 1836 783 1868 et
800 1829 1033 1880 subiungens
1057 1829 1232 1881 proinde,
1258 1842 1408 1881 passum

87 1887 205 1927 etiam
236 1885 446 1932 Christum,
490 1898 613 1937 aeque
650 1887 772 1925 iustos
807 1888 890 1925 eius
922 1886 1057 1925 eadem
1087 1899 1288 1939 passuros,
1324 1894 1407 1925 -tam

87 1943 288 1996 apostolos
318 1956 429 1995 quam
454 1951 494 1982 et
529 1942 714 1995 deinceps
743 1947 875 1982 omnes
912 1943 1046 1983 fideles
1083 1945 1328 1997 prophetavit
1356 1945 1408 1982 si-

87 2007 239 2052 gnatos,
265 2001 332 2039 illa
355 2008 446 2039 uota
471 2001 623 2039 scilicet
645 2000 694 2040 de
720 2014 792 2053 qua
809 2001 1014 2041 Ezechiel:
1040 2001 1136 2040 dicit
1160 2001 1335 2041 dominus
1359 2001 1406 2040 ad

87 2070 168 2104 me:
205 2059 399 2110 pertransi
435 2059 473 2096 in
492 2057 626 2096 medio
656 2066 812 2111 portae,
850 2060 890 2097 in
918 2058 1046 2099 media
1070 2060 1328 2106 Hierusalem,
1367 2068 1408 2099 et

87 2112 138 2154 da
171 2116 322 2169 siguum
356 2115 464 2154 Thau
501 2117 538 2154 in
574 2115 763 2155 frontibus
796 2117 964 2156 virorum
977 2118 1031 2166 ⁶).
1093 2117 1180 2169 Ipsa
1216 2125 1283 2156 est>
1306 2119 1405 2156 euim

87 2172 220 2211 littera
251 2171 488 2212 Graecorum
524 2173 650 2220 Thau,
686 2181 819 2213 nostra
847 2181 975 2214 autem
1004 2175 1049 2214 T.
1082 2177 1234 2227 species
1266 2177 1405 2220 crucis

87 2242 199 2281 quam
224 2229 485 2282 portendebat
508 2231 672 2270 futuram
697 2232 737 2270 in
761 2232 951 2271 frontibus
976 2233 1118 2271 uostris
1150 2232 1251 2285 apud
1274 2243 1406 2271 veram

87 2293 131 2325 et
167 2286 399 2326 catholicam
438 2288 695 2336 Hierusalem,
738 2290 777 2328 iu
814 2303 888 2342 qua
923 2291 1066 2329 fratres
1106 2290 1267 2336 Christi,
1306 2290 1406 2328 filios

177 2400 218 2442 1)
233 2404 295 2435 [ea.
311 2405 366 2442 52,
382 2405 436 2434 11.
491 2402 528 2445 2)
541 2404 597 2436 Pu.
609 2406 643 2444 2,
657 2406 758 2444 2sqq.
806 2406 843 2446 3)
856 2406 914 2437 Sic
928 2406 1034 2437 Rhcn.
1049 2406 1100 2437 ed.
1116 2408 1157 2444 1.;
1184 2407 1235 2439 ed.
1248 2406 1351 2438 Fran.
1365 2409 1407 2438 et

86 2448 175 2487 qui3
199 2449 313 2479 Latin.
329 2453 364 2480 et
379 2450 450 2489 Rig.
467 2460 485 2480 e
496 2460 511 2479 c
522 2460 541 2488 q
552 2460 571 2480 u
583 2451 633 2480 id.
659 2451 772 2482 verba
785 2452 885 2482 uncis
900 2453 1035 2483 inclusa
1050 2453 1214 2483 videntur
1235 2454 1276 2483 ab
1290 2453 1406 2484 aliena

84 2503 190 2525 mauu
203 2495 302 2526 illata
315 2505 400 2526 esse.
483 2495 521 2538 4)
542 2498 605 2526 les.
620 2499 674 2533 57,
690 2499 721 2529 1.
805 2498 841 2536 5)
864 2499 943 2537 Sap.
958 2499 1028 2530 Sal.
1043 2500 1074 2537 2,
1090 2500 1143 2530 12.
1222 2501 1259 2538 6)
1280 2499 1406 2530 Ezeeb.

87 2541 121 2579 ⁹,
144 2541 178 2570 4.
205 2542 373 2579 Miiutero
401 2541 513 2573 iudice
538 2543 776 2574 Tertullianus
801 2542 887 2574 haec
913 2544 1034 2574 retulit
1058 2554 1078 2575 e
1100 2545 1350 2577 'l'heodotiouis
1371 2548 1407 2576 ct

86 2584 197 2617 altera
215 2587 374 2628 Aquilae,
400 2597 502 2626 quam
524 2588 690 2628 Origenes
709 2589 845 2630 laudat,
866 2590 1163 2629 interpretatione.
