1604 2800
577 180 705 216 ADV.
741 184 1015 218 1UDAEOS.
1364 187 1462 226 322

131 282 290 316 exustae
304 275 503 316 sunt?‚ubi
524 274 712 328 dispersio
734 278 872 328 gentis,
900 290 996 329 quae
1017 279 1092 316 iam
1114 280 1304 319 extorris?
1327 279 1462 323 Redde

130 340 267 373 statum
293 332 474 381 Iudaeae,
508 347 618 386 quem
644 333 817 373 Christus
843 335 1033 383 inveniat,
1067 342 1105 374 et
1130 336 1242 376 alium
1270 339 1461 380 contende

127 403 275 430 venire.

246 453 314 490 14.
355 448 504 488 Discite
525 462 624 488 nunc
645 461 694 488 ex
713 448 944 489 abundantia
965 452 1111 490 erroris
1131 453 1249 490 vestri
1270 452 1460 493 ducatum.

126 505 233 545 Duos
264 505 425 546 dicimus
451 506 594 545 Christi
619 506 770 546 habitus
796 521 817 546 a
837 509 1037 560 prophetis
1063 508 1346 550 demonstratos
1371 514 1462 551 toti-

126 562 212 603 dem
249 563 435 603 adventus
466 566 548 603 eius
579 572 844 617 praenotasse.
914 565 1034 605 Unum
1059 568 1098 605 in
1124 567 1354 616 humilitate,
1386 571 1461 608 uti-

126 634 200 674 que
225 623 405 674 primum,
439 636 523 661 cum
555 630 732 675 tanquam
765 618 848 662 ovis
874 622 922 661 ad
947 626 1140 664 victimam
1168 624 1255 664 duci
1281 626 1461 674 habebat,

125 685 166 719 et
184 686 363 732 tanquam
384 693 505 731 agnus
525 688 614 719 ante
637 680 858 720 tondentem
879 682 961 720 sine
986 695 1097 730 voce,
1127 683 1182 721 sic
1207 696 1284 721 non
1310 686 1463 736 aperuit

124 749 181 783 os,
208 750 257 775 ne
282 745 442 789 aspectu
469 737 620 789 quidem
646 738 842 777 honestus.
902 737 1223 779 Adnuntiavimus
1249 742 1368 788 enim,
1402 743 1460 780 in-

123 795 217 846 quit,
243 793 292 834 de
318 796 384 833 illo
410 795 510 833 sicut
535 796 733 846 puerulus,
767 797 866 833 sicut
897 795 1008 835 radix
1033 798 1070 834 in
1096 805 1202 836 terra
1228 799 1390 844 sitienti,
1423 806 1463 837 et

121 863 199 890 non
225 858 311 890 erat
336 853 374 891 ei
399 852 552 903 species
578 865 702 903 neque
729 852 867 902 gloria.
929 852 980 889 Et
1002 853 1165 892 vidimus
1191 866 1288 900 eum,
1322 861 1361 893 et
1386 869 1462 893 non

119 907 291 948 habebat
303 909 473 961 speeiem
488 922 611 961 neque
634 907 830 956 decorem,
854 907 922 947 sed
943 911 1095 961 species
1115 912 1197 949 eius
1217 911 1459 959 inhonorata,

120 964 310 1005 deficiens
347 967 446 1005 citra
484 966 584 1004 filios
621 966 834 1012 hominum,
872 966 986 1004 homo
1020 967 1057 1004 in
1088 969 1222 1019 plaga,
1262 975 1302 1006 et
1332 971 1460 1008 sciens

120 1022 226 1062 ferre
258 1021 590 1073 infirmitatem,¹)
622 1023 776 1061 scilicet
806 1030 848 1060 ut
873 1024 1020 1074 positus
1046 1037 1068 1062 a
1093 1032 1202 1076 patre
1229 1026 1267 1062 in
1294 1025 1459 1077 lapidem

121 1079 361 1128 offensnoms,
376 1081 413 1130 ²)
441 1087 480 1119 et
505 1081 716 1119 minoratus
742 1080 789 1118 ab
817 1093 864 1119 eo
890 1079 1080 1119 modicum
1108 1083 1206 1120 citra
1231 1082 1403 1134 angelos,
1418 1084 1458 1135 3)

118 1149 288 1177 vermem
308 1151 350 1177 se
371 1139 606 1190 pronuntiat,
634 1145 674 1176 et
695 1151 772 1176 non
791 1137 995 1185 hominem,
1023 1140 1268 1191 ignominiam
1295 1140 1458 1179 hominis

120 1202 161 1235 et
186 1196 446 1235 abiectionem
473 1196 619 1248 populi.
636 1197 674 1244 ⁴²)

350 1313 456 1338 ITEM
482 1313 538 1337 DE
564 1313 771 1337 SECUNDO
796 1312 1004 1337 ADVENTU
1029 1313 1225 1339 CHRISTI.

236 1367 342 1416 Quae
363 1367 618 1420 ignobilitatis
638 1374 864 1419 argumenta
883 1369 1005 1419 primo
1026 1367 1205 1408 adventui
1222 1377 1455 1422 competunt,

118 1428 220 1466 sicut
231 1426 474 1466 sublimitatis
496 1424 681 1472 secundo,
709 1438 793 1463 cum
814 1425 893 1472 fiet,
920 1426 994 1464 iam
1014 1439 1091 1464 non
1106 1427 1202 1478 lapis
1218 1427 1455 1474 offensionis,
1504 1476 1507 1478 ,

116 1497 192 1523 nec
218 1491 330 1535 petra
353 1482 548 1529 scandali,
581 1481 651 1521 sed
676 1483 773 1534 lapis
798 1496 962 1521 summus
988 1484 1184 1534 angularis
1209 1491 1296 1535 post
1321 1497 1458 1537 repro-

116 1541 316 1580 bationem
340 1540 580 1592 adsumptus,
614 1547 654 1579 et
684 1540 907 1579 sublimatus
933 1541 970 1579 in
998 1542 1385 1589 consummationem,
1417 1549 1457 1581 et

116 1605 230 1651 petra
259 1611 352 1637 sane
383 1599 448 1637 illa
482 1596 583 1649 apud
609 1597 808 1636 Danielem
823 1600 860 1644 5)
894 1597 941 1635 de
968 1605 1097 1635 monte
1127 1599 1323 1650 praecisa,
1357 1611 1454 1651 quae

116 1655 322 1707 imaginem
347 1655 578 1694 secularium
604 1667 811 1704 regnorum
838 1654 1070 1691 comminuet
1095 1661 1134 1691 et
1160 1661 1351 1693 conteret.
1394 1654 1452 1693 De

117 1725 193 1765 quo
231 1711 403 1751 secundo
441 1710 607 1750 adventu
645 1709 816 1748 eiusdem
842 1709 979 1748 Daniel
1016 1709 1130 1750 dixit:
1170 1718 1210 1749 et
1240 1724 1335 1750 ecce
1369 1724 1452 1750 cum

115 1769 279 1809 nubibus
317 1768 418 1807 coeli
458 1775 635 1819 tanquam
667 1767 766 1805 filius
791 1766 954 1805 hominis
980 1769 1158 1816 veniens,
1197 1770 1302 1807 venit
1333 1782 1451 1822 usque

116 1826 166 1867 ad
190 1833 363 1866 veterem
390 1824 551 1871 dierum,
579 1831 619 1863 et
643 1823 780 1863 aderat
804 1825 842 1862 in
868 1832 1080 1877 conspectu
1106 1826 1201 1872 eius,
1229 1833 1269 1865 et
1294 1827 1357 1878 qui
1383 1825 1451 1864 ad-

115 1882 323 1932 sistebant,
361 1882 605 1922 adduxerunt
636 1882 760 1929 illum,
800 1889 840 1920 et
871 1881 960 1920 data
985 1889 1044 1921 est
1069 1884 1105 1921 ei
1130 1889 1302 1935 potestas
1327 1884 1450 1935 regia,

116 1950 158 1982 et
182 1954 314 1981 omnes
346 1941 524 1979 nationes
555 1947 684 1978 terrae
717 1937 926 1978 secundum
960 1953 1081 1991 genus
1107 1947 1147 1979 et
1173 1941 1294 1979 omnis
1325 1941 1451 1992 gloria

115 2000 286 2040 servient
310 1999 379 2046 illi,
413 2005 453 2036 et
476 2003 650 2050 potestas
675 1997 776 2036 illius
801 2004 980 2044 aeterna,
1014 2011 1110 2050 quae
1136 2011 1212 2036 non
1239 1998 1448 2045 auferetur,

115 2064 340 2108 et,regnum
373 2056 475 2100 eius,
508 2053 610 2107 quod
641 2067 718 2093 non
750 2062 1033 2107 corrumpetur.
1049 2055 1089 2106 ⁶)
1153 2055 1261 2094 Tunc
1299 2056 1451 2094 scilicet

115 2115 286 2168 spe-ciem
311 2112 639 2152 honorabilem'et
658 2111 840 2151 decorem
866 2113 1064 2151 habiturus
1084 2119 1145 2151 est
1163 2111 1448 2151 indeficientem

116 2184 232 2225 supra
256 2171 356 2210 filios
381 2171 592 2217 hominum,
631 2171 879 2221 tempestivus
916 2170 1017 2208 enim
1049 2169 1193 2208 decore
1226 2170 1324 2208 citra
1349 2169 1449 2207 filios

115 2229 322 2269 hominum.
359 2226 492 2267 Effusa
517 2235 577 2266 est
601 2227 740 2278 gratia,
766 2227 899 2279 inquit,
926 2229 965 2265 in
990 2227 1101 2266 labiis
1126 2227 1213 2274 tuis,
1239 2233 1449 2279 propterea

114 2285 316 2326 benedixit
346 2292 384 2325 te
417 2285 512 2324 deus
543 2286 581 2323 in
612 2285 763 2332 secula;
803 2285 1011 2336 accingere
1050 2297 1179 2323 ensem
1212 2291 1314 2322 tuum
1342 2285 1447 2322 circa

116 2346 240 2384 femur
259 2351 375 2391 tuum,
402 2349 540 2395 potens
567 2342 863 2394 tempestivitate
890 2349 929 2380 et
948 2340 1231 2393 pulchritudine
1259 2348 1334 2387 tua,
1363 2354 1445 2379 cum

118 2410 157 2441 et
182 2409 292 2454 pater
328 2407 483 2452 postea,
522 2413 606 2438 cum
645 2398 819 2437 diminuit
854 2399 957 2437 illum
995 2398 1185 2437 modicum
1222 2397 1311 2450 quid
1350 2399 1445 2436 citra

211 2541 246 2580 1)
260 2541 323 2570 les.
339 2539 392 2580 53,
408 2539 427 2568 2
441 2547 490 2576 sq.
585 2536 622 2576 2)
636 2537 699 2567 len.
715 2538 746 2574 8,
763 2537 816 2569 14.
923 2536 959 2576 3)
984 2536 1038 2568 Ps.
1052 2537 1084 2575 8,
1101 2538 1133 2568 6.
1227 2535 1264 2576 4)
1277 2535 1332 2566 Pa.
1345 2535 1400 2576 22,
1415 2535 1446 2564 Ἰ.

118 2588 154 2628 5)
168 2588 255 2618 Dan.
272 2588 302 2628 2ἲ
317 2587 370 2616 35.
451 2585 487 2625 6)
501 2583 589 2615 Dan.
603 2584 635 2623 7,
652 2583 693 2613 13
703 2591 752 2621 sq.
