1604 2800
629 155 662 187 n
672 155 703 187 Ε
732 154 764 189 A
776 157 807 188 N
820 140 886 188 [Μ
896 157 933 188 A.
1346 158 1459 198 109

122 247 253 288 stabit.
292 246 404 296 Quod
427 260 514 287 eum
537 247 612 287 soli
631 247 705 288 deo
727 255 934 301 competat,
960 255 1002 287 ut
1019 249 1093 288 soli
1113 249 1245 289 innato
1258 252 1458 292 etinfecto

104 313 166 358 Aet
188 305 339 345 idcirco
369 306 577 345 immortali
601 312 642 345 et
665 306 971 353 inconvertibili,
1004 306 1218 347 absolutum
1243 315 1316 355 est,
1348 317 1459 350 cete-

123 377 255 403 rorum
292 364 458 402 omnim
493 370 669 403 natorum
706 371 821 416 atque
859 365 1050 403 factorum
1086 365 1381 405 convertibilem
1417 374 1460 407 et

122 420 395 461 demutabilem
418 434 505 460 esse
530 428 722 469 naturam,
756 429 814 468 ut,
847 422 921 461 etsi
953 423 1105 462 trinitas
1134 425 1285 462 animae
1310 422 1459 463 adscri-

120 477 252 518 benda
274 485 398 526 esset,
430 491 481 517 ex
505 480 715 519 mutatione
741 478 1004 528 accidentiae,
1036 494 1114 519 non
1143 493 1195 552 ex
1217 482 1458 521 institutione

121 543 283 576 naturae
309 535 572 589 deputaretur.

235 597 306 637 22.
369 594 511 633 Cetera
536 595 685 634 animae
717 595 942 634 naturalia
931 609 1005 634 iam
1029 608 1054 634 a
1077 595 1189 635 nobis
1213 595 1335 635 audiit
1358 596 1458 636 Her-

121 664 308 703 mogenes
339 665 423 690 cum
456 653 625 703 ipsorum
658 651 884 692 defensione
910 660 950 692 et
974 653 1224 705 probatione,
1256 667 1328 707 per
1358 668 1457 707 quae

117 707 185 748 dei
210 710 336 761 potius
362 722 476 761 quam
501 710 686 748 materiae
712 711 927 762 propinqua
959 712 1222 762 cognoscitur.
1289 711 1362 751 Hic
1393 725 1458 751 so-

118 765 314 805 lummodo
340 766 654 813 nominabuntur,
686 780 735 806 ne
760 769 973 819 praeterita
997 767 1213 806 videantur.
1274 768 1457 808 Dedimus

117 824 220 862 euim
246 823 303 862 illi
327 830 369 862 et
394 823 613 865 libertatem
643 824 814 870 arbitrii,
845 832 887 862 ut
911 838 1027 876 supra
1051 826 1290 877 scripsimus,
1322 833 1363 865 et
1388 825 1459 864 do-

118 880 369 920 minationem
394 893 523 919 rerum
547 887 589 919 et
613 879 888 920 divinationem
913 881 1125 929 interdum,
1157 884 1329 934 seposita
1359 897 1458 936 quae

116 950 192 990 per
214 936 279 977 dei
303 938 469 989 gratiam
500 937 658 977 obvenit
682 951 732 977 ex
757 939 975 991 prophetia.
1042 940 1176 992 Itaque
1207 942 1283 980 iam
1307 941 1356 980 ab
1381 942 1456 980 isto

117 994 384 1047 dispositionis
404 1002 619 1035 retractatu
642 995 839 1042 recedam,
866 1004 907 1035 ut
926 995 1101 1036 ordinem
1122 999 1205 1036 eius
1224 1011 1455 1050 expungam.

117 1051 330 1092 Definimus
353 1054 518 1091 animam
542 1051 606 1091 dei
626 1054 717 1091 flatu
738 1061 878 1100 natam,
904 1054 1170 1100 immortalem,
1198 1057 1455 1107 corporalem,

98 1109 340 1160 effigiatam,
371 1109 584 1149 substantia
607 1110 841 1161 simplicem,
873 1109 921 1149 de
946 1124 1016 1149 suo
1040 1112 1263 1162 patientem,
1280 1114 1316 1159 ¹)
1348 1114 1456 1151 varie

118 1165 418 1218 procedentem,
456 1167 617 1205 liberam
653 1167 818 1214 arbitrii,
856 1167 1085 1206 accidentiis
1123 1168 1347 1214 obnoxiam,
1386 1183 1456 1221 per

119 1224 277 1275 ingenia
300 1223 534 1270 mutabilem,
560 1225 802 1271 rationalem,
835 1223 1140 1272 dominatricem,
1174 1224 1455 1273 divinatricem,

119 1294 172 1320 ex
196 1293 271 1318 una
296 1279 587 1320 redundantem.
656 1281 840 1334 Sequitur
870 1295 989 1328 nunc,
1022 1290 1064 1320 ut
1088 1282 1280 1335 quomodo
1306 1297 1356 1322 ex
1382 1297 1457 1322 una

119 1337 326 1385 redundet,
354 1338 656 1386 consideremus,
688 1338 729 1378 id
754 1347 825 1386 est,
858 1339 959 1379 uude
985 1347 1026 1378 et
1051 1339 1203 1392 quando
1229 1348 1270 1379 et
1293 1354 1367 1393 qua
1390 1354 1456 1380 ra-

119 1396 227 1435 tione
252 1403 435 1435 sumatur.

233 1454 356 1501 23-2)
419 1452 578 1501 Quidam
604 1452 652 1492 de
679 1454 801 1492 coelis
833 1452 1036 1493 devenisse
1066 1467 1109 1493 se
1135 1453 1318 1501 credunt,
1348 1461 1456 1494 tanta

117 1511 384 1562 persuasione,
411 1517 553 1562 quanta
571 1511 662 1549 illuc
678 1510 891 1550 indubitate
904 1524 1155 1562 regressuros
1168 1513 1454 1564 repromittunt,

117 1574 161 1607 ut
186 1565 388 1606 Saturnius
411 1567 615 1607 Menandri
641 1567 855 1608 Simoniani
886 1568 1095 1622 discipulus
1126 1569 1294 1616 induxit,
1332 1570 1457 1609 homi-

115 1637 209 1664 nem*
242 1625 433 1664 affirmans
464 1626 512 1664 ab
544 1627 694 1676 angelis
729 1627 872 1665 factum
910 1627 1109 1677 primoque
1148 1640 1244 1677 opus
1274 1627 1383 1666 futile
1415 1634 1457 1665 et

116 1681 323 1721 invalidum
343 1689 385 1720 et
403 1683 582 1720 instabile
603 1685 640 1720 in
667 1690 771 1720 terra
795 1683 935 1721 vermis
960 1685 1083 1720 instar
1105 1684 1326 1734 palpitasse,
1353 1683 1455 1734 quod

119 1737 358 1778 consistendi
381 1739 485 1777 vires
510 1738 710 1785 deessent,
744 1738 884 1777 dehinc
909 1752 960 1777 ex
983 1739 1253 1777 misericordia
1283 1752 1454 1781 summae

117 1795 343 1846 potestatis,
381 1794 430 1833 ad
463 1796 569 1833 cuius
602 1795 765 1846 effigiem
798 1808 869 1834 nec
901 1802 1028 1835 tamen
1059 1797 1173 1848 plene
1209 1804 1454 1849 perspectam

120 1858 269 1891 temere
293 1858 463 1890 structus
487 1852 634 1898 fuisset,
660 1853 905 1891 scintillulam
928 1854 1031 1892 vitae
1059 1861 1321 1901 consecutum,
1354 1867 1452 1906 quae

118 1909 226 1948 illum
250 1910 498 1948 exsuscitarit
522 1915 562 1947 et
586 1911 759 1948 erexerit
783 1917 824 1948 et
848 1912 1085 1949 constantius
1109 1912 1288 1950 animarit
1306 1918 1455 1963 etpost

121 1964 322 2006 decessum
353 1968 455 2005 vitae
487 1965 537 2005 ad
567 1968 766 2006 matricem
796 1968 967 2006 relatura
997 1970 1059 2007 sit.
1127 1967 1207 2007 Sed
1238 1976 1279 2007 et
1304 1968 1453 2021 Carpo·

121 2031 250 2063 crates
276 2023 496 2063 tantundem
522 2024 595 2062 sibi
621 2024 670 2063 de
694 2025 957 2077 superioribus
980 2025 1170 2072 vindicat,
1201 2033 1243 2065 ut
1274 2025 1453 2079 discipuli

120 2082 204 2120 eius
228 2083 373 2120 animas
398 2095 485 2120 suas
511 2083 585 2120 iam
606 2089 646 2120 et
665 2081 832 2130 Christo,
858 2082 997 2122 nedum
1021 2084 1222 2136 apostolis,
1247 2091 1290 2123 et
1313 2097 1452 2136 perae—

122 2145 240 2190 quent
269 2145 310 2177 et
341 2152 423 2177 cum
462 2139 594 2177 volunt
629 2140 869 2191 praeferant,
909 2154 1002 2192 quas
1032 2140 1195 2193 proinde
1227 2140 1275 2180 de
1299 2142 1452 2180 sublimi

121 2195 262 2234 virtute
295 2198 548 2248 conceperint
576 2195 819 2249 despectrice
850 2197 979 2237 mundi
1009 2199 1221 2250 potentium
1257 2199 1452 2249 principa-

122 2259 238 2291 tuum.
297 2252 457 2304 Apelles
486 2253 715 2292 sollicitatas
745 2255 868 2293 refert
896 2257 1041 2294 animas
1073 2256 1239 2295 terrenis
1269 2255 1370 2293 escis
1401 2253 1450 2294 de

122 2310 473 2362 supercoelestibus
510 2311 664 2350 sedibus
701 2311 749 2350 ab
779 2313 895 2364 igneo
931 2313 1071 2364 angelo
1108 2312 1182 2351 deo
1221 2311 1375 2350 Israelis
1410 2319 1452 2351 et

217 2461 254 2500 1)
268 2460 343 2501 mg.
361 2461 608 2499 sapientem.
703 2461 739 2501 2)
750 2462 822 2492 Hoc
837 2470 913 2501 cap.
926 2462 961 2492 in
977 2462 1083 2493 Rhen.
1096 2463 1131 2491 et
1145 2461 1219 2493 Gel.
1232 2460 1308 2491 edd.
1322 2459 1449 2492 inseri.

124 2506 234 2537 bitur:
262 2507 375 2537 Unde
394 2508 549 2550 anima,
574 2507 782 2538 adversus
807 2507 1073 2547 haereticos,
1100 2507 1270 2546 quieam
1287 2507 1334 2537 de
1349 2516 1448 2538 coe-

123 2551 179 2583 lis
202 2553 415 2586 deferunt.
