1604 2800
343 194 418 226 ΒΕ
453 193 968 226 RESURRECTIONE
1001 193 1228 225 CARNis.
1354 191 1445 229 13³

116 290 192 329 erit
215 289 327 327 fletus
352 294 394 326 et
418 285 588 326 dentium
614 286 793 333 frendor,
833 287 906 325 nisi
938 299 988 325 ex
1020 287 1142 325 oculis
1175 293 1215 325 et
1246 299 1295 325 ex
1320 285 1447 326 denti-

115 347 212 386 bus?
247 346 381 385 occiso
406 345 559 384 scilicet
583 346 698 384 etiam
726 358 891 397 corpore
918 346 956 383 in
982 344 1197 396 gehennam
1223 351 1264 383 et
1288 343 1447 383 detruso

116 406 156 444 in
186 403 369 443 tenebras
400 404 638 450 exteriores,
678 416 773 456 quae
813 403 1011 441 oculorum
1049 404 1206 455 propria
1243 409 1330 441 sunt
1366 409 1449 440 tor-

117 468 259 501 menta.
322 458 365 499 Si
390 461 472 512 quis
497 461 536 498 in
562 462 701 513 nuptiis
728 461 849 499 minus
874 459 1000 512 dignis
1033 460 1213 512 operibus
1244 460 1361 498 fuerit
1391 461 1450 498 in-

118 519 248 566 dutus,
293 517 615 570 constringendus
652 520 779 557 statim
811 518 983 557 manibus
1020 525 1060 557 et
1096 517 1275 570 pedibus,
1315 525 1448 570 utpote

118 578 181 631 qni
208 588 293 616 cum
319 589 486 629 corpore
512 578 741 615 surrexerit.
796 574 861 615 Sic
888 589 983 627 ergo
1010 583 1050 615 et
1074 575 1301 614 recumbere
1327 575 1449 627 ipsum

117 636 156 674 in
182 634 246 673 dei
271 647 407 686 regno,
435 640 475 672 et
499 633 637 673 sedere
664 635 703 672 in
729 634 877 672 thronis
898 633 1055 680 Christi,
1083 641 1123 672 et
1148 632 1337 672 adsistere
1358 639 1448 671 tunc

118 691 167 732 ad
194 691 394 731 dexteram
418 691 480 730 vel
506 693 717 739 sinistram,
745 699 785 730 et
810 691 928 730 edere
955 690 1011 730 de·
1030 691 1135 742 ligno
1161 692 1276 738 vitae,
1310 703 1451 742 corpo-

118 750 210 789 ralis
235 748 500 801 dispositionis
528 748 748 787 fidelissima
780 748 922 788 iudicia
949 755 1047 786 sunt.
1064 749 1102 796 ί)

233 809 301 849 36.
350 804 561 844 Videamus
588 815 705 853 nunc,
744 819 792 843 an
824 812 864 843 et
896 804 1211 843 Sadducaeorum
1241 805 1450 843 versutiam

117 862 267 904 elidens
303 869 474 901 nostram
505 864 626 914 magis
657 863 886 902 sententiam
918 863 1103 902 erexerit.
1164 861 1328 908 Caussa,
1367 863 1451 914 opi-

116 935 201 970 nor,
228 920 465 974 quaestionis
491 921 563 958 fuit
583 919 796 959 destructio
818 920 1129 965 resurrectionis,
1151 919 1336 972 siquidem
1352 917 1451 958 Sad-

117 978 257 1019 ducaei
289 990 414 1030 neque
446 979 596 1016 animae
628 991 752 1030 neque
785 979 912 1016 carnis
949 976 1153 1015 admittunt
1188 977 1371 1026 salutem,
1412 983 1452 1015 et

116 1035 227 1084 ideo,
260 1049 311 1076 ex
343 1047 415 1088 qua
446 1035 507 1074 vel
539 1036 702 1073 maxime
734 1036 865 1087 specie
897 1035 1196 1073 resurrectionis
1223 1033 1318 1073 fides
1344 1034 1452 1072 labe-

117 1092 305 1140 factatur,
337 1105 388 1131 ex
418 1105 466 1131 ea
491 1099 755 1143 argumentum
782 1091 1011 1143 problemati
1036 1104 1105 1129 suo
1131 1090 1451 1130 accommodave-

118 1158 225 1198 runt,
253 1149 302 1189 de
329 1151 459 1188 carnis
484 1150 637 1188 scilicet
663 1149 822 1188 obtentu
848 1155 1034 1201 nupturae
1062 1161 1184 1186 necne
1209 1155 1298 1200 post
1322 1161 1451 1186 resur-

119 1209 335 1248 rectionem
362 1206 430 1245 sub
457 1207 540 1245 eius
570 1207 740 1245 mulieris
765 1219 944 1259 persona,
972 1219 1069 1258 quae
1095 1212 1242 1257 septem
1268 1205 1451 1248 fratribus

119 1272 237 1319 nupta
261 1266 300 1303 in
326 1262 443 1303 dubio
470 1263 691 1312 baberetur,
719 1265 780 1303 cui
806 1277 938 1303 eorum
958 1263 1289 1312 restitueretur.2)
1328 1261 1451 1301 Porro

119 1329 323 1363 serventur
346 1334 480 1361 sensus
505 1328 582 1360 tam
608 1323 843 1375 quaestionis
864 1334 973 1374 quam
994 1321 1270 1373 responsionis,
1297 1327 1338 1358 et
1358 1333 1452 1359 con-

121 1380 337 1420 troversiae
364 1392 567 1418 occursum
599 1387 670 1418 est.
734 1378 777 1418 Si
809 1380 909 1418 enim
942 1377 1162 1417 Sadducaei
1200 1375 1351 1429 quidem
1389 1390 1453 1415 re·

121 1438 310 1492 spuebant
334 1438 679 1484 resurrectionem,
718 1436 893 1475 dominus
924 1442 1051 1474 autem
1077 1448 1159 1473 eam
1187 1434 1452 1481 confirmabat,

121 1502 164 1536 et
185 1495 462 1547 scripturarum
487 1495 645 1545 ignaros
670 1495 889 1546 increpans,
917 1506 1048 1531 earum
1074 1493 1239 1539 scilicet,
1268 1505 1364 1544 quae
1391 1504 1450 1530 re-

120 1553 402 1592 surrectionem
427 1550 739 1604 praedicassent,
772 1558 811 1590 et
834 1552 987 1590 virtutis
1013 1549 1076 1589 dei
1101 1549 1343 1596 incredulos,
1369 1548 1454 1587 ido-

121 1623 220 1650 neae
257 1611 389 1662 utique
432 1610 592 1648 mortuis
635 1608 930 1654 resuscitandis,
980 1615 1177 1659 postremo
1226 1606 1452 1645 subiiciens:

122 1666 352 1721 quoniam-⁹⁹)
386 1673 514 1704 autem
546 1668 686 1704 mortui
724 1666 1001 1716 resurgant:4)
1027 1665 1109 1702 sine
1142 1663 1257 1703 dubio
1290 1671 1331 1703 et
1362 1677 1455 1702 con-

122 1723 310 1764 firmando
336 1734 422 1761 esse
449 1722 550 1774 quod
577 1723 809 1774 negabatur,
836 1722 875 1760 id
901 1728 972 1768 est,
1000 1722 1326 1760 resurrectionem
1353 1733 1455 1758 mor-

122 1789 274 1821 tuorum
299 1778 400 1831 apud
427 1778 619 1817 dominum
644 1781 834 1826 vivorum,
873 1779 988 1817 talem
1020 1791 1171 1830 quoque
1203 1791 1287 1817 eam
1313 1777 1456 1815 confir-

58 1888 72 1896 ·
123 1839 253 1878 mabat
276 1849 381 1883 esse,
414 1836 536 1887 qualis
563 1836 795 1888 negabatur,
822 1837 1019 1888 utriusque
1044 1836 1196 1874 scilicet
1220 1834 1455 1873 substantiae

125 1897 342 1936 humanae(
381 1893 519 1945 Neque
546 1895 660 1941 enim,
687 1895 720 1932 si
744 1901 928 1946 nupturos
953 1899 1044 1933 tunc
1070 1893 1239 1944 negavit,
1266 1891 1356 1930 ideo
1381 1905 1455 1931 nec

124 1959 414 1994 resurrecturos
439 1950 729 1990 demonstravit.
790 1951 907 2004 Atqui
934 1951 1033 1989 filios
1058 1950 1357 1990 resurrectionis
1387 1963 1456 2002 ap-

124 2012 262 2066 pellat,
293 2017 336 2049 ut
364 2021 437 2062 per
461 2022 545 2048 eam
572 2008 852 2062 quodammodo
878 2009 985 2047 nasci
1011 2008 1217 2055 habentes,
1255 2015 1455 2060 postquam

125 2083 203 2108 non
228 2068 389 2115 nubent,
428 2066 497 2106 sed
522 2068 760 2116 resuscitati3
800 2066 944 2106 similes
970 2067 1070 2106 enim
1095 2073 1209 2105 erunt
1233 2066 1400 2116 angelis,
1416 2066 1455 2113 ⁵)

127 2139 201 2179 qna
225 2139 301 2164 non
328 2126 501 2176 nupturi,
540 2126 628 2177 quia
658 2138 732 2164 nec
763 2125 957 2171 morituri,
995 2123 1063 2163 sed
1096 2137 1169 2176 qua
1194 2123 1392 2162 transituri
1417 2123 1456 2159 in

127 2190 266 2223 statum
291 2182 510 2233 angelicum
540 2195 612 2235 per
642 2182 900 2222 indumentum
936 2181 1030 2220 illud
1066 2179 1454 2232 incorruptibilitatis,

130 2254 201 2294 per
224 2239 462 2279 substantiae
486 2242 742 2280 resuscitatae
768 2247 896 2279 tamen
921 2238 1235 2278 demutationem.
1276 2236 1457 2275 Ceterum

130 2312 203 2339 nec
243 2305 514 2351 quaereretur,
552 2299 706 2351 nupturi
735 2298 815 2338 sive
846 2298 1022 2336 morituri
1047 2308 1170 2335 necne
1196 2307 1326 2333 rursus
1351 2305 1457 2332 essc-

226 2471 260 2510 ι)
284 2467 407 2499 Matth,
435 2465 468 2504 8,
494 2464 536 2493 11
553 2471 602 2500 sq.
640 2462 694 2499 13,
719 2461 775 2490 42.
815 2461 871 2498 25,
891 2459 947 2490 3⁰.
978 2459 1034 2495 22,
1053 2457 1096 2487 12
1110 2465 1160 2494 oq,
1206 2454 1350 2494 Apocal.
1367 2455 1399 2494 2,
1426 2456 1457 2484 7.

130 2514 170 2560 2)
195 2515 319 2547 Matth.
334 2516 388 2552 22,
403 2514 445 2543 23
460 2519 532 2548 sqq.
556 2509 665 2538 Marc.
679 2508 733 2547 12,
748 2507 791 2535 18
800 2514 871 2543 sqq.
902 2505 985 2535 Luc.
1000 2505 1056 2542 20,
1071 2503 1114 2532 27
1123 2511 1197 2541 sqq.
1290 2499 1325 2540 3)
1350 2501 1460 2531 Rhen-

131 2571 260 2600 quam.
354 2562 391 2601 4)
417 2561 499 2589 Luc.
515 2556 569 2596 20,
585 2555 638 2585 37.
734 2553 770 2593 5)
796 2550 918 2582 Matth.
933 2551 986 2591 22,
997 2550 1051 2580 3⁰.
1088 2549 1171 2580 Luc.
1186 2548 1245 2598 29,Δ
1259 2548 1313 2579 34.
1350 2548 1459 2577 Marc.

132 2609 188 2648 12,
215 2609 268 2638 25.
