<?xml version="1.0" encoding="UTF-8"?>
<!DOCTYPE html PUBLIC "-//W3C//DTD XHTML 1.0 Transitional//EN"
    "http://www.w3.org/TR/xhtml1/DTD/xhtml1-transitional.dtd">
<html xmlns="http://www.w3.org/1999/xhtml" xml:lang="en" lang="en">
 <head>
  <title>
</title>
<meta http-equiv="Content-Type" content="text/html;charset=utf-8" />
  <meta name='ocr-system' content='tesseract 3.04.00' />
  <meta name='ocr-capabilities' content='ocr_page ocr_carea ocr_par ocr_line ocrx_word'/>
</head>
<body>
  <div class='ocr_page' id='page_1' title='image "./operatert34tertuoft_0571.png"; bbox 0 0 1604 2800; ppageno 0'>
   <div class='ocr_carea' id='block_1_1' title="bbox 614 180 1434 235">
    <p class='ocr_par' dir='ltr' id='par_1_1' title="bbox 614 180 1434 235">
     <span class='ocr_line' id='line_1_1' title="bbox 614 180 1434 235; baseline 0.001 -22"><span class='ocrx_word' id='word_1_1' title='bbox 614 181 684 213; x_wconf 78' lang='lat' dir='ltr'>DE</span> <span class='ocrx_word' id='word_1_2' title='bbox 714 180 913 214; x_wconf 58' lang='lat' dir='ltr'>axum.</span> <span class='ocrx_word' id='word_1_3' title='bbox 1306 181 1434 235; x_wconf 57' lang='lat' dir='ltr'>¹aas)</span> 
     </span>
    </p>
   </div>
   <div class='ocr_carea' id='block_1_2' title="bbox 100 271 1438 2616">
    <p class='ocr_par' dir='ltr' id='par_1_2' title="bbox 100 271 1438 2616">
     <span class='ocr_line' id='line_1_2' title="bbox 106 271 1437 329; baseline 0.005 -17"><span class='ocrx_word' id='word_1_4' title='bbox 106 272 201 312; x_wconf 83' lang='lat' dir='ltr'>Sine</span> <span class='ocrx_word' id='word_1_5' title='bbox 233 271 350 313; x_wconf 80' lang='lat' dir='ltr'>dubio</span> <span class='ocrx_word' id='word_1_6' title='bbox 381 284 659 327; x_wconf 80' lang='lat' dir='ltr'><strong>prosequemur</strong></span> <span class='ocrx_word' id='word_1_7' title='bbox 686 287 738 314; x_wconf 82' lang='lat' dir='ltr'>ex</span> <span class='ocrx_word' id='word_1_8' title='bbox 768 273 923 322; x_wconf 81' lang='lat' dir='ltr'>ordine3</span> <span class='ocrx_word' id='word_1_9' title='bbox 956 275 1060 326; x_wconf 88' lang='lat' dir='ltr'>prius</span> <span class='ocrx_word' id='word_1_10' title='bbox 1091 281 1218 314; x_wconf 87' lang='lat' dir='ltr'>tamen</span> <span class='ocrx_word' id='word_1_11' title='bbox 1249 276 1351 329; x_wconf 91' lang='lat' dir='ltr'>quod</span> <span class='ocrx_word' id='word_1_12' title='bbox 1375 287 1437 318; x_wconf 88' lang='lat' dir='ltr'>est</span> 
     </span>
     <span class='ocr_line' id='line_1_3' title="bbox 104 331 1436 384; baseline 0.005 -15"><span class='ocrx_word' id='word_1_13' title='bbox 104 331 182 370; x_wconf 88' lang='lat' dir='ltr'>loci</span> <span class='ocrx_word' id='word_1_14' title='bbox 208 331 318 370; x_wconf 86' lang='lat' dir='ltr'>buius</span> <span class='ocrx_word' id='word_1_15' title='bbox 342 331 599 383; x_wconf 77' lang='lat' dir='ltr'>explebimus,</span> <span class='ocrx_word' id='word_1_16' title='bbox 631 345 699 379; x_wconf 90' lang='lat' dir='ltr'>ue,</span> <span class='ocrx_word' id='word_1_17' title='bbox 733 333 821 384; x_wconf 87' lang='lat' dir='ltr'>quia</span> <span class='ocrx_word' id='word_1_18' title='bbox 851 333 979 384; x_wconf 82' lang='lat' dir='ltr'>varios</span> <span class='ocrx_word' id='word_1_19' title='bbox 1004 333 1129 372; x_wconf 82' lang='lat' dir='ltr'>exitus</span> <span class='ocrx_word' id='word_1_20' title='bbox 1153 335 1286 373; x_wconf 89' lang='lat' dir='ltr'>mortis</span> <span class='ocrx_word' id='word_1_21' title='bbox 1312 334 1436 375; x_wconf 80' lang='lat' dir='ltr'>edixi-</span> 
     </span>
     <span class='ocr_line' id='line_1_4' title="bbox 103 390 1435 442; baseline 0.004 -15"><span class='ocrx_word' id='word_1_22' title='bbox 103 401 203 435; x_wconf 85' lang='lat' dir='ltr'>mus,</span> <span class='ocrx_word' id='word_1_23' title='bbox 241 396 444 441; x_wconf 82' lang='lat' dir='ltr'>exspeetet</span> <span class='ocrx_word' id='word_1_24' title='bbox 474 390 557 442; x_wconf 80' lang='lat' dir='ltr'>quis</span> <span class='ocrx_word' id='word_1_25' title='bbox 581 403 605 428; x_wconf 83' lang='lat' dir='ltr'>a</span> <span class='ocrx_word' id='word_1_26' title='bbox 629 390 740 428; x_wconf 89' lang='lat' dir='ltr'>nobis</span> <span class='ocrx_word' id='word_1_27' title='bbox 771 391 941 429; x_wconf 87' lang='lat' dir='ltr'>rationes</span> <span class='ocrx_word' id='word_1_28' title='bbox 977 391 1236 442; x_wconf 85' lang='lat' dir='ltr'>singulorum,</span> <span class='ocrx_word' id='word_1_29' title='bbox 1276 392 1435 432; x_wconf 87' lang='lat' dir='ltr'>medicis</span> 
     </span>
     <span class='ocr_line' id='line_1_5' title="bbox 103 445 1435 499; baseline 0.004 -15"><span class='ocrx_word' id='word_1_30' title='bbox 103 447 231 498; x_wconf 85' lang='lat' dir='ltr'>potius</span> <span class='ocrx_word' id='word_1_31' title='bbox 255 445 540 498; x_wconf 74' lang='lat' dir='ltr'>relinquendas,</span> <span class='ocrx_word' id='word_1_32' title='bbox 567 449 734 499; x_wconf 85' lang='lat' dir='ltr'>propriis</span> <span class='ocrx_word' id='word_1_33' title='bbox 753 447 908 486; x_wconf 86' lang='lat' dir='ltr'>arbitris</span> <span class='ocrx_word' id='word_1_34' title='bbox 928 449 1092 486; x_wconf 88' lang='lat' dir='ltr'>omnium</span> <span class='ocrx_word' id='word_1_35' title='bbox 1112 449 1281 489; x_wconf 86' lang='lat' dir='ltr'>letalium</span> <span class='ocrx_word' id='word_1_36' title='bbox 1308 463 1435 489; x_wconf 90' lang='lat' dir='ltr'>rerum</span> 
     </span>
     <span class='ocr_line' id='line_1_6' title="bbox 104 504 1436 557; baseline 0.004 -15"><span class='ocrx_word' id='word_1_37' title='bbox 104 504 185 542; x_wconf 88' lang='lat' dir='ltr'>sive</span> <span class='ocrx_word' id='word_1_38' title='bbox 212 516 431 543; x_wconf 77' lang='lat' dir='ltr'>caussarum</span> <span class='ocrx_word' id='word_1_39' title='bbox 456 511 497 542; x_wconf 87' lang='lat' dir='ltr'>et</span> <span class='ocrx_word' id='word_1_40' title='bbox 521 505 687 556; x_wconf 84' lang='lat' dir='ltr'>ipsarum</span> <span class='ocrx_word' id='word_1_41' title='bbox 714 506 971 557; x_wconf 81' lang='lat' dir='ltr'>corporalium</span> <span class='ocrx_word' id='word_1_42' title='bbox 998 505 1272 546; x_wconf 88' lang='lat' dir='ltr'>conditionum.</span> <span class='ocrx_word' id='word_1_43' title='bbox 1316 506 1436 547; x_wconf 86' lang='lat' dir='ltr'>Plane</span> 
     </span>
     <span class='ocr_line' id='line_1_7' title="bbox 103 559 1436 615; baseline 0.004 -16"><span class='ocrx_word' id='word_1_44' title='bbox 103 559 153 599; x_wconf 86' lang='lat' dir='ltr'>ad</span> <span class='ocrx_word' id='word_1_45' title='bbox 171 561 496 600; x_wconf 79' lang='lat' dir='ltr'>immortalitatem</span> <span class='ocrx_word' id='word_1_46' title='bbox 522 562 671 600; x_wconf 82' lang='lat' dir='ltr'>animae</span> <span class='ocrx_word' id='word_1_47' title='bbox 697 562 759 601; x_wconf 89' lang='lat' dir='ltr'>hic</span> <span class='ocrx_word' id='word_1_48' title='bbox 787 575 935 614; x_wconf 82' lang='lat' dir='ltr'>quoque</span> <span class='ocrx_word' id='word_1_49' title='bbox 960 563 1276 615; x_wconf 85' lang='lat' dir='ltr'>protegendam&#39;</span> <span class='ocrx_word' id='word_1_50' title='bbox 1266 579 1304 603; x_wconf 91' lang='grc' dir='ltr'>ιιι</span> <span class='ocrx_word' id='word_1_51' title='bbox 1330 578 1436 604; x_wconf 90' lang='lat' dir='ltr'>men-</span> 
     </span>
     <span class='ocr_line' id='line_1_8' title="bbox 102 618 1434 675; baseline 0.005 -20"><span class='ocrx_word' id='word_1_52' title='bbox 102 618 210 656; x_wconf 80' lang='lat' dir='ltr'>tione</span> <span class='ocrx_word' id='word_1_53' title='bbox 242 619 376 658; x_wconf 86' lang='lat' dir='ltr'>mortis</span> <span class='ocrx_word' id='word_1_54' title='bbox 407 618 550 673; x_wconf 84' lang='lat' dir='ltr'>aliquid</span> <span class='ocrx_word' id='word_1_55' title='bbox 583 618 631 658; x_wconf 90' lang='lat' dir='ltr'>de</span> <span class='ocrx_word' id='word_1_56' title='bbox 657 619 845 658; x_wconf 88' lang='lat' dir='ltr'>eiusmodi</span> <span class='ocrx_word' id='word_1_57' title='bbox 871 621 976 658; x_wconf 78' lang='lat' dir='ltr'>exitu</span> <span class='ocrx_word' id='word_1_58' title='bbox 1000 621 1265 668; x_wconf 77' lang='lat' dir='ltr'>interstruam,</span> <span class='ocrx_word' id='word_1_59' title='bbox 1296 623 1350 661; x_wconf 84' lang='grc' dir='ltr'>ἱιι</span> <span class='ocrx_word' id='word_1_60' title='bbox 1361 636 1434 675; x_wconf 92' lang='lat' dir='ltr'>quo</span> 
     </span>
     <span class='ocr_line' id='line_1_9' title="bbox 102 675 1436 727; baseline 0.002 -12"><span class='ocrx_word' id='word_1_61' title='bbox 102 675 284 727; x_wconf 79' lang='lat' dir='ltr'>paulatim</span> <span class='ocrx_word' id='word_1_62' title='bbox 308 689 356 715; x_wconf 88' lang='lat' dir='ltr'>ac</span> <span class='ocrx_word' id='word_1_63' title='bbox 380 677 592 716; x_wconf 80' lang='lat' dir='ltr'>minutatim</span> <span class='ocrx_word' id='word_1_64' title='bbox 618 678 743 716; x_wconf 88' lang='lat' dir='ltr'>anima</span> <span class='ocrx_word' id='word_1_65' title='bbox 768 676 970 725; x_wconf 84' lang='lat' dir='ltr'>dilabitur3</span> <span class='ocrx_word' id='word_1_66' title='bbox 1002 677 1170 717; x_wconf 83' lang='lat' dir='ltr'>habitum</span> <span class='ocrx_word' id='word_1_67' title='bbox 1196 680 1297 718; x_wconf 88' lang='lat' dir='ltr'>euim</span> <span class='ocrx_word' id='word_1_68' title='bbox 1322 681 1436 718; x_wconf 89' lang='lat' dir='ltr'>susti-</span> 
     </span>
     <span class='ocr_line' id='line_1_10' title="bbox 102 731 1436 781; baseline 0.003 -9"><span class='ocrx_word' id='word_1_69' title='bbox 102 745 199 772; x_wconf 80' lang='lat' dir='ltr'>nens</span> <span class='ocrx_word' id='word_1_70' title='bbox 224 731 476 779; x_wconf 79' lang='lat' dir='ltr'>defectionis,</span> <span class='ocrx_word' id='word_1_71' title='bbox 508 733 724 780; x_wconf 85' lang='lat' dir='ltr'>abducitur,</span> <span class='ocrx_word' id='word_1_72' title='bbox 757 733 844 773; x_wconf 88' lang='lat' dir='ltr'>dum</span> <span class='ocrx_word' id='word_1_73' title='bbox 869 734 1015 774; x_wconf 79' lang='lat' dir='ltr'>absumi</span> <span class='ocrx_word' id='word_1_74' title='bbox 1039 734 1204 781; x_wconf 88' lang='lat' dir='ltr'>videtur,</span> <span class='ocrx_word' id='word_1_75' title='bbox 1237 744 1277 775; x_wconf 90' lang='lat' dir='ltr'>et</span> <span class='ocrx_word' id='word_1_76' title='bbox 1302 738 1436 776; x_wconf 89' lang='lat' dir='ltr'>conie-</span> 
     </span>
     <span class='ocr_line' id='line_1_11' title="bbox 103 790 1437 843; baseline 0.003 -15"><span class='ocrx_word' id='word_1_77' title='bbox 103 796 250 828; x_wconf 73' lang='lat' dir='ltr'>cturam</span> <span class='ocrx_word' id='word_1_78' title='bbox 281 797 455 842; x_wconf 76' lang='lat' dir='ltr'>praestat</span> <span class='ocrx_word' id='word_1_79' title='bbox 486 791 664 829; x_wconf 89' lang='lat' dir='ltr'>interitus</span> <span class='ocrx_word' id='word_1_80' title='bbox 694 790 743 829; x_wconf 91' lang='lat' dir='ltr'>de</span> <span class='ocrx_word' id='word_1_81' title='bbox 775 804 958 830; x_wconf 78' lang='lat' dir='ltr'>excessus</span> <span class='ocrx_word' id='word_1_82' title='bbox 994 798 1267 843; x_wconf 86' lang='lat' dir='ltr'>temperatura.</span> <span class='ocrx_word' id='word_1_83' title='bbox 1337 794 1437 832; x_wconf 83' lang='lat' dir='ltr'>Tota</span> 
     </span>
     <span class='ocr_line' id='line_1_12' title="bbox 101 847 1438 902; baseline 0.002 -16"><span class='ocrx_word' id='word_1_84' title='bbox 101 853 229 886; x_wconf 77' lang='lat' dir='ltr'>autem</span> <span class='ocrx_word' id='word_1_85' title='bbox 260 847 300 885; x_wconf 80' lang='lat' dir='ltr'>in</span> <span class='ocrx_word' id='word_1_86' title='bbox 330 860 499 899; x_wconf 86' lang='lat' dir='ltr'>corpore</span> <span class='ocrx_word' id='word_1_87' title='bbox 530 855 570 886; x_wconf 90' lang='lat' dir='ltr'>et</span> <span class='ocrx_word' id='word_1_88' title='bbox 600 861 650 886; x_wconf 84' lang='lat' dir='ltr'>ex</span> <span class='ocrx_word' id='word_1_89' title='bbox 681 860 847 899; x_wconf 85' lang='lat' dir='ltr'>corpore</span> <span class='ocrx_word' id='word_1_90' title='bbox 873 855 933 886; x_wconf 92' lang='lat' dir='ltr'>est</span> <span class='ocrx_word' id='word_1_91' title='bbox 956 849 1071 886; x_wconf 86' lang='lat' dir='ltr'>ratio.</span> <span class='ocrx_word' id='word_1_92' title='bbox 1136 848 1235 887; x_wconf 90' lang='lat' dir='ltr'>Nam</span> <span class='ocrx_word' id='word_1_93' title='bbox 1268 851 1438 902; x_wconf 88' lang='lat' dir='ltr'>quisquis</span> 
     </span>
     <span class='ocr_line' id='line_1_13' title="bbox 100 903 1436 958; baseline 0.001 -14"><span class='ocrx_word' id='word_1_94' title='bbox 100 904 167 944; x_wconf 81' lang='lat' dir='ltr'>ille</span> <span class='ocrx_word' id='word_1_95' title='bbox 192 904 319 943; x_wconf 76' lang='lat' dir='ltr'>exitus</span> <span class='ocrx_word' id='word_1_96' title='bbox 342 906 496 952; x_wconf 83' lang='lat' dir='ltr'>mortis,</span> <span class='ocrx_word' id='word_1_97' title='bbox 528 907 611 944; x_wconf 89' lang='lat' dir='ltr'>sine</span> <span class='ocrx_word' id='word_1_98' title='bbox 644 903 760 943; x_wconf 84' lang='lat' dir='ltr'>dubio</span> <span class='ocrx_word' id='word_1_99' title='bbox 786 912 852 944; x_wconf 90' lang='lat' dir='ltr'>aut</span> <span class='ocrx_word' id='word_1_100' title='bbox 876 906 1121 944; x_wconf 90' lang='lat' dir='ltr'>materiarum</span> <span class='ocrx_word' id='word_1_101' title='bbox 1146 914 1212 945; x_wconf 89' lang='lat' dir='ltr'>aut</span> <span class='ocrx_word' id='word_1_102' title='bbox 1235 908 1436 958; x_wconf 84' lang='lat' dir='ltr'>regionum</span> 
     </span>
     <span class='ocr_line' id='line_1_14' title="bbox 101 962 1438 1012; baseline 0.001 -11"><span class='ocrx_word' id='word_1_103' title='bbox 101 967 170 1001; x_wconf 75' lang='lat' dir='ltr'>aut</span> <span class='ocrx_word' id='word_1_104' title='bbox 196 962 343 1001; x_wconf 79' lang='lat' dir='ltr'>viarum</span> <span class='ocrx_word' id='word_1_105' title='bbox 373 962 546 1001; x_wconf 84' lang='lat' dir='ltr'>vitalium</span> <span class='ocrx_word' id='word_1_106' title='bbox 578 963 730 1002; x_wconf 84' lang='lat' dir='ltr'>eversio</span> <span class='ocrx_word' id='word_1_107' title='bbox 756 969 833 1001; x_wconf 86' lang='lat' dir='ltr'>est:</span> <span class='ocrx_word' id='word_1_108' title='bbox 871 964 1136 1009; x_wconf 84' lang='lat' dir='ltr'>materiarum,</span> <span class='ocrx_word' id='word_1_109' title='bbox 1173 970 1216 1002; x_wconf 87' lang='lat' dir='ltr'>ut</span> <span class='ocrx_word' id='word_1_110' title='bbox 1239 965 1359 1012; x_wconf 84' lang='lat' dir='ltr'>fellis,</span> <span class='ocrx_word' id='word_1_111' title='bbox 1396 972 1438 1003; x_wconf 90' lang='lat' dir='ltr'>ut</span> 
     </span>
     <span class='ocr_line' id='line_1_15' title="bbox 101 1019 1437 1070; baseline 0.002 -12"><span class='ocrx_word' id='word_1_112' title='bbox 101 1020 320 1070; x_wconf 68' lang='lat' dir='ltr'>sanguinis,</span> <span class='ocrx_word' id='word_1_113' title='bbox 345 1020 560 1070; x_wconf 85' lang='lat' dir='ltr'>regionum,</span> <span class='ocrx_word' id='word_1_114' title='bbox 586 1027 628 1058; x_wconf 90' lang='lat' dir='ltr'>ut</span> <span class='ocrx_word' id='word_1_115' title='bbox 653 1019 795 1066; x_wconf 77' lang='lat' dir='ltr'>cordiS,</span> <span class='ocrx_word' id='word_1_116' title='bbox 821 1026 863 1058; x_wconf 88' lang='lat' dir='ltr'>ut</span> <span class='ocrx_word' id='word_1_117' title='bbox 887 1020 1049 1067; x_wconf 81' lang='lat' dir='ltr'>iecoris3</span> <span class='ocrx_word' id='word_1_118' title='bbox 1074 1021 1234 1068; x_wconf 86' lang='lat' dir='ltr'>viarum,</span> <span class='ocrx_word' id='word_1_119' title='bbox 1260 1029 1302 1060; x_wconf 90' lang='lat' dir='ltr'>ut</span> <span class='ocrx_word' id='word_1_120' title='bbox 1319 1035 1437 1061; x_wconf 90' lang='lat' dir='ltr'>vena-</span> 
     </span>
     <span class='ocr_line' id='line_1_16' title="bbox 100 1076 1435 1131; baseline 0.002 -16"><span class='ocrx_word' id='word_1_121' title='bbox 100 1088 205 1122; x_wconf 85' lang='lat' dir='ltr'>rum,</span> <span class='ocrx_word' id='word_1_122' title='bbox 235 1083 279 1114; x_wconf 89' lang='lat' dir='ltr'>ut</span> <span class='ocrx_word' id='word_1_123' title='bbox 308 1077 551 1116; x_wconf 77' lang='lat' dir='ltr'>arteriarum.</span> <span class='ocrx_word' id='word_1_124' title='bbox 624 1076 720 1115; x_wconf 92' lang='lat' dir='ltr'>Dum</span> <span class='ocrx_word' id='word_1_125' title='bbox 753 1077 871 1128; x_wconf 87' lang='lat' dir='ltr'>igitur</span> <span class='ocrx_word' id='word_1_126' title='bbox 899 1077 997 1115; x_wconf 86' lang='lat' dir='ltr'>haec</span> <span class='ocrx_word' id='word_1_127' title='bbox 1023 1090 1073 1116; x_wconf 82' lang='lat' dir='ltr'>ex</span> <span class='ocrx_word' id='word_1_128' title='bbox 1097 1079 1255 1130; x_wconf 88' lang='lat' dir='ltr'>propria</span> <span class='ocrx_word' id='word_1_129' title='bbox 1286 1092 1435 1131; x_wconf 88' lang='lat' dir='ltr'>quaque</span> 
     </span>
     <span class='ocr_line' id='line_1_17' title="bbox 101 1133 1436 1186; baseline 0.002 -15"><span class='ocrx_word' id='word_1_130' title='bbox 101 1133 265 1171; x_wconf 88' lang='lat' dir='ltr'>iniuriae</span> <span class='ocrx_word' id='word_1_131' title='bbox 286 1146 423 1177; x_wconf 78' lang='lat' dir='ltr'>caussa</span> <span class='ocrx_word' id='word_1_132' title='bbox 447 1140 644 1172; x_wconf 85' lang='lat' dir='ltr'>vastantur</span> <span class='ocrx_word' id='word_1_133' title='bbox 661 1135 701 1172; x_wconf 90' lang='lat' dir='ltr'>in</span> <span class='ocrx_word' id='word_1_134' title='bbox 722 1146 902 1185; x_wconf 88' lang='lat' dir='ltr'>corpore,</span> <span class='ocrx_word' id='word_1_135' title='bbox 928 1133 978 1172; x_wconf 86' lang='lat' dir='ltr'>ad</span> <span class='ocrx_word' id='word_1_136' title='bbox 996 1147 1116 1186; x_wconf 90' lang='lat' dir='ltr'>usque</span> <span class='ocrx_word' id='word_1_137' title='bbox 1135 1135 1304 1173; x_wconf 83' lang='lat' dir='ltr'>ultimam</span> <span class='ocrx_word' id='word_1_138' title='bbox 1324 1149 1436 1175; x_wconf 88' lang='lat' dir='ltr'>ever-</span> 
     </span>
     <span class='ocr_line' id='line_1_18' title="bbox 102 1190 1435 1246; baseline 0.002 -17"><span class='ocrx_word' id='word_1_139' title='bbox 102 1191 250 1246; x_wconf 71' lang='lat' dir='ltr'>sionem</span> <span class='ocrx_word' id='word_1_140' title='bbox 274 1197 316 1230; x_wconf 90' lang='lat' dir='ltr'>et</span> <span class='ocrx_word' id='word_1_141' title='bbox 339 1191 611 1234; x_wconf 81' lang='lat' dir='ltr'>rescissionem</span> <span class='ocrx_word' id='word_1_142' title='bbox 639 1191 829 1238; x_wconf 84' lang='lat' dir='ltr'>vitalium,</span> <span class='ocrx_word' id='word_1_143' title='bbox 862 1190 899 1229; x_wconf 89' lang='lat' dir='ltr'>id</span> <span class='ocrx_word' id='word_1_144' title='bbox 926 1198 1004 1238; x_wconf 89' lang='lat' dir='ltr'>est,</span> <span class='ocrx_word' id='word_1_145' title='bbox 1034 1192 1262 1246; x_wconf 68' lang='lat' dir='ltr'>naturalium</span> <span class='ocrx_word' id='word_1_146' title='bbox 1293 1193 1435 1239; x_wconf 88' lang='lat' dir='ltr'>finium,</span> 
     </span>
     <span class='ocr_line' id='line_1_19' title="bbox 102 1247 1437 1303; baseline 0.001 -16"><span class='ocrx_word' id='word_1_147' title='bbox 102 1248 255 1295; x_wconf 76' lang='lat' dir='ltr'>situum,</span> <span class='ocrx_word' id='word_1_148' title='bbox 287 1247 511 1294; x_wconf 79' lang='lat' dir='ltr'>officiorum,</span> <span class='ocrx_word' id='word_1_149' title='bbox 538 1248 761 1287; x_wconf 86' lang='lat' dir='ltr'>necessario</span> <span class='ocrx_word' id='word_1_150' title='bbox 787 1255 828 1287; x_wconf 92' lang='lat' dir='ltr'>et</span> <span class='ocrx_word' id='word_1_151' title='bbox 851 1249 989 1295; x_wconf 87' lang='lat' dir='ltr'>anima,</span> <span class='ocrx_word' id='word_1_152' title='bbox 1022 1247 1278 1289; x_wconf 82' lang='lat' dir='ltr'>dilabentibus</span> <span class='ocrx_word' id='word_1_153' title='bbox 1302 1251 1437 1303; x_wconf 86' lang='lat' dir='ltr'>paula-</span> 
     </span>
     <span class='ocr_line' id='line_1_20' title="bbox 101 1304 1438 1362; baseline 0.003 -19"><span class='ocrx_word' id='word_1_154' title='bbox 101 1304 170 1343; x_wconf 83' lang='lat' dir='ltr'>tim</span> <span class='ocrx_word' id='word_1_155' title='bbox 184 1306 445 1344; x_wconf 83' lang='lat' dir='ltr'>instrumentis</span> <span class='ocrx_word' id='word_1_156' title='bbox 466 1313 506 1344; x_wconf 88' lang='lat' dir='ltr'>et</span> <span class='ocrx_word' id='word_1_157' title='bbox 526 1305 731 1345; x_wconf 87' lang='lat' dir='ltr'>domiciliis</span> <span class='ocrx_word' id='word_1_158' title='bbox 750 1313 790 1344; x_wconf 91' lang='lat' dir='ltr'>et</span> <span class='ocrx_word' id='word_1_159' title='bbox 808 1306 940 1358; x_wconf 87' lang='lat' dir='ltr'>spatiis</span> <span class='ocrx_word' id='word_1_160' title='bbox 965 1307 1056 1353; x_wconf 86' lang='lat' dir='ltr'>suis,</span> <span class='ocrx_word' id='word_1_161' title='bbox 1081 1307 1263 1358; x_wconf 87' lang='lat' dir='ltr'>paulatim</span> <span class='ocrx_word' id='word_1_162' title='bbox 1290 1315 1332 1346; x_wconf 89' lang='lat' dir='ltr'>et</span> <span class='ocrx_word' id='word_1_163' title='bbox 1354 1309 1438 1362; x_wconf 85' lang='lat' dir='ltr'>ipsa</span> 
     </span>
     <span class='ocr_line' id='line_1_21' title="bbox 100 1362 1437 1416; baseline 0.002 -16"><span class='ocrx_word' id='word_1_164' title='bbox 100 1363 271 1414; x_wconf 76' lang='lat' dir='ltr'>migrare</span> <span class='ocrx_word' id='word_1_165' title='bbox 302 1364 499 1415; x_wconf 89' lang='lat' dir='ltr'>compulsa</span> <span class='ocrx_word' id='word_1_166' title='bbox 531 1362 736 1402; x_wconf 81' lang='lat' dir='ltr'>deducitur</span> <span class='ocrx_word' id='word_1_167' title='bbox 767 1364 805 1401; x_wconf 88' lang='lat' dir='ltr'>iu</span> <span class='ocrx_word' id='word_1_168' title='bbox 836 1362 1107 1402; x_wconf 86' lang='lat' dir='ltr'>deminutionis</span> <span class='ocrx_word' id='word_1_169' title='bbox 1137 1364 1321 1416; x_wconf 80' lang='lat' dir='ltr'>effigiem,</span> <span class='ocrx_word' id='word_1_170' title='bbox 1359 1379 1437 1403; x_wconf 87' lang='lat' dir='ltr'>non</span> 
     </span>
     <span class='ocr_line' id='line_1_22' title="bbox 103 1418 1436 1473; baseline 0.001 -14"><span class='ocrx_word' id='word_1_171' title='bbox 103 1419 182 1459; x_wconf 85' lang='lat' dir='ltr'>alio</span> <span class='ocrx_word' id='word_1_172' title='bbox 212 1418 329 1458; x_wconf 87' lang='lat' dir='ltr'>modo</span> <span class='ocrx_word' id='word_1_173' title='bbox 361 1434 471 1472; x_wconf 81' lang='lat' dir='ltr'>quam</span> <span class='ocrx_word' id='word_1_174' title='bbox 508 1434 583 1472; x_wconf 87' lang='lat' dir='ltr'>quo</span> <span class='ocrx_word' id='word_1_175' title='bbox 616 1428 657 1459; x_wconf 92' lang='lat' dir='ltr'>et</span> <span class='ocrx_word' id='word_1_176' title='bbox 686 1422 859 1472; x_wconf 85' lang='lat' dir='ltr'>aurigam</span> <span class='ocrx_word' id='word_1_177' title='bbox 896 1422 1017 1472; x_wconf 89' lang='lat' dir='ltr'>ipsum</span> <span class='ocrx_word' id='word_1_178' title='bbox 1055 1434 1205 1473; x_wconf 86' lang='lat' dir='ltr'>quoque</span> <span class='ocrx_word' id='word_1_179' title='bbox 1243 1421 1436 1461; x_wconf 79' lang='lat' dir='ltr'>defecisse</span> 
     </span>
     <span class='ocr_line' id='line_1_23' title="bbox 102 1477 1438 1532; baseline 0.001 -16"><span class='ocrx_word' id='word_1_180' title='bbox 102 1477 371 1529; x_wconf 71' lang='lat' dir='ltr'>praesumitur,</span> <span class='ocrx_word' id='word_1_181' title='bbox 397 1490 482 1516; x_wconf 88' lang='lat' dir='ltr'>cum</span> <span class='ocrx_word' id='word_1_182' title='bbox 504 1479 604 1517; x_wconf 85' lang='lat' dir='ltr'>vires</span> <span class='ocrx_word' id='word_1_183' title='bbox 623 1490 807 1529; x_wconf 87' lang='lat' dir='ltr'>equorum</span> <span class='ocrx_word' id='word_1_184' title='bbox 828 1477 1057 1529; x_wconf 82' lang='lat' dir='ltr'>defatigatio</span> <span class='ocrx_word' id='word_1_185' title='bbox 1072 1477 1292 1530; x_wconf 84' lang='lat' dir='ltr'>denegavit,</span> <span class='ocrx_word' id='word_1_186' title='bbox 1318 1493 1438 1532; x_wconf 91' lang='lat' dir='ltr'>quan-</span> 
     </span>
     <span class='ocr_line' id='line_1_24' title="bbox 102 1533 1438 1588; baseline 0.002 -15"><span class='ocrx_word' id='word_1_187' title='bbox 102 1541 182 1576; x_wconf 72' lang='lat' dir='ltr'>tum</span> <span class='ocrx_word' id='word_1_188' title='bbox 207 1533 256 1574; x_wconf 87' lang='lat' dir='ltr'>de</span> <span class='ocrx_word' id='word_1_189' title='bbox 282 1533 535 1586; x_wconf 86' lang='lat' dir='ltr'>dispositione</span> <span class='ocrx_word' id='word_1_190' title='bbox 561 1534 735 1574; x_wconf 87' lang='lat' dir='ltr'>destituti</span> <span class='ocrx_word' id='word_1_191' title='bbox 766 1535 949 1582; x_wconf 87' lang='lat' dir='ltr'>hominis,</span> <span class='ocrx_word' id='word_1_192' title='bbox 981 1549 1058 1574; x_wconf 89' lang='grc' dir='ltr'><strong>ιιοιι</strong></span> <span class='ocrx_word' id='word_1_193' title='bbox 1083 1534 1131 1574; x_wconf 90' lang='lat' dir='ltr'>de</span> <span class='ocrx_word' id='word_1_194' title='bbox 1157 1538 1348 1588; x_wconf 87' lang='lat' dir='ltr'>passionis</span> <span class='ocrx_word' id='word_1_195' title='bbox 1370 1550 1438 1576; x_wconf 84' lang='lat' dir='ltr'>ve-</span> 
     </span>
     <span class='ocr_line' id='line_1_25' title="bbox 100 1590 1438 1645; baseline 0.001 -14"><span class='ocrx_word' id='word_1_196' title='bbox 100 1592 231 1633; x_wconf 76' lang='lat' dir='ltr'>ritate.</span> <span class='ocrx_word' id='word_1_197' title='bbox 270 1590 439 1631; x_wconf 85' lang='lat' dir='ltr'>Perinde</span> <span class='ocrx_word' id='word_1_198' title='bbox 465 1593 599 1644; x_wconf 86' lang='lat' dir='ltr'>auriga</span> <span class='ocrx_word' id='word_1_199' title='bbox 624 1594 801 1645; x_wconf 89' lang='lat' dir='ltr'>corporis</span> <span class='ocrx_word' id='word_1_200' title='bbox 826 1594 982 1644; x_wconf 87' lang='lat' dir='ltr'>spiritus</span> <span class='ocrx_word' id='word_1_201' title='bbox 1006 1593 1192 1639; x_wconf 84' lang='lat' dir='ltr'>animalis,</span> <span class='ocrx_word' id='word_1_202' title='bbox 1220 1593 1438 1632; x_wconf 86' lang='lat' dir='ltr'>deficientis</span> 
     </span>
     <span class='ocr_line' id='line_1_26' title="bbox 100 1648 1437 1700; baseline 0 -12"><span class='ocrx_word' id='word_1_203' title='bbox 100 1649 294 1691; x_wconf 72' lang='lat' dir='ltr'>vectaculi</span> <span class='ocrx_word' id='word_1_204' title='bbox 330 1651 510 1696; x_wconf 85' lang='lat' dir='ltr'>nomine,</span> <span class='ocrx_word' id='word_1_205' title='bbox 548 1663 623 1688; x_wconf 89' lang='lat' dir='ltr'>non</span> <span class='ocrx_word' id='word_1_206' title='bbox 655 1664 724 1688; x_wconf 91' lang='lat' dir='ltr'>suo</span> <span class='ocrx_word' id='word_1_207' title='bbox 762 1649 913 1695; x_wconf 85' lang='lat' dir='ltr'>deficit,</span> <span class='ocrx_word' id='word_1_208' title='bbox 952 1662 1071 1700; x_wconf 89' lang='lat' dir='ltr'>opere</span> <span class='ocrx_word' id='word_1_209' title='bbox 1108 1648 1322 1696; x_wconf 87' lang='lat' dir='ltr'>decedens,</span> <span class='ocrx_word' id='word_1_210' title='bbox 1359 1664 1437 1688; x_wconf 88' lang='lat' dir='ltr'>non</span> 
     </span>
     <span class='ocr_line' id='line_1_27' title="bbox 101 1706 1437 1757; baseline 0 -13"><span class='ocrx_word' id='word_1_211' title='bbox 101 1707 260 1757; x_wconf 77' lang='lat' dir='ltr'>vigore,</span> <span class='ocrx_word' id='word_1_212' title='bbox 291 1713 381 1744; x_wconf 86' lang='lat' dir='ltr'>actu</span> <span class='ocrx_word' id='word_1_213' title='bbox 406 1707 638 1756; x_wconf 82' lang='lat' dir='ltr'>elanguens,</span> <span class='ocrx_word' id='word_1_214' title='bbox 676 1719 752 1743; x_wconf 88' lang='lat' dir='ltr'>non</span> <span class='ocrx_word' id='word_1_215' title='bbox 778 1713 897 1751; x_wconf 92' lang='lat' dir='ltr'>statu,</span> <span class='ocrx_word' id='word_1_216' title='bbox 936 1707 1208 1752; x_wconf 86' lang='lat' dir='ltr'>constantiam,</span> <span class='ocrx_word' id='word_1_217' title='bbox 1245 1720 1323 1745; x_wconf 87' lang='lat' dir='ltr'>non</span> <span class='ocrx_word' id='word_1_218' title='bbox 1346 1706 1437 1744; x_wconf 87' lang='lat' dir='ltr'>sub·</span> 
     </span>
     <span class='ocr_line' id='line_1_28' title="bbox 103 1761 1434 1814; baseline 0.002 -14"><span class='ocrx_word' id='word_1_219' title='bbox 103 1763 283 1813; x_wconf 71' lang='lat' dir='ltr'>stantiam</span> <span class='ocrx_word' id='word_1_220' title='bbox 308 1761 550 1813; x_wconf 82' lang='lat' dir='ltr'>decoquens,</span> <span class='ocrx_word' id='word_1_221' title='bbox 583 1763 671 1813; x_wconf 85' lang='lat' dir='ltr'>quia</span> <span class='ocrx_word' id='word_1_222' title='bbox 697 1774 922 1813; x_wconf 89' lang='lat' dir='ltr'>comparere</span> <span class='ocrx_word' id='word_1_223' title='bbox 949 1769 1087 1808; x_wconf 88' lang='lat' dir='ltr'>cessat,</span> <span class='ocrx_word' id='word_1_224' title='bbox 1120 1776 1196 1800; x_wconf 90' lang='lat' dir='ltr'>non</span> <span class='ocrx_word' id='word_1_225' title='bbox 1222 1763 1311 1814; x_wconf 85' lang='lat' dir='ltr'>quia</span> <span class='ocrx_word' id='word_1_226' title='bbox 1334 1776 1434 1802; x_wconf 86' lang='lat' dir='ltr'>esse.</span> 
     </span>
     <span class='ocr_line' id='line_1_29' title="bbox 105 1817 1436 1870; baseline 0.001 -12"><span class='ocrx_word' id='word_1_227' title='bbox 105 1817 173 1858; x_wconf 89' lang='lat' dir='ltr'>Sic</span> <span class='ocrx_word' id='word_1_228' title='bbox 193 1825 234 1858; x_wconf 84' lang='lat' dir='ltr'>et</span> <span class='ocrx_word' id='word_1_229' title='bbox 252 1817 387 1870; x_wconf 77' lang='lat' dir='ltr'>rapida</span> <span class='ocrx_word' id='word_1_230' title='bbox 412 1831 585 1870; x_wconf 86' lang='lat' dir='ltr'>quaeque</span> <span class='ocrx_word' id='word_1_231' title='bbox 611 1831 727 1864; x_wconf 86' lang='lat' dir='ltr'>mors,</span> <span class='ocrx_word' id='word_1_232' title='bbox 752 1825 794 1856; x_wconf 93' lang='lat' dir='ltr'>ut</span> <span class='ocrx_word' id='word_1_233' title='bbox 819 1819 1010 1856; x_wconf 90' lang='lat' dir='ltr'>cervicum</span> <span class='ocrx_word' id='word_1_234' title='bbox 1035 1820 1182 1865; x_wconf 84' lang='lat' dir='ltr'>messis,</span> <span class='ocrx_word' id='word_1_235' title='bbox 1207 1820 1327 1859; x_wconf 90' lang='lat' dir='ltr'>semel</span> <span class='ocrx_word' id='word_1_236' title='bbox 1351 1827 1436 1859; x_wconf 87' lang='lat' dir='ltr'>tan-</span> 
     </span>
     <span class='ocr_line' id='line_1_30' title="bbox 103 1875 1434 1927; baseline 0.001 -12"><span class='ocrx_word' id='word_1_237' title='bbox 103 1876 343 1915; x_wconf 77' lang='lat' dir='ltr'>tamianuam</span> <span class='ocrx_word' id='word_1_238' title='bbox 358 1875 543 1927; x_wconf 88' lang='lat' dir='ltr'>pandens,</span> <span class='ocrx_word' id='word_1_239' title='bbox 566 1882 607 1913; x_wconf 90' lang='lat' dir='ltr'>ut</span> <span class='ocrx_word' id='word_1_240' title='bbox 625 1876 758 1913; x_wconf 89' lang='lat' dir='ltr'>ruinae</span> <span class='ocrx_word' id='word_1_241' title='bbox 778 1876 835 1913; x_wconf 85' lang='lat' dir='ltr'>vis</span> <span class='ocrx_word' id='word_1_242' title='bbox 848 1875 968 1914; x_wconf 85' lang='lat' dir='ltr'>semel</span> <span class='ocrx_word' id='word_1_243' title='bbox 988 1877 1115 1915; x_wconf 90' lang='lat' dir='ltr'>omnia</span> <span class='ocrx_word' id='word_1_244' title='bbox 1126 1877 1258 1916; x_wconf 85' lang='lat' dir='ltr'>vitalia</span> <span class='ocrx_word' id='word_1_245' title='bbox 1272 1876 1434 1924; x_wconf 86' lang='lat' dir='ltr'>elidens,</span> 
     </span>
     <span class='ocr_line' id='line_1_31' title="bbox 105 1932 1438 1986; baseline 0.001 -14"><span class='ocrx_word' id='word_1_246' title='bbox 105 1939 148 1972; x_wconf 90' lang='lat' dir='ltr'>ut</span> <span class='ocrx_word' id='word_1_247' title='bbox 170 1932 387 1985; x_wconf 84' lang='lat' dir='ltr'>apoplexis,</span> <span class='ocrx_word' id='word_1_248' title='bbox 412 1933 576 1971; x_wconf 87' lang='lat' dir='ltr'>interior</span> <span class='ocrx_word' id='word_1_249' title='bbox 599 1933 723 1979; x_wconf 89' lang='lat' dir='ltr'>ruina,</span> <span class='ocrx_word' id='word_1_250' title='bbox 755 1932 895 1971; x_wconf 84' lang='lat' dir='ltr'>nullam</span> <span class='ocrx_word' id='word_1_251' title='bbox 920 1933 1069 1972; x_wconf 90' lang='lat' dir='ltr'>animae</span> <span class='ocrx_word' id='word_1_252' title='bbox 1094 1947 1238 1972; x_wconf 80' lang='lat' dir='ltr'>moram</span> <span class='ocrx_word' id='word_1_253' title='bbox 1264 1942 1438 1986; x_wconf 87' lang='lat' dir='ltr'>praestat</span> 
     </span>
     <span class='ocr_line' id='line_1_32' title="bbox 103 1989 1437 2044; baseline 0.001 -14"><span class='ocrx_word' id='word_1_254' title='bbox 103 2003 177 2031; x_wconf 83' lang='lat' dir='ltr'>uec</span> <span class='ocrx_word' id='word_1_255' title='bbox 208 1989 418 2030; x_wconf 87' lang='lat' dir='ltr'>discessum</span> <span class='ocrx_word' id='word_1_256' title='bbox 449 1991 534 2028; x_wconf 88' lang='lat' dir='ltr'>eius</span> <span class='ocrx_word' id='word_1_257' title='bbox 563 1991 602 2028; x_wconf 90' lang='lat' dir='ltr'>in</span> <span class='ocrx_word' id='word_1_258' title='bbox 633 1997 825 2038; x_wconf 82' lang='lat' dir='ltr'>momenta</span> <span class='ocrx_word' id='word_1_259' title='bbox 856 1989 1079 2029; x_wconf 86' lang='lat' dir='ltr'>discruciat.</span> <span class='ocrx_word' id='word_1_260' title='bbox 1137 1990 1192 2030; x_wconf 81' lang='lat' dir='ltr'>At</span> <span class='ocrx_word' id='word_1_261' title='bbox 1221 1991 1288 2030; x_wconf 81' lang='lat' dir='ltr'>ubi</span> <span class='ocrx_word' id='word_1_262' title='bbox 1317 1993 1437 2044; x_wconf 88' lang='lat' dir='ltr'>longa</span> 
     </span>
     <span class='ocr_line' id='line_1_33' title="bbox 103 2046 1437 2100; baseline 0.001 -13"><span class='ocrx_word' id='word_1_263' title='bbox 103 2060 220 2095; x_wconf 68' lang='lat' dir='ltr'>mors,</span> <span class='ocrx_word' id='word_1_264' title='bbox 247 2055 361 2100; x_wconf 87' lang='lat' dir='ltr'>prout</span> <span class='ocrx_word' id='word_1_265' title='bbox 385 2047 577 2087; x_wconf 89' lang='lat' dir='ltr'>deseritur</span> <span class='ocrx_word' id='word_1_266' title='bbox 600 2048 739 2094; x_wconf 85' lang='lat' dir='ltr'>anima,</span> <span class='ocrx_word' id='word_1_267' title='bbox 764 2048 818 2086; x_wconf 84' lang='lat' dir='ltr'>ita</span> <span class='ocrx_word' id='word_1_268' title='bbox 843 2055 883 2086; x_wconf 88' lang='lat' dir='ltr'>et</span> <span class='ocrx_word' id='word_1_269' title='bbox 908 2046 1071 2095; x_wconf 79' lang='lat' dir='ltr'>deserit3</span> <span class='ocrx_word' id='word_1_270' title='bbox 1099 2062 1174 2088; x_wconf 87' lang='lat' dir='ltr'>non</span> <span class='ocrx_word' id='word_1_271' title='bbox 1194 2055 1323 2089; x_wconf 85' lang='lat' dir='ltr'>tamen</span> <span class='ocrx_word' id='word_1_272' title='bbox 1342 2063 1437 2088; x_wconf 87' lang='lat' dir='ltr'>con-</span> 
     </span>
     <span class='ocr_line' id='line_1_34' title="bbox 105 2103 1436 2158; baseline 0.001 -14"><span class='ocrx_word' id='word_1_273' title='bbox 105 2103 248 2144; x_wconf 85' lang='lat' dir='ltr'>ciditur</span> <span class='ocrx_word' id='word_1_274' title='bbox 266 2105 340 2144; x_wconf 83' lang='lat' dir='ltr'>hae</span> <span class='ocrx_word' id='word_1_275' title='bbox 365 2105 479 2151; x_wconf 76' lang='lat' dir='ltr'>facie,</span> <span class='ocrx_word' id='word_1_276' title='bbox 506 2103 575 2143; x_wconf 88' lang='lat' dir='ltr'>sed</span> <span class='ocrx_word' id='word_1_277' title='bbox 599 2105 827 2152; x_wconf 78' lang='lat' dir='ltr'>extrahitur,</span> <span class='ocrx_word' id='word_1_278' title='bbox 852 2112 893 2144; x_wconf 88' lang='lat' dir='ltr'>et</span> <span class='ocrx_word' id='word_1_279' title='bbox 917 2103 1004 2144; x_wconf 90' lang='lat' dir='ltr'>dum</span> <span class='ocrx_word' id='word_1_280' title='bbox 1030 2106 1256 2153; x_wconf 77' lang='lat' dir='ltr'>extrahitur,</span> <span class='ocrx_word' id='word_1_281' title='bbox 1283 2113 1436 2158; x_wconf 82' lang='lat' dir='ltr'>postre-</span> 
     </span>
     <span class='ocr_line' id='line_1_35' title="bbox 106 2160 1435 2215; baseline 0 -14"><span class='ocrx_word' id='word_1_282' title='bbox 106 2162 275 2201; x_wconf 84' lang='lat' dir='ltr'>mitatem</span> <span class='ocrx_word' id='word_1_283' title='bbox 305 2175 411 2200; x_wconf 86' lang='lat' dir='ltr'>suam</span> <span class='ocrx_word' id='word_1_284' title='bbox 442 2169 591 2214; x_wconf 76' lang='lat' dir='ltr'>partem</span> <span class='ocrx_word' id='word_1_285' title='bbox 613 2160 737 2200; x_wconf 88' lang='lat' dir='ltr'>videri</span> <span class='ocrx_word' id='word_1_286' title='bbox 767 2162 873 2201; x_wconf 79' lang='lat' dir='ltr'>facit.</span> <span class='ocrx_word' id='word_1_287' title='bbox 934 2162 1024 2201; x_wconf 83' lang='lat' dir='ltr'>Non</span> <span class='ocrx_word' id='word_1_288' title='bbox 1050 2165 1171 2202; x_wconf 89' lang='lat' dir='ltr'>omnis</span> <span class='ocrx_word' id='word_1_289' title='bbox 1196 2170 1321 2202; x_wconf 82' lang='lat' dir='ltr'>autem</span> <span class='ocrx_word' id='word_1_290' title='bbox 1346 2176 1435 2215; x_wconf 85' lang='lat' dir='ltr'>pars</span> 
     </span>
     <span class='ocr_line' id='line_1_36' title="bbox 105 2219 1435 2272; baseline 0.001 -15"><span class='ocrx_word' id='word_1_291' title='bbox 105 2220 234 2258; x_wconf 79' lang='lat' dir='ltr'>statim</span> <span class='ocrx_word' id='word_1_292' title='bbox 258 2225 300 2257; x_wconf 87' lang='lat' dir='ltr'>et</span> <span class='ocrx_word' id='word_1_293' title='bbox 324 2219 495 2258; x_wconf 84' lang='lat' dir='ltr'>abscissa</span> <span class='ocrx_word' id='word_1_294' title='bbox 530 2225 608 2266; x_wconf 86' lang='lat' dir='ltr'>est,</span> <span class='ocrx_word' id='word_1_295' title='bbox 646 2219 734 2271; x_wconf 85' lang='lat' dir='ltr'>qnia</span> <span class='ocrx_word' id='word_1_296' title='bbox 769 2226 927 2271; x_wconf 86' lang='lat' dir='ltr'>postera</span> <span class='ocrx_word' id='word_1_297' title='bbox 963 2227 1034 2267; x_wconf 86' lang='lat' dir='ltr'>est,</span> <span class='ocrx_word' id='word_1_298' title='bbox 1072 2233 1144 2259; x_wconf 88' lang='lat' dir='ltr'>nec</span> <span class='ocrx_word' id='word_1_299' title='bbox 1177 2221 1263 2272; x_wconf 88' lang='lat' dir='ltr'>quia</span> <span class='ocrx_word' id='word_1_300' title='bbox 1294 2221 1435 2271; x_wconf 82' lang='lat' dir='ltr'>exigua</span> 
     </span>
     <span class='ocr_line' id='line_1_37' title="bbox 105 2275 1433 2329; baseline 0 -14"><span class='ocrx_word' id='word_1_301' title='bbox 105 2283 179 2323; x_wconf 84' lang='lat' dir='ltr'>est,</span> <span class='ocrx_word' id='word_1_302' title='bbox 209 2277 335 2315; x_wconf 85' lang='lat' dir='ltr'>statim</span> <span class='ocrx_word' id='word_1_303' title='bbox 360 2283 401 2314; x_wconf 90' lang='lat' dir='ltr'>et</span> <span class='ocrx_word' id='word_1_304' title='bbox 424 2278 506 2328; x_wconf 84' lang='lat' dir='ltr'>ipsa</span> <span class='ocrx_word' id='word_1_305' title='bbox 531 2277 705 2328; x_wconf 87' lang='lat' dir='ltr'>peritura</span> <span class='ocrx_word' id='word_1_306' title='bbox 729 2283 801 2316; x_wconf 86' lang='lat' dir='ltr'>est.</span> <span class='ocrx_word' id='word_1_307' title='bbox 850 2275 1034 2329; x_wconf 79' lang='lat' dir='ltr'>Sequitur</span> <span class='ocrx_word' id='word_1_308' title='bbox 1056 2279 1195 2316; x_wconf 88' lang='lat' dir='ltr'>seriem</span> <span class='ocrx_word' id='word_1_309' title='bbox 1220 2290 1309 2315; x_wconf 91' lang='lat' dir='ltr'>suus</span> <span class='ocrx_word' id='word_1_310' title='bbox 1334 2277 1433 2322; x_wconf 84' lang='lat' dir='ltr'>finis,</span> 
     </span>
     <span class='ocr_line' id='line_1_38' title="bbox 107 2333 1432 2386; baseline 0.001 -14"><span class='ocrx_word' id='word_1_311' title='bbox 107 2340 147 2372; x_wconf 84' lang='lat' dir='ltr'>et</span> <span class='ocrx_word' id='word_1_312' title='bbox 171 2333 420 2372; x_wconf 79' lang='lat' dir='ltr'>mediocritas</span> <span class='ocrx_word' id='word_1_313' title='bbox 451 2333 616 2372; x_wconf 83' lang='lat' dir='ltr'>trabitur</span> <span class='ocrx_word' id='word_1_314' title='bbox 638 2333 689 2373; x_wconf 90' lang='lat' dir='ltr'>ad</span> <span class='ocrx_word' id='word_1_315' title='bbox 712 2347 875 2380; x_wconf 83' lang='lat' dir='ltr'>summa,</span> <span class='ocrx_word' id='word_1_316' title='bbox 907 2341 949 2373; x_wconf 88' lang='lat' dir='ltr'>et</span> <span class='ocrx_word' id='word_1_317' title='bbox 977 2335 1163 2386; x_wconf 86' lang='lat' dir='ltr'>reliquiae</span> <span class='ocrx_word' id='word_1_318' title='bbox 1194 2334 1432 2373; x_wconf 77' lang='lat' dir='ltr'>universitati</span> 
     </span>
     <span class='ocr_line' id='line_1_39' title="bbox 109 2390 1432 2443; baseline 0 -13"><span class='ocrx_word' id='word_1_319' title='bbox 109 2391 366 2431; x_wconf 86' lang='lat' dir='ltr'>cohaerentes</span> <span class='ocrx_word' id='word_1_320' title='bbox 378 2398 654 2443; x_wconf 63' lang='lat' dir='ltr'>exspectantur</span> <span class='ocrx_word' id='word_1_321' title='bbox 673 2391 720 2431; x_wconf 85' lang='lat' dir='ltr'>ab</span> <span class='ocrx_word' id='word_1_322' title='bbox 741 2391 819 2438; x_wconf 86' lang='lat' dir='ltr'>illa,</span> <span class='ocrx_word' id='word_1_323' title='bbox 845 2404 922 2429; x_wconf 88' lang='lat' dir='ltr'>non</span> <span class='ocrx_word' id='word_1_324' title='bbox 942 2390 1268 2443; x_wconf 83' lang='lat' dir='ltr'>derelinquuntur.</span> <span class='ocrx_word' id='word_1_325' title='bbox 1304 2391 1432 2443; x_wconf 88' lang='lat' dir='ltr'>Atque</span> 
     </span>
     <span class='ocr_line' id='line_1_40' title="bbox 107 2448 1433 2499; baseline 0.001 -13"><span class='ocrx_word' id='word_1_326' title='bbox 107 2449 163 2487; x_wconf 91' lang='lat' dir='ltr'>ita</span> <span class='ocrx_word' id='word_1_327' title='bbox 188 2450 307 2488; x_wconf 90' lang='lat' dir='ltr'>ausim</span> <span class='ocrx_word' id='word_1_328' title='bbox 333 2448 478 2495; x_wconf 88' lang='lat' dir='ltr'>dicere,</span> <span class='ocrx_word' id='word_1_329' title='bbox 505 2449 621 2487; x_wconf 88' lang='lat' dir='ltr'>totius</span> <span class='ocrx_word' id='word_1_330' title='bbox 644 2449 813 2487; x_wconf 87' lang='lat' dir='ltr'>ultimum</span> <span class='ocrx_word' id='word_1_331' title='bbox 834 2455 955 2486; x_wconf 88' lang='lat' dir='ltr'>totum</span> <span class='ocrx_word' id='word_1_332' title='bbox 977 2455 1047 2494; x_wconf 87' lang='lat' dir='ltr'>est,</span> <span class='ocrx_word' id='word_1_333' title='bbox 1075 2450 1174 2499; x_wconf 86' lang='lat' dir='ltr'>quia,</span> <span class='ocrx_word' id='word_1_334' title='bbox 1202 2448 1294 2486; x_wconf 88' lang='lat' dir='ltr'>licet</span> <span class='ocrx_word' id='word_1_335' title='bbox 1312 2449 1433 2487; x_wconf 88' lang='lat' dir='ltr'>miuus</span> 
     </span>
     <span class='ocr_line' id='line_1_41' title="bbox 107 2504 1432 2559; baseline 0 -15"><span class='ocrx_word' id='word_1_336' title='bbox 107 2513 222 2559; x_wconf 83' lang='lat' dir='ltr'>atque</span> <span class='ocrx_word' id='word_1_337' title='bbox 247 2507 438 2559; x_wconf 86' lang='lat' dir='ltr'>posterius</span> <span class='ocrx_word' id='word_1_338' title='bbox 464 2507 524 2553; x_wconf 81' lang='lat' dir='ltr'>sit,</span> <span class='ocrx_word' id='word_1_339' title='bbox 551 2506 668 2557; x_wconf 87' lang='lat' dir='ltr'>ipsius</span> <span class='ocrx_word' id='word_1_340' title='bbox 693 2512 764 2544; x_wconf 91' lang='lat' dir='ltr'>est.</span> <span class='ocrx_word' id='word_1_341' title='bbox 825 2504 922 2543; x_wconf 87' lang='lat' dir='ltr'>Hinc</span> <span class='ocrx_word' id='word_1_342' title='bbox 949 2504 1111 2557; x_wconf 88' lang='lat' dir='ltr'>denique</span> <span class='ocrx_word' id='word_1_343' title='bbox 1138 2506 1284 2551; x_wconf 86' lang='lat' dir='ltr'>evenit,</span> <span class='ocrx_word' id='word_1_344' title='bbox 1315 2518 1432 2557; x_wconf 87' lang='lat' dir='ltr'>saepe</span> 
     </span>
     <span class='ocr_line' id='line_1_42' title="bbox 108 2562 1431 2616; baseline 0 -15"><span class='ocrx_word' id='word_1_345' title='bbox 108 2564 270 2602; x_wconf 83' lang='lat' dir='ltr'>animam</span> <span class='ocrx_word' id='word_1_346' title='bbox 295 2565 334 2603; x_wconf 92' lang='lat' dir='ltr'>in</span> <span class='ocrx_word' id='word_1_347' title='bbox 359 2565 442 2616; x_wconf 87' lang='lat' dir='ltr'>ipso</span> <span class='ocrx_word' id='word_1_348' title='bbox 469 2563 633 2602; x_wconf 79' lang='lat' dir='ltr'>divortio</span> <span class='ocrx_word' id='word_1_349' title='bbox 659 2563 852 2615; x_wconf 87' lang='lat' dir='ltr'>potentius</span> <span class='ocrx_word' id='word_1_350' title='bbox 877 2563 1016 2613; x_wconf 85' lang='lat' dir='ltr'>agitari</span> <span class='ocrx_word' id='word_1_351' title='bbox 1037 2562 1263 2602; x_wconf 85' lang='lat' dir='ltr'>sollicitiore</span> <span class='ocrx_word' id='word_1_352' title='bbox 1284 2562 1431 2610; x_wconf 87' lang='lat' dir='ltr'>obtutu,</span> 
     </span>
    </p>
   </div>
  </div>
 </body>
</html>
