1604 2800
624 167 700 200 DE
733 167 935 200 Axima.
1346 170 1450 209 135

118 265 247 299 autem
272 260 439 299 animum
461 261 518 298 ita
542 258 704 300 dicimus
730 263 879 300 animae
906 268 1149 309 concretum,
1181 275 1259 301 non
1289 270 1331 303 ut
1359 265 1450 305 sub·

117 317 259 357 stantia
281 317 411 364 alium,
435 315 506 356 sed
528 325 572 356 ut
595 319 829 358 substantiae
856 319 1032 358 officium.

235 378 301 417 13.
360 373 425 414 Ad
448 375 523 415 hoc
556 374 749 428 dispicere
779 384 974 429 superest,
1005 378 1270 430 principalitas
1295 378 1359 418 ubi
1383 382 1447 430 sit,

116 430 158 471 id
181 438 256 479 cst,
282 431 373 485 quid
386 433 423 482 ¹)
451 433 513 471 cui
536 441 707 485 praeest,
730 441 773 473 ut
797 436 905 473 cuius
928 436 1193 488 principalitas
1211 439 1447 489 apparuerit,

116 489 184 529 illa
212 490 264 528 sit
291 489 527 529 substantiae
558 504 702 539 massa,
734 491 773 530 id
797 499 944 540 autem,
977 494 1038 531 cui
1063 507 1188 533 massa
1211 495 1448 535 substantiae

114 547 299 600 praeerit,
331 548 371 586 in
395 547 559 587 officium
584 550 759 588 naturale
784 550 1020 589 substantiae
1045 549 1265 604 deputetur.
1316 551 1448 592 Enim-

114 617 209 644 vero
235 605 318 658 quis
342 618 420 643 non
445 606 595 644 animae
621 606 729 645 dabit
752 621 931 646 summam
958 621 1128 656 omnem,
1162 610 1268 648 cuius
1294 612 1447 650 nomine

114 663 233 701 totius
262 661 427 701 hominis
457 664 601 702 mentio
631 665 783 703 titulata
808 667 892 703 est?
950 664 1119 713 Quantas
1143 667 1288 705 animas
1311 680 1446 718 pasco,

114 720 170 758 ait
193 718 321 766 dives,
353 733 430 758 non
460 721 628 767 animos,
661 729 702 760 et
730 723 876 760 animas
906 722 1032 760 salvas
1064 730 1174 774 optat
1196 723 1446 774 gubernator,

113 789 191 815 non
215 778 376 823 animos,
402 784 444 815 et
461 778 627 816 rusticus
647 779 685 815 in
707 791 841 830 opere,
867 786 908 817 et
925 779 964 816 in
982 780 1136 830 proelio
1155 780 1266 818 miles
1284 781 1448 819 animam

112 846 176 880 se,
206 846 284 872 non
308 834 485 880 animum,
510 846 658 885 ponere
683 834 856 873 affirmat.
918 835 1036 874 Cuius
1059 837 1317 875 nominatiora
1341 838 1448 889 peri-

113 890 201 930 cula
230 897 298 929 ant
326 898 415 929 vota
446 897 553 938 sunt,
584 892 700 930 animi
725 905 774 930 an
799 893 976 931 animae?
1042 892 1142 941 Quid
1174 901 1300 933 autem
1326 907 1447 946 agere

111 946 295 987 dicuntur
328 947 565 995 moribundi,
603 950 765 987 animum
796 963 846 988 an
877 951 1065 988 animam?
1136 950 1214 1003 Ipsi
1249 958 1445 1003 postremo

110 1005 331 1058 philosophi
354 1006 503 1058 ipsique
528 1005 688 1052 medici,
721 1008 890 1058 quamvis
915 1006 963 1045 de
988 1008 1115 1045 animo
1141 1020 1291 1060 quoque
1317 1008 1446 1060 dispu-

110 1070 260 1110 tarent,
291 1063 431 1102 faciem
463 1069 589 1101 tamen
614 1064 744 1115 operis
769 1064 1010 1115 frontemque
1034 1065 1220 1102 materiae
1246 1064 1295 1103 de
1320 1066 1443 1103 anima

111 1121 368 1172 unusquisque
392 1120 634 1172 proscripsit.
679 1118 730 1158 Ut
753 1127 879 1158 autem
905 1127 945 1158 et
969 1133 993 1157 a
1017 1119 1092 1158 deo
1118 1120 1257 1167 diseas,
1283 1123 1445 1159 animam

113 1175 207 1216 deus
237 1189 391 1228 semper
421 1177 647 1227 alloquitur,
684 1177 846 1214 animam
884 1177 1092 1228 compellat
1120 1184 1234 1229 atque
1265 1177 1444 1225 advocat,

111 1241 156 1280 ut
173 1234 336 1272 animum
362 1233 436 1272 sibi
460 1232 648 1271 advertat.
686 1233 794 1272 Illam
819 1233 960 1272 salvam
984 1235 1090 1273 venit
1108 1234 1242 1273 facere
1257 1234 1444 1281 Christus,

111 1291 216 1330 illam
244 1289 413 1343 perdere
444 1292 483 1329 in
514 1290 729 1342 gehennam
762 1292 1032 1338 comminatur,
1070 1291 1174 1330 illam
1209 1292 1328 1344 pluris
1360 1292 1446 1331 fieri

111 1355 236 1395 vetat,
267 1348 370 1386 illam
397 1355 438 1386 et
460 1348 542 1400 ipse
573 1348 696 1386 bonus
724 1355 858 1400 pastor
887 1360 958 1399 pro
982 1347 1196 1400 pecudibus
1220 1350 1298 1387 suis
1321 1351 1443 1400 ponit.

114 1405 242 1445 Habes
272 1406 422 1445 animae
452 1405 796 1456 principalitatem,
829 1404 949 1443 habes
978 1405 1018 1443 in
1049 1405 1115 1443 illa
1145 1412 1186 1444 et
1209 1405 1445 1444 substantiae

110 1464 310 1510 unionem,
348 1463 455 1501 cuius
485 1462 696 1513 intelligam
720 1463 1012 1501 instrumentum
1038 1474 1123 1501 esse
1148 1463 1331 1510 animum,
1369 1476 1446 1501 non

111 1520 382 1573 patrocinium.

228 1579 295 1619 14.
356 1576 572 1629 Singularis
602 1578 772 1630 alioquin
797 1585 839 1617 et
860 1578 1023 1630 simplex
1046 1585 1087 1616 et
1111 1577 1159 1617 de
1185 1590 1254 1616 suo
1279 1585 1362 1617 tota
1387 1585 1447 1617 est

111 1648 189 1674 non
224 1635 345 1686 mag-is
381 1635 607 1673 instructilis
643 1634 797 1673 aliunde
823 1648 934 1686 quam
959 1634 1159 1673 divisibilis
1184 1647 1234 1672 ex
1257 1647 1319 1682 se,
1357 1636 1447 1687 quia

111 1705 184 1731 nec
209 1690 455 1731 dissolubilis.
517 1690 561 1728 Si
586 1692 686 1729 enim
711 1692 896 1728 structilis
920 1697 961 1728 et
984 1689 1236 1737 dissolubilis,
1268 1693 1342 1729 iam
1367 1704 1445 1728 non

111 1747 350 1787 immortalis.
388 1747 522 1797 Itaque
544 1748 633 1797 quia
651 1748 724 1784 iam
746 1760 823 1783 non
847 1746 1032 1791 mortalis,
1059 1759 1183 1797 neque
1209 1746 1443 1785 dissolubilis

111 1816 237 1856 neque
267 1802 481 1842 divisibilis.
553 1802 652 1839 Nam
684 1809 724 1840 et
755 1801 874 1839 dividi
911 1801 1068 1840 dissolvi
1100 1810 1178 1849 est,
1216 1810 1256 1842 et
1286 1802 1443 1842 dissolvi

112 1861 210 1900 mori
235 1867 308 1900 cst.
343 1858 536 1898 Dividitur
559 1865 688 1897 autem
714 1859 751 1895 in
777 1865 920 1910 partes,
939 1856 1045 1897 'nunc
1064 1860 1104 1897 in
1123 1858 1217 1898 duas
1231 1859 1443 1907 aPlatone,

112 1931 213 1958 nunc
243 1918 282 1956 in
313 1923 394 1955 tres
424 1930 448 1954 a
471 1916 650 1961 Zenone,
687 1928 787 1953 nunc
823 1916 863 1953 in
894 1916 1059 1968 quinque
1090 1924 1132 1955 et
1161 1918 1199 1955 in
1230 1930 1299 1956 sex
1322 1930 1345 1956 a
1370 1917 1445 1956 Pa-

113 1972 264 2022 naetio,
295 1981 338 2014 et
366 1975 404 2012 iu
428 1980 576 2039 septem
601 1986 624 2010 a
650 1970 822 2018 Sorano,
854 1973 967 2011 etiam
993 1974 1032 2011 in
1057 1980 1149 2012 octo
1172 1987 1294 2026 penes
1319 1973 1445 2027 Chry-

112 2034 278 2085 sippum,
316 2032 430 2070 etiam
468 2031 507 2068 in
544 2042 679 2068 novem
715 2042 835 2081 penes
864 2029 1191 2082 Apollophanem‚
1229 2031 1298 2070 sed
1335 2039 1376 2070 et
1404 2033 1444 2070 in

113 2088 251 2131 decem
273 2087 375 2140 apud
400 2085 583 2139 quosdam
609 2084 848 2131 Stoicorum,
886 2094 927 2126 et
956 2087 996 2126 in
1026 2086 1122 2126 duas
1151 2089 1311 2140 amplius
1341 2088 1445 2140 apud

112 2145 380 2191 Posidonium,
413 2145 475 2195 qui
501 2157 523 2181 a
548 2142 695 2199 duob-us
719 2157 880 2182 exorsus
905 2144 1043 2191 titulis,
1079 2146 1303 2213 principali,
1341 2145 1444 2197 quod

114 2203 221 2241 aiunt
242 2198 478 2254 ἡγεμονικὸν,
504 2207 545 2238 et
567 2213 591 2238 a
615 2201 807 2247 rationali,
839 2200 940 2252 quod
964 2203 1070 2240 aiunt
1093 2197 1258 2253 λογικὸν,
1283 2203 1321 2240 in
1347 2201 1443 2240 duo·

116 2259 293 2306 decim2)
326 2256 467 2297 exinde
498 2259 714 2309 prosecuit,
745 2258 799 2296 ita
828 2259 868 2295 in
898 2258 994 2296 alias
1019 2271 1069 2297 ex
1092 2259 1178 2296 aliis
1208 2258 1359 2323 species
1383 2257 1443 2296 di-

114 2316 247 2356 vidunt
277 2316 452 2354 animam.
521 2312 743 2352 Huiusmodi
774 2321 900 2353 autem
931 2328 1006 2353 non
1036 2322 1114 2353 tam
1138 2321 1269 2365 partes
1292 2316 1443 2353 animae

115 2373 373 2419 habebuntur,
413 2385 522 2423 quam
541 2372 660 2409 vvires
692 2378 733 2410 et
762 2370 956 2410 efficaciae
988 2379 1028 2410 et
1059 2383 1221 2423 operae,
1258 2372 1358 2411 sicut
1393 2370 1442 2411 de

208 2510 246 2554 1)
272 2511 346 2549 Rig.
377 2509 492 2548 quid;
530 2508 654 2539 ceteri:
687 2509 767 2547 qui.
886 2509 923 2547 2)
954 2508 1027 2538 cel.
1059 2507 1100 2537 in
1131 2507 1272 2539 decem
1301 2509 1344 2539 et
1371 2517 1442 2540 so-

116 2559 244 2597 ptem
270 2556 363 2589 Pam.
389 2554 479 2586 coni.
505 2554 545 2585 in
572 2554 810 2594 duodecim,
836 2554 1035 2585 1unius:in
1061 2553 1212 2584 decem.
