1566 2808
345 189 467 222 ADV.
502 189 867 221 MARCIONEM
901 190 1077 221 LIBER
1112 191 1138 222 Ι.
1356 189 1428 228 ὅθ

102 288 145 321 ut
168 280 310 335 probes
335 294 420 321 eum
446 294 551 328 esse,
588 295 660 334 per
690 295 786 334 quae
820 280 931 321 deum
962 282 1120 334 probari
1146 290 1320 336 oportet,
1356 297 1429 336 per

104 352 243 392 opera,
282 346 371 378 tunc
408 338 548 378 deinde
586 353 657 391 per
691 339 896 379 beneficia.
970 339 1097 379 Primo
1137 342 1235 379 enim
1274 344 1429 394 quaeri·

102 403 178 444 tur,
211 410 260 436 an
284 397 352 443 sit,
385 403 425 435 et
449 397 520 443 ita,
548 397 669 448 qualis
695 398 755 436 sit.
816 397 991 436 Alterum
1018 397 1066 436 de
1092 399 1291 451 operibus,
1330 400 1427 439 alte-

101 467 184 493 rum
211 452 260 494 de
282 453 484 492 beneficiis
512 453 608 503 [dci]
643 454 895 506 dignoscitur.
959 455 1139 494 Ceterum
1165 470 1242 494 non
1269 457 1355 508 quia
1381 458 1428 496 li-

99 509 259 561 berasse
296 510 439 550 dicitur
474 511 683 559 hominem,
723 512 813 550 idco
846 526 930 551 esse
963 526 1048 551 eum
1081 521 1251 561 constat,
1289 513 1358 552 sed
1396 516 1427 552 si

100 580 186 608 esse
213 569 450 615 constiterit,
488 575 578 606 tunc
605 576 645 607 et
670 570 855 608 liberasse
882 569 1053 617 dicetur,
1079 578 1120 609 ut
1145 578 1186 609 et
1209 585 1258 609 an
1285 571 1427 610 libera-

97 625 198 664 verit
224 633 396 673 constet,
424 627 512 678 quia
537 629 707 678 potuerit
733 635 773 666 et
797 640 883 666 esse
910 635 950 667 et
974 641 1050 666 non
1077 628 1277 666 liberasse.
1323 629 1428 676 Quo-

98 681 214 721 modo
239 696 335 735 ergo
362 684 450 735 quia
475 683 660 723 liberasse
687 683 850 731 dicetur,
878 687 993 723 etiam
1014 688 1099 723 esse
1119 684 1313 730 credetur,
1342 698 1427 725 cum

97 741 271 792 potnerit
308 747 347 779 et
384 753 469 779 esse
501 748 541 779 et
571 755 648 779 non
680 742 892 782 liberasse?
950 741 1064 780 Nunc
1095 742 1134 779 in
1159 741 1235 779 isto
1261 742 1426 780 articulo

96 795 144 835 ab
170 797 294 848 ignoti
321 795 384 835 dei
417 798 642 848 quaestione
675 797 843 837 deducta
873 800 965 837 satis
998 799 1201 845 constitit,
1227 805 1304 837 tam
1329 799 1428 837 nihil

95 853 201 892 illum
227 853 466 900 condidisse,
507 868 616 905 quam
642 854 821 892 debuisse
854 855 1095 901 condidisse,
1128 856 1183 893 uti
1210 869 1427 906 cognosce-

95 916 204 950 retur
228 923 279 950 ex
303 911 502 963 operibuS,
538 910 628 963 'quia
653 912 685 949 si
715 912 869 958 fuisset,
909 912 1096 962 cognosci
1134 911 1348 960 debuisset,
1387 920 1428 952 et

95 968 226 1020 utique
263 981 287 1007 a
323 967 535 1019 primordio
573 981 719 1016 rerum,
759 967 870 1007 deum
909 970 1009 1007 enim
1042 982 1118 1007 non
1155 968 1333 1008 decuisse
1371 971 1427 1008 la—

96 1026 230 1064 tuisse.
291 1024 509 1077 Regrediar
533 1038 694 1064 nccesse
727 1033 786 1064 est
811 1025 859 1064 ad
886 1027 1074 1078 originem
1101 1028 1336 1078 quaestionis
1362 1026 1427 1066 dei

94 1083 240 1135 ignoti,
277 1084 320 1121 ut
351 1090 505 1121 ceteros
537 1097 686 1134 quoque
718 1084 885 1122 ramulos
917 1084 998 1122 eius
1030 1085 1234 1122 excutiam.
1296 1084 1424 1122 Primo

97 1141 196 1179 enim
223 1140 356 1192 quaeri
382 1140 596 1192 oportebit,
624 1142 687 1191 qui
713 1148 850 1192 postea
874 1154 916 1179 se
941 1141 1148 1192 protulerit
1172 1142 1210 1178 in
1236 1142 1423 1187 notitiam,

97 1209 167 1236 cur
190 1203 327 1248 postea
352 1204 392 1235 et
418 1210 493 1234 non
518 1210 537 1235 a
566 1196 776 1248 primordio
803 1210 943 1243 rerum,
971 1197 1105 1248 quibus
1132 1199 1260 1248 utique
1287 1210 1426 1236 neces-

97 1254 239 1300 sarius,
278 1267 352 1306 qua
375 1253 488 1300 deus,
528 1261 568 1292 et
593 1253 743 1305 quidem
775 1255 928 1300 melior,
968 1267 1041 1305 quo
1069 1256 1331 1302 necessarior,
1370 1255 1425 1293 la-

97 1317 180 1350 tere
218 1324 294 1349 non
326 1310 482 1349 debuit?
540 1310 630 1349 Non
668 1312 766 1349 enim
799 1318 927 1363 potest
964 1310 1060 1358 dici,
1099 1325 1175 1349 non
1207 1313 1325 1350 fuisse
1357 1319 1424 1350 aut

98 1368 298 1407 materiam
319 1375 391 1406 vaut
416 1381 587 1406 caussam
614 1367 879 1418 cognoscendi
911 1367 1041 1414 deum,
1081 1381 1165 1406 cum
1192 1375 1231 1407 et
1262 1368 1376 1407 homo
1402 1383 1426 1407 a

95 1424 306 1479 primordio
344 1432 448 1463 essct
478 1425 516 1462 in
548 1425 700 1472 seculo,
740 1426 933 1463 cui-nunc
970 1425 1164 1471 subvenit,
1204 1432 1244 1463 et
1279 1426 1426 1464 malitia

97 1482 307 1529 creatoris,
345 1481 528 1520 adversus
566 1495 676 1534 quam
713 1489 755 1520 ut
789 1481 912 1520 bonus
949 1482 1137 1520 subvenit.
1199 1482 1323 1533 Igitur
1360 1490 1425 1521 aut

95 1540 291 1592 ignoravit
305 1547 345 1578 et
364 1553 536 1578 caussam
563 1547 602 1577 et
627 1540 824 1578 materiam
851 1552 942 1578 suae
968 1540 1217 1578 revelationis
1242 1553 1424 1579 necessa-

95 1599 200 1645 riae,
239 1604 306 1636 aut
342 1596 548 1649 dubitavit,
587 1603 653 1635 aut
689 1611 765 1636 non
790 1598 933 1649 potuit,
978 1604 1044 1635 aut
1079 1597 1215 1635 noluit.
1289 1597 1425 1636 Omnia

96 1655 194 1694 haec
232 1653 307 1693 deo
345 1653 522 1706 indigna,
562 1655 723 1693 maxime
762 1655 920 1706 optimo.
983 1653 1062 1692 Sed
1095 1661 1135 1693 et
1164 1654 1264 1692 hunc
1297 1654 1424 1693 locum

97 1712 189 1752 alibi
202 1711 440 1764 implebimus
461 1712 763 1764 exprobratione
778 1724 890 1751 serae
910 1712 1172 1758 revelationis,
1199 1712 1299 1750 sicut
1323 1725 1423 1750 nunc

98 1769 180 1808 sola
205 1768 546 1808 demonstratione.

216 1830 281 1868 18.
332 1825 574 1864 Processcrit
604 1839 676 1878 age
708 1827 781 1863 iam
814 1827 852 1864 in
885 1826 1078 1872 notitiam,
1106 1824 1256 1877 quando
1287 1825 1422 1872 voluit,

99 1881 250 1937 quando
277 1884 419 1935 potuit,
460 1881 610 1934 quando
637 1883 731 1921 hora
764 1884 891 1921 fatalis
916 1882 1091 1930 advenit3
1129 1883 1295 1921 fortasse
1321 1883 1422 1921 enim

97 1941 351 1980 Anabibazon
377 1941 414 1979 ei
440 1940 636 1987 obstabat,
674 1947 740 1978 aut
769 1941 919 1992 aliquae
945 1940 1162 1987 maleficae,
1196 1946 1262 1978 aut
1287 1938 1422 1977 Satur-

98 2012 168 2038 nus
205 1997 430 2051 quadratus,
469 2005 534 2036 aut
562 1997 667 2036 Mars
704 1999 890 2049 trigonus.
951 1997 1049 2037 Nam
1088 2004 1128 2036 et
1162 1997 1423 2035 mathematici

98 2057 298 2109 plurimum
322 2055 598 2109 Marcionitae,
636 2068 708 2094 nec
734 2056 809 2094 hoc
841 2055 1134 2101 erubescentes,
1173 2053 1220 2092 de
1246 2054 1338 2105 ipsis
1364 2060 1423 2092 et-

99 2114 173 2152 iam
200 2114 321 2152 stellis
351 2113 483 2152 vivere
517 2114 719 2152 creatoris.
779 2112 1038 2151 Tractandum
1070 2118 1110 2150 et
1141 2111 1203 2149 hic
1235 2110 1284 2149 de
1310 2123 1422 2149 reve-

100 2171 254 2210 lationis
273 2171 469 2222 qualitate,
496 2183 543 2208 an
564 2169 679 2222 digne
700 2171 876 2222 cognitus
897 2171 958 2217 sit,
983 2176 1026 2208 ut
1050 2175 1215 2215 constet,
1242 2181 1290 2206 an
1313 2181 1420 2213 vere,

100 2234 140 2266 et
175 2233 231 2266 ita
267 2227 449 2266 credatur
485 2241 589 2274 esse,
640 2241 750 2279 quem
787 2227 902 2278 digne
941 2226 1161 2266 constiterit
1196 2225 1419 2264 revelatum.

99 2284 227 2336 Digna
264 2286 365 2323 enim
401 2284 475 2323 deo
512 2285 730 2336 probabunt
767 2284 892 2324 deum.
953 2283 1036 2322 Nos
1072 2283 1271 2321 definimus
1309 2280 1421 2318 deum

98 2343 221 2395 primo
249 2349 383 2380 natura
409 2341 738 2392 cognoscendum,
766 2341 905 2381 deinde
931 2341 1108 2380 doctrina
1132 2350 1421 2390 recognoscen-

100 2399 207 2446 dum,
246 2406 382 2437 natura
419 2412 468 2436 ex
505 2400 704 2450 operibus,
755 2398 931 2437 doctrina
968 2411 1018 2436 ex
1053 2395 1419 2448 praedicationibus.

101 2455 181 2496 Sed
218 2457 279 2495 cui
317 2456 419 2494 nulla
444 2462 592 2508 xnatura
624 2462 699 2503 est,
738 2456 926 2494 naturalia
957 2456 1205 2493 instrumenta
1230 2466 1306 2491 non
1332 2466 1420 2505 sup-

99 2520 246 2566 petunt.
296 2513 401 2564 Ergo
427 2513 486 2550 vel
512 2511 865 2564 praedicationibus
890 2513 1167 2550 revelationem
1192 2511 1249 2549 sui
1276 2508 1419 2549 debue-

99 2578 161 2610 rat
191 2571 365 2623 operari,
398 2570 559 2608 maxime
586 2569 767 2609 adversus
793 2583 876 2609 eum
902 2567 1148 2616 revelandus,
1176 2568 1238 2620 qui
1262 2574 1303 2606 et
1327 2581 1419 2607 eon-
