1566 2808
139 181 249 218 10⁶
395 183 521 214 ADV.
556 174 922 212 MARCIONEM
957 179 1135 210 LIBER
1170 180 1212 210 ΙΙ.

135 274 269 313 soletis
307 273 499 312 affirmare
531 273 694 324 Moysen
732 271 806 311 deo
845 285 933 318 suo,
974 271 1286 323 deprecatorem,
1325 272 1401 309 imo
1428 278 1467 310 et

135 331 412 383 prohibitorem
446 332 540 369 irae.
601 329 691 368 Non
717 331 839 368 facies
866 331 984 376 enim,
1018 330 1156 381 inquit,
1191 327 1310 376 istud,
1337 335 1402 367 aut
1427 335 1467 367 et

137 402 194 426 me
220 401 294 427 una
323 401 405 425 cum
433 388 488 426 eis
514 386 704 438 impende.
765 386 976 439 Miserandi
1007 400 1076 426 vos
1109 399 1258 438 quoque
1286 399 1370 424 cum
1395 400 1465 438 po-

135 446 244 496 pulo,
285 446 347 496 qui
374 445 565 483 Christum
591 454 666 482 non
693 445 922 495 agnoscitis,
962 445 999 482 in
1025 447 1192 496 persona
1216 443 1343 496 Moysi
1369 443 1466 495 figu-

136 510 278 549 ratum,
311 503 432 554 patris
459 501 771 554 deprecatorem
789 509 830 540 et
860 501 1075 540 oblatorem
1102 502 1250 540 animae
1277 514 1368 540 suae
1394 514 1465 553 pro

135 560 267 611 populi
306 560 442 598 salute.
498 558 583 597 Sed
622 559 782 606 sufficit,
822 561 853 597 si
892 566 931 597 et
955 559 1082 611 Moysi
1114 560 1270 610 proprie
1303 558 1467 597 donatus

136 624 196 655 est
220 617 380 668 populus
407 616 454 655 ad
480 630 683 668 praesens,
724 616 824 668 quod
856 623 897 654 ut
921 617 1083 654 famulus
1114 617 1310 667 postulare
1336 622 1469 668 posset

136 688 158 711 a
197 673 370 721 domino,
410 673 447 712 id
475 674 648 713 dominus
687 688 709 712 a
747 687 788 712 se
814 674 1034 726 postulavit.
1095 672 1157 711 Ad
1184 673 1259 711 hoc
1285 675 1384 719 enim
1410 673 1468 711 fa·-

136 731 236 769 mulo
265 730 380 769 dixit:
409 732 489 769 sin'e
516 737 594 778 m‘c,
628 739 667 770 ct
693 730 909 783 disperdam
937 732 1042 778 illos,
1080 737 1122 768 ut
1146 731 1211 769 ille
1238 729 1467 783 postulando

137 796 178 827 et
202 796 324 826 semet
350 789 470 840 ipsum
499 788 699 827 offerendo
739 803 815 826 non
853 790 1016 835 sineret3
1056 795 1169 839 atque
1191 790 1255 827 ⁴ita
1281 787 1466 842 disceres,

137 853 316 898 quantum
342 846 462 884 liccat
488 845 592 884 fideli
620 853 659 884 et
684 846 897 898 prophetae
925 845 1024 897 apud
1052 842 1176 884 deum.

252 907 320 945 27.
383 903 460 941 Iam
501 917 618 953 nunc,
663 910 705 942 ut
742 911 781 941 et
819 911 952 942 cetera
991 901 1466 954 compendio.absolvam,

138 973 386 1012 quaecunque
414 960 537 999 adhuc
570 968 611 998 ut
635 961 772 1012 pusilla
798 968 837 999 et
862 961 1010 999 infirma
1037 967 1076 998 et
1101 959 1256 1011 indigna
1285 960 1468 1011 colligitis

136 1017 185 1056 ad
224 1017 525 1056 destructionem
558 1019 766 1065 creatoris,
806 1019 968 1069 simplici
1002 1025 1041 1056 et
1067 1025 1175 1056 certa
1201 1019 1352 1056 ratione
1379 1031 1469 1070 pro·-

136 1088 287 1126 ponam.
339 1075 460 1114 Deum
488 1090 562 1114 non
589 1076 758 1128 potuisse
785 1076 970 1114 humanos
997 1088 1230 1126 congressus
1256 1076 1367 1122 inire,
1395 1075 1470 1113 nisi

136 1132 321 1170 humanos
358 1140 398 1179 et
434 1146 567 1171 sensus
605 1141 645 1171 et
675 1133 836 1171 affectus
862 1134 1226 1186 suscepisseLQper
1263 1146 1357 1184 quos
1393 1133 1467 1171 vim

136 1189 348 1227 maiestatis
381 1203 471 1228 suae
505 1190 787 1228 intolerabilem
820 1191 950 1241 utique
984 1191 1169 1228 humanae
1209 1189 1469 1228 mediocritati

135 1246 349 1284 humilitate
383 1254 636 1299 temperaret,
675 1247 746 1285 sibi
780 1246 931 1298 quidem
958 1246 1134 1298 indigna,
1173 1246 1314 1285 homini
1342 1253 1468 1286 nutem

137 1305 377 1351 necessaria,
418 1312 457 1343 et
494 1306 547 1343 ita
579 1306 652 1343 iam
685 1304 759 1343 deo
793 1304 927 1356 digna,
967 1306 1053 1356 quia
1087 1305 1180 1343 nihil
1212 1311 1288 1344 tam
1314 1303 1473 1356 dignum

138 1361 232 1408 deo,
261 1375 370 1413 quam
398 1363 498 1411 salus
525 1362 700 1401 hominis.
762 1362 819 1400 De
847 1364 920 1401 isto
947 1362 1117 1414 pluribus
1133 1369 1411 1409 retractarem,
1438 1363 1470 1401 si

138 1432 223 1456 cum
249 1419 413 1457 ethnicis
439 1432 614 1470 agerem,
655 1432 878 1471 quamquam
905 1433 976 1458 nec
1005 1433 1089 1462 cum
1115 1420 1330 1458 haereticis⁴
1351 1420 1468 1458 multo

138 1474 288 1514 diversa
315 1482 392 1513 stet
418 1478 643 1527 congressio
660 1479 709 1526 ¹).
764 1477 957 1524 Quatenus
983 1484 1023 1515 et
1048 1478 1119 1528 ipsi
1145 1476 1256 1515 deum
1282 1478 1318 1515 in
1347 1477 1470 1528 figura

137 1539 177 1580 et
214 1534 250 1570 in
290 1534 439 1585 reliquo
480 1533 615 1573 ordine
653 1535 840 1572 humanae
875 1533 1109 1573 conditionis
1136 1533 1367 1573 diversatum
1394 1535 1469 1573 iam

139 1589 379 1638 credidistis,
418 1604 494 1628 non
532 1593 698 1643 exigetis
736 1593 866 1643 utique
899 1591 1040 1629 diutius
1071 1591 1316 1643 persuaderi,
1357 1590 1469 1630 deum
1518 1607 1523 1615 ¹

138 1649 402 1687 conformasse
429 1656 550 1687 semet
570 1650 690 1701 ipsum
716 1649 953 1696 humanitati,
982 1648 1050 1687 sed
1077 1648 1124 1687 de
1150 1657 1278 1688 vestra
1306 1648 1380 1687 fide
1407 1662 1470 1688 re·-
1523 1654 1526 1658 ’

136 1706 355 1744 vincimini.
398 1704 439 1747 Si
466 1707 564 1744 enim
593 1706 706 1753 deus,
734 1714 774 1746 et
800 1706 949 1758 quidem
977 1707 1195 1754 sublimior,
1218 1714 1322 1745 tanta
1348 1707 1471 1751 humi-

137 1762 246 1801 litate
272 1763 467 1814 fastigium
498 1765 709 1802 maiestatis
741 1778 832 1803 suae
864 1765 1019 1811 stravit,
1057 1771 1099 1802 ut
1136 1765 1250 1802 etiam
1274 1765 1397 1802 ιιιοιῑί
1428 1777 1471 1804 se

138 1819 412 1868 subiiceret2),
451 1828 490 1859 et
528 1823 642 1860 morti
668 1823 813 1870 crucis3
853 1835 923 1867 cur
947 1835 1022 1860 non
1049 1823 1190 1874 putetis
1216 1826 1348 1867 nos'trQ
1363 1834 1471 1873 fluo-

138 1890 210 1928 que
238 1876 311 1916 deo
338 1879 485 1930 aliquas
511 1880 740 1931 pusillitates
762 1879 1000 1930 congruisse,
1031 1880 1317 1919 toleiabiliores
1334 1885 1471 1918 tamen

138 1933 305 1972 Iudaicis
333 1938 575 1975 contumeliis
602 1944 642 1975 et
666 1938 846 1990 patibulis
873 1944 912 1976 et
937 1937 1151 1989 sepulcris?
1198 1936 1278 1975 An.
1285 1936 1358 1976 hae
1383 1943 1472 1975 sunt

138 1992 388 2043 pusillitates,
417 2007 513 2044 quae
540 1996 613 2033 iam
640 1995 909 2046 ptaeiudicare
938 1994 1153 2041 debebunt,
1182 1987 1373 2046 Christum
1401 1993 1476 2032 hu-,

138 2050 270 2087 manis
296 2051 536 2100 passionibus
563 2052 754 2100 obiectum
786 2054 867 2092 eius
893 2052 955 2091 dei
981 2065 1086 2099 esse,
1125 2052 1186 2092 cui
1217 2051 1472 2090 humanitates

140 2107 472 2174 exprobrantura
497 2108 633 2147 vobis?
680 2110 778 2148 Nam
806 2118 846 2149 et
870 2110 1114 2176 profitemur,
1155 2109 1344 2147 Christum
1371 2112 1471 2146 sem—

139 2178 211 2218 per
235 2166 362 2216 egisse
388 2166 427 2203 in
454 2164 516 2204 dei
542 2167 662 2217 patiis
687 2168 859 2214 nomine,
899 2169 1018 2218 ipsum
1051 2167 1098 2206 ab
1118 2166 1234 2207 initio
1257 2178 1470 2213 conversa-

140 2230 230 2270 tum,
258 2225 378 2275 ipsum
406 2235 654 2274 congressum
682 2236 765 2262 cum
791 2225 1023 2275 patriarchis
1049 2231 1089 2263 ct
1113 2223 1325 2293 prophetis,
1353 2222 1487 2265 filium·
1546 2240 1548 2243 ·

143 2282 350 2327 creatoris,
378 2293 591 2319 selmonem
619 2282 718 2328 eius,
747 2295 855 2348 quem
889 2294 937 2319 ex
969 2288 1090 2320 semet
1116 2283 1199 2333 ipso
1231 2279 1467 2333 proferendo

143 2339 257 2376 lilium
284 2338 397 2384 fecit,
437 2345 477 2376 et
508 2337 647 2377 exinde
681 2339 782 2377 omni
814 2338 1056 2390 dispositioni
1089 2352 1180 2378 suae
1205 2338 1467 2389 voluntatique

236 2440 272 2482 1)
299 2444 350 2473 lta
366 2434 534 2474 Wouw.e
554 2443 627 2474 cod.
642 2443 776 2482 Ursini3
802 2443 908 2475 Rhen.
923 2444 974 2474 ed.
988 2445 1012 2477 1.
1040 2453 1101 2483 qu.
1127 2445 1168 2474 et
1193 2453 1222 2476 c.
1247 2443 1359 2474 haer.
1384 2451 1467 2472 non

144 2489 277 2520 multo
305 2489 559 2528 congressio
591 2491 687 2520 stet.
736 2490 811 2529 Rig.
839 2500 902 2529 qu.
929 2493 969 2521 et
995 2501 1023 2522 c.
1051 2491 1082 2520 h.
1113 2499 1192 2521 non
1215 2499 1266 2526 ιιι.
1297 2489 1468 2519 diversa

145 2544 284 2574 congr.
311 2537 410 2565 stet·
474 2565 478 2569 .
505 2536 541 2575 2)
567 2536 672 2566 Rhen.
688 2536 832 2574 aliique:
859 2530 985 2568 mor'ti
1013 2536 1271 2577 subiiceret,
1298 2533 1388 2573 quod
1409 2533 1471 2565 alit

143 2582 321 2610 mutarunt
336 2581 388 2611 in:
416 2591 460 2612 m.
481 2582 794 2616 subticeretur,
